Datetime,Price,Volume
2020-10-20 09:25:00.810,3.398,2800
2020-10-20 09:25:00.810,3.398,500
2020-10-20 09:25:00.810,3.398,19
2020-10-20 09:25:00.810,3.398,13181
2020-10-20 09:25:00.810,3.398,10000
2020-10-20 09:25:00.810,3.398,2900
2020-10-20 09:25:00.810,3.398,5000
2020-10-20 09:25:00.810,3.398,100
2020-10-20 09:25:00.810,3.398,100
2020-10-20 09:25:00.810,3.398,65019
2020-10-20 09:25:00.810,3.398,2000
2020-10-20 09:25:00.810,3.398,24200
2020-10-20 09:25:00.810,3.398,8781
2020-10-20 09:25:00.810,3.398,100
2020-10-20 09:25:00.810,3.398,100
2020-10-20 09:25:00.810,3.398,100
2020-10-20 09:25:00.810,3.398,100
2020-10-20 09:25:00.810,3.398,100
2020-10-20 09:25:00.810,3.398,100
2020-10-20 09:25:00.810,3.398,100
2020-10-20 09:25:00.810,3.398,100
2020-10-20 09:25:00.810,3.398,100
2020-10-20 09:25:00.810,3.398,319
2020-10-20 09:25:00.810,3.398,6400
2020-10-20 09:25:00.810,3.398,28100
2020-10-20 09:25:00.810,3.398,700
2020-10-20 09:25:00.810,3.398,600
2020-10-20 09:25:00.810,3.398,6000
2020-10-20 09:25:00.810,3.398,8600
2020-10-20 09:25:00.810,3.398,40781
2020-10-20 09:25:00.810,3.398,100
2020-10-20 09:25:00.810,3.398,700
2020-10-20 09:25:00.810,3.398,3000
2020-10-20 09:25:00.810,3.398,300
2020-10-20 09:25:00.810,3.398,100
2020-10-20 09:25:00.810,3.398,100
2020-10-20 09:25:00.810,3.398,100
2020-10-20 09:25:00.810,3.398,20000
2020-10-20 09:25:00.810,3.398,100
2020-10-20 09:25:00.810,3.398,300
2020-10-20 09:25:00.810,3.398,1500
2020-10-20 09:25:00.810,3.398,3200
2020-10-20 09:25:00.810,3.398,300
2020-10-20 09:25:00.810,3.398,100
2020-10-20 09:25:00.810,3.398,10000
2020-10-20 09:25:00.810,3.398,100
2020-10-20 09:25:00.810,3.398,1500
2020-10-20 09:25:00.810,3.398,100
2020-10-20 09:25:00.810,3.398,100
2020-10-20 09:25:00.810,3.398,5000
2020-10-20 09:25:00.810,3.398,2519
2020-10-20 09:25:00.810,3.398,481
2020-10-20 09:25:00.810,3.398,200
2020-10-20 09:25:00.810,3.398,19
2020-10-20 09:25:00.810,3.398,81
2020-10-20 09:25:00.810,3.398,300
2020-10-20 09:25:00.810,3.398,100
2020-10-20 09:25:00.810,3.398,2519
2020-10-20 09:25:00.810,3.398,500
2020-10-20 09:25:00.810,3.398,981
2020-10-20 09:25:00.810,3.398,100
2020-10-20 09:25:00.810,3.398,500
2020-10-20 09:25:00.810,3.398,3000
2020-10-20 09:25:00.810,3.398,10419
2020-10-20 09:25:00.810,3.398,67700
2020-10-20 09:25:00.810,3.398,11881
2020-10-20 09:25:00.810,3.398,200
2020-10-20 09:25:00.810,3.398,100
2020-10-20 09:25:00.810,3.398,10000
2020-10-20 09:25:00.810,3.398,200
2020-10-20 09:25:00.810,3.398,100
2020-10-20 09:25:00.810,3.398,100
2020-10-20 09:25:00.810,3.398,1000
2020-10-20 09:25:00.810,3.398,200
2020-10-20 09:25:00.810,3.398,100
2020-10-20 09:25:00.810,3.398,100
2020-10-20 09:25:00.810,3.398,43719
2020-10-20 09:25:00.810,3.398,36281
2020-10-20 09:25:00.810,3.398,4000
2020-10-20 09:25:00.810,3.398,27419
2020-10-20 09:25:00.810,3.398,67600
2020-10-20 09:25:00.810,3.398,300
2020-10-20 09:25:00.810,3.398,4681
2020-10-20 09:25:00.810,3.398,200
2020-10-20 09:25:00.810,3.398,100
2020-10-20 09:25:00.810,3.398,200
2020-10-20 09:25:00.810,3.398,4819
2020-10-20 09:25:00.810,3.398,2181
2020-10-20 09:25:00.810,3.398,2819
2020-10-20 09:25:00.810,3.398,40000
2020-10-20 09:25:00.810,3.398,13200
2020-10-20 09:25:00.810,3.398,6000
2020-10-20 09:25:00.810,3.398,10000
2020-10-20 09:25:00.810,3.398,4000
2020-10-20 09:25:00.810,3.398,23981
2020-10-20 09:25:00.810,3.398,3019
2020-10-20 09:25:00.810,3.398,1200
2020-10-20 09:25:00.810,3.398,11100
2020-10-20 09:25:00.810,3.398,14400
2020-10-20 09:25:00.810,3.398,10000
2020-10-20 09:25:00.810,3.398,60281
2020-10-20 09:25:00.810,3.398,200
2020-10-20 09:25:00.810,3.398,100
2020-10-20 09:25:00.810,3.398,7000
2020-10-20 09:25:00.810,3.398,14600
2020-10-20 09:25:00.810,3.398,1000
2020-10-20 09:25:00.810,3.398,44100
2020-10-20 09:25:00.810,3.398,100
2020-10-20 09:25:00.810,3.398,200
2020-10-20 09:25:00.810,3.398,100
2020-10-20 09:25:00.810,3.398,1000
2020-10-20 09:25:00.810,3.398,100
2020-10-20 09:25:00.810,3.398,800
2020-10-20 09:25:00.810,3.398,7000
2020-10-20 09:25:00.810,3.398,10000
2020-10-20 09:25:00.810,3.398,3000
2020-10-20 09:25:00.810,3.398,100000
2020-10-20 09:25:00.810,3.398,200
2020-10-20 09:25:00.810,3.398,100
2020-10-20 09:25:00.810,3.398,1000
2020-10-20 09:25:00.810,3.398,300
2020-10-20 09:25:00.810,3.398,5000
2020-10-20 09:25:00.810,3.398,7000
2020-10-20 09:25:00.810,3.398,67800
2020-10-20 09:25:00.810,3.398,100
2020-10-20 09:25:00.810,3.398,400
2020-10-20 09:25:00.810,3.398,200
2020-10-20 09:25:00.810,3.398,3000
2020-10-20 09:25:00.810,3.398,1000
2020-10-20 09:25:00.810,3.398,100
2020-10-20 09:25:00.810,3.398,1000
2020-10-20 09:25:00.810,3.398,2000
2020-10-20 09:25:00.810,3.398,3700
2020-10-20 09:25:00.810,3.398,11700
2020-10-20 09:25:00.810,3.398,500
2020-10-20 09:25:00.810,3.398,8800
2020-10-20 09:25:00.810,3.398,700
2020-10-20 09:25:00.810,3.398,2000
2020-10-20 09:25:00.810,3.398,100
2020-10-20 09:25:00.810,3.398,2900
2020-10-20 09:25:00.810,3.398,500
2020-10-20 09:25:00.810,3.398,5000
2020-10-20 09:25:00.810,3.398,200
2020-10-20 09:25:00.810,3.398,400
2020-10-20 09:25:00.810,3.398,1000
2020-10-20 09:25:00.810,3.398,1000
2020-10-20 09:25:00.810,3.398,20000
2020-10-20 09:25:00.810,3.398,100
2020-10-20 09:25:00.810,3.398,5000
2020-10-20 09:25:00.810,3.398,2000
2020-10-20 09:25:00.810,3.398,15000
2020-10-20 09:25:00.810,3.398,3000
2020-10-20 09:25:00.810,3.398,1000
2020-10-20 09:25:00.810,3.398,20000
2020-10-20 09:25:00.810,3.398,2000
2020-10-20 09:25:00.810,3.398,3000
2020-10-20 09:25:00.810,3.398,100
2020-10-20 09:25:00.810,3.398,100
2020-10-20 09:25:00.810,3.398,5000
2020-10-20 09:25:00.810,3.398,100
2020-10-20 09:25:00.810,3.398,5000
2020-10-20 09:25:00.810,3.398,20000
2020-10-20 09:25:00.810,3.398,1000
2020-10-20 09:25:00.810,3.398,300
2020-10-20 09:25:00.810,3.398,7000
2020-10-20 09:25:00.810,3.398,300
2020-10-20 09:25:00.810,3.398,5000
2020-10-20 09:25:00.810,3.398,23500
2020-10-20 09:25:00.810,3.398,300
2020-10-20 09:25:00.810,3.398,100
2020-10-20 09:25:00.810,3.398,500
2020-10-20 09:25:00.810,3.398,200
2020-10-20 09:25:00.810,3.398,100
2020-10-20 09:25:00.810,3.398,1000
2020-10-20 09:25:00.810,3.398,1000
2020-10-20 09:25:00.810,3.398,300
2020-10-20 09:25:00.810,3.398,5000
2020-10-20 09:25:00.810,3.398,55719
2020-10-20 09:25:00.810,3.398,144281
2020-10-20 09:25:00.810,3.398,7000
2020-10-20 09:25:00.810,3.398,10000
2020-10-20 09:25:00.810,3.398,300000
2020-10-20 09:25:00.810,3.398,128719
2020-10-20 09:25:00.810,3.398,2500
2020-10-20 09:25:00.810,3.398,8000
2020-10-20 09:25:00.810,3.398,26400
2020-10-20 09:25:00.810,3.398,2400
2020-10-20 09:25:00.810,3.398,131981
2020-10-20 09:25:00.810,3.398,270319
2020-10-20 09:25:00.810,3.398,1000
2020-10-20 09:25:00.810,3.398,10000
2020-10-20 09:25:00.810,3.398,200
2020-10-20 09:25:00.810,3.398,18481
2020-10-20 09:25:00.810,3.398,3000
2020-10-20 09:25:00.810,3.398,3000
2020-10-20 09:25:00.810,3.398,100
2020-10-20 09:25:00.810,3.398,5000
2020-10-20 09:25:00.810,3.398,3500
2020-10-20 09:25:00.810,3.398,500
2020-10-20 09:25:00.810,3.398,500
2020-10-20 09:25:00.810,3.398,3100
2020-10-20 09:25:00.810,3.398,200
2020-10-20 09:25:00.810,3.398,100
2020-10-20 09:25:00.810,3.398,1000
2020-10-20 09:25:00.810,3.398,5000
2020-10-20 09:25:00.810,3.398,100
2020-10-20 09:25:00.810,3.398,12000
2020-10-20 09:25:00.810,3.398,1300
2020-10-20 09:25:00.810,3.398,3100
2020-10-20 09:25:00.810,3.398,10000
2020-10-20 09:25:00.810,3.398,300
2020-10-20 09:25:00.810,3.398,14219
2020-10-20 09:30:00.070,3.399,20000
2020-10-20 09:30:00.070,3.399,50000
2020-10-20 09:30:00.070,3.399,27900
2020-10-20 09:30:00.070,3.399,26400
2020-10-20 09:30:00.070,3.399,500
2020-10-20 09:30:00.070,3.399,13200
2020-10-20 09:30:00.070,3.4,162000
2020-10-20 09:30:00.210,3.398,400
2020-10-20 09:30:00.280,3.398,28500
2020-10-20 09:30:00.370,3.398,10500
2020-10-20 09:30:00.370,3.398,20000
2020-10-20 09:30:00.520,3.399,3100
2020-10-20 09:30:00.520,3.398,26381
2020-10-20 09:30:00.520,3.398,1000
2020-10-20 09:30:00.520,3.398,5000
2020-10-20 09:30:00.520,3.398,3919
2020-10-20 09:30:00.550,3.398,5000
2020-10-20 09:30:00.590,3.398,300
2020-10-20 09:30:00.680,3.398,781
2020-10-20 09:30:00.680,3.398,1000
2020-10-20 09:30:00.680,3.398,7000
2020-10-20 09:30:00.680,3.398,8219
2020-10-20 09:30:00.680,3.398,200
2020-10-20 09:30:00.780,3.4,30000
2020-10-20 09:30:00.820,3.398,2000
2020-10-20 09:30:00.940,3.399,3400
2020-10-20 09:30:01.080,3.399,3000
2020-10-20 09:30:01.150,3.4,1300
2020-10-20 09:30:01.150,3.4,1000
2020-10-20 09:30:01.150,3.399,3000
2020-10-20 09:30:01.320,3.399,25300
2020-10-20 09:30:01.440,3.399,1700
2020-10-20 09:30:01.440,3.4,1000
2020-10-20 09:30:01.520,3.399,3000
2020-10-20 09:30:01.720,3.399,23600
2020-10-20 09:30:01.860,3.399,20000
2020-10-20 09:30:01.900,3.399,20000
2020-10-20 09:30:01.900,3.4,300000
2020-10-20 09:30:01.950,3.399,300
2020-10-20 09:30:01.950,3.4,5000
2020-10-20 09:30:02.000,3.399,30000
2020-10-20 09:30:02.000,3.399,1000
2020-10-20 09:30:02.000,3.4,900
2020-10-20 09:30:02.000,3.399,15000
2020-10-20 09:30:02.040,3.399,10000
2020-10-20 09:30:02.040,3.399,1500
2020-10-20 09:30:02.040,3.4,233800
2020-10-20 09:30:02.040,3.4,2000
2020-10-20 09:30:02.040,3.4,20600
2020-10-20 09:30:02.040,3.4,13900
2020-10-20 09:30:02.040,3.4,3000
2020-10-20 09:30:02.040,3.4,100
2020-10-20 09:30:02.040,3.4,3700
2020-10-20 09:30:02.040,3.4,200
2020-10-20 09:30:02.040,3.4,22700
2020-10-20 09:30:02.040,3.4,4700
2020-10-20 09:30:02.040,3.4,600
2020-10-20 09:30:02.040,3.4,300
2020-10-20 09:30:02.040,3.4,20000
2020-10-20 09:30:02.130,3.401,5700
2020-10-20 09:30:02.490,3.401,70000
2020-10-20 09:30:02.490,3.401,3500
2020-10-20 09:30:02.540,3.401,220800
2020-10-20 09:30:02.540,3.4,260000
2020-10-20 09:30:02.780,3.4,3800
2020-10-20 09:30:02.810,3.4,10600
2020-10-20 09:30:02.810,3.4,33100
2020-10-20 09:30:02.890,3.4,2100
2020-10-20 09:30:02.980,3.402,3400
2020-10-20 09:30:02.980,3.402,16600
2020-10-20 09:30:02.980,3.4,3000
2020-10-20 09:30:03.070,3.4,200
2020-10-20 09:30:03.110,3.402,1000
2020-10-20 09:30:03.110,3.4,2000
2020-10-20 09:30:03.150,3.4,37700
2020-10-20 09:30:03.150,3.4,10000
2020-10-20 09:30:03.310,3.4,30000
2020-10-20 09:30:03.350,3.4,5900
2020-10-20 09:30:03.350,3.4,11400
2020-10-20 09:30:03.430,3.4,2500
2020-10-20 09:30:03.550,3.4,100000
2020-10-20 09:30:03.550,3.4,6000
2020-10-20 09:30:03.550,3.4,56100
2020-10-20 09:30:03.550,3.4,43900
2020-10-20 09:30:03.630,3.4,1500
2020-10-20 09:30:03.700,3.4,500
2020-10-20 09:30:03.730,3.4,1000
2020-10-20 09:30:04.120,3.4,3100
2020-10-20 09:30:04.340,3.401,1000
2020-10-20 09:30:04.420,3.401,4700
2020-10-20 09:30:04.420,3.401,14700
2020-10-20 09:30:04.450,3.401,9400
2020-10-20 09:30:04.480,3.402,12400
2020-10-20 09:30:04.480,3.402,30000
2020-10-20 09:30:04.520,3.402,3000
2020-10-20 09:30:04.750,3.402,100
2020-10-20 09:30:04.750,3.402,50000
2020-10-20 09:30:04.750,3.402,400
2020-10-20 09:30:04.750,3.401,34400
2020-10-20 09:30:04.780,3.402,100
2020-10-20 09:30:04.820,3.402,3000
2020-10-20 09:30:04.870,3.402,36900
2020-10-20 09:30:04.870,3.401,53100
2020-10-20 09:30:04.870,3.401,14300
2020-10-20 09:30:04.870,3.401,14400
2020-10-20 09:30:04.870,3.401,100000
2020-10-20 09:30:04.900,3.403,500
2020-10-20 09:30:04.900,3.403,9500
2020-10-20 09:30:05.050,3.401,4600
2020-10-20 09:30:05.080,3.401,500
2020-10-20 09:30:05.080,3.401,700
2020-10-20 09:30:05.120,3.401,3000
2020-10-20 09:30:05.460,3.402,6000
2020-10-20 09:30:05.620,3.402,1000
2020-10-20 09:30:06.320,3.403,90500
2020-10-20 09:30:06.320,3.403,100000
2020-10-20 09:30:07.430,3.404,300
2020-10-20 09:30:08.610,3.404,9500
2020-10-20 09:30:08.610,3.404,14400
2020-10-20 09:30:08.940,3.404,9200
2020-10-20 09:30:09.260,3.404,8100
2020-10-20 09:30:09.520,3.404,20000
2020-10-20 09:30:09.590,3.404,8000
2020-10-20 09:30:10.670,3.404,17000
2020-10-20 09:30:11.230,3.404,1000
2020-10-20 09:30:13.090,3.405,10000
2020-10-20 09:30:13.090,3.405,15800
2020-10-20 09:30:13.090,3.405,156300
2020-10-20 09:30:13.290,3.404,5000
2020-10-20 09:30:14.650,3.405,300
2020-10-20 09:30:14.650,3.404,4700
2020-10-20 09:30:15.940,3.404,100
2020-10-20 09:30:18.550,3.405,16400
2020-10-20 09:30:18.950,3.405,6700
2020-10-20 09:30:20.670,3.405,5600
2020-10-20 09:30:20.900,3.406,3000
2020-10-20 09:30:21.710,3.406,1000
2020-10-20 09:30:21.710,3.406,29000
2020-10-20 09:30:22.280,3.405,1400
2020-10-20 09:30:22.910,3.405,20000
2020-10-20 09:30:23.130,3.404,1000
2020-10-20 09:30:23.130,3.404,7000
2020-10-20 09:30:24.360,3.404,10000
2020-10-20 09:30:24.440,3.404,30000
2020-10-20 09:30:24.670,3.405,100
2020-10-20 09:30:24.970,3.404,300
2020-10-20 09:30:25.700,3.405,2900
2020-10-20 09:30:25.700,3.405,25500
2020-10-20 09:30:27.990,3.404,600
2020-10-20 09:30:29.310,3.405,10000
2020-10-20 09:30:29.780,3.404,10000
2020-10-20 09:30:29.780,3.404,26400
2020-10-20 09:30:29.780,3.404,48800
2020-10-20 09:30:31.030,3.405,5000
2020-10-20 09:30:31.380,3.405,200
2020-10-20 09:30:32.210,3.405,10000
2020-10-20 09:30:32.340,3.404,40900
2020-10-20 09:30:32.610,3.405,21300
2020-10-20 09:30:32.610,3.405,120000
2020-10-20 09:30:32.610,3.405,158700
2020-10-20 09:30:32.870,3.404,5000
2020-10-20 09:30:33.840,3.405,500
2020-10-20 09:30:33.840,3.405,40000
2020-10-20 09:30:34.000,3.405,100800
2020-10-20 09:30:34.000,3.405,37500
2020-10-20 09:30:34.000,3.405,20000
2020-10-20 09:30:34.000,3.405,2000
2020-10-20 09:30:34.920,3.405,29000
2020-10-20 09:30:35.700,3.405,4000
2020-10-20 09:30:35.830,3.405,1500
2020-10-20 09:30:36.480,3.405,40900
2020-10-20 09:30:37.090,3.405,7700
2020-10-20 09:30:37.150,3.405,100
2020-10-20 09:30:38.060,3.405,1400
2020-10-20 09:30:38.390,3.406,5000
2020-10-20 09:30:39.520,3.405,20700
2020-10-20 09:30:40.510,3.405,34400
2020-10-20 09:30:40.510,3.405,10000
2020-10-20 09:30:40.510,3.405,200
2020-10-20 09:30:40.510,3.405,100
2020-10-20 09:30:40.510,3.404,35300
2020-10-20 09:30:41.220,3.405,30000
2020-10-20 09:30:41.490,3.404,1800
2020-10-20 09:30:41.710,3.404,1800
2020-10-20 09:30:42.640,3.405,5000
2020-10-20 09:30:42.670,3.404,100
2020-10-20 09:30:42.780,3.405,76100
2020-10-20 09:30:42.970,3.405,1400
2020-10-20 09:30:43.380,3.405,5000
2020-10-20 09:30:43.500,3.404,2300
2020-10-20 09:30:43.500,3.404,2500
2020-10-20 09:30:43.940,3.405,500
2020-10-20 09:30:44.250,3.405,1700
2020-10-20 09:30:44.400,3.405,2000
2020-10-20 09:30:44.590,3.405,100
2020-10-20 09:30:45.590,3.404,28400
2020-10-20 09:30:48.190,3.405,2000
2020-10-20 09:30:50.210,3.404,5000
2020-10-20 09:30:50.580,3.404,264100
2020-10-20 09:30:50.580,3.404,1000
2020-10-20 09:30:50.580,3.404,58800
2020-10-20 09:30:50.580,3.404,2000
2020-10-20 09:30:51.060,3.404,34900
2020-10-20 09:30:52.940,3.404,58800
2020-10-20 09:30:53.420,3.404,300
2020-10-20 09:30:54.240,3.404,2000
2020-10-20 09:30:54.510,3.404,8000
2020-10-20 09:30:55.120,3.404,70100
2020-10-20 09:30:55.120,3.404,12300
2020-10-20 09:30:55.210,3.404,7700
2020-10-20 09:30:55.210,3.404,21700
2020-10-20 09:30:55.490,3.404,2000
2020-10-20 09:30:55.550,3.405,21700
2020-10-20 09:30:56.340,3.404,6000
2020-10-20 09:30:56.440,3.404,12700
2020-10-20 09:30:57.540,3.404,10000
2020-10-20 09:30:59.110,3.404,39900
2020-10-20 09:30:59.110,3.404,100
2020-10-20 09:30:59.110,3.403,70000
2020-10-20 09:31:01.040,3.403,30000
2020-10-20 09:31:05.780,3.404,3000
2020-10-20 09:31:05.840,3.403,1300
2020-10-20 09:31:07.230,3.404,9000
2020-10-20 09:31:07.450,3.403,2400
2020-10-20 09:31:08.620,3.403,196300
2020-10-20 09:31:08.620,3.403,1100
2020-10-20 09:31:08.620,3.403,700
2020-10-20 09:31:08.620,3.403,5000
2020-10-20 09:31:08.620,3.403,58800
2020-10-20 09:31:08.620,3.403,5200
2020-10-20 09:31:08.850,3.403,32900
2020-10-20 09:31:09.960,3.403,500
2020-10-20 09:31:11.480,3.403,700
2020-10-20 09:31:12.330,3.403,3000
2020-10-20 09:31:12.460,3.403,8100
2020-10-20 09:31:12.460,3.403,3300
2020-10-20 09:31:13.380,3.403,500
2020-10-20 09:31:13.380,3.403,4500
2020-10-20 09:31:13.620,3.403,98400
2020-10-20 09:31:13.620,3.402,600000
2020-10-20 09:31:13.620,3.402,200
2020-10-20 09:31:13.620,3.402,3000
2020-10-20 09:31:13.620,3.402,100
2020-10-20 09:31:13.620,3.402,1000
2020-10-20 09:31:13.620,3.402,100000
2020-10-20 09:31:13.620,3.402,10000
2020-10-20 09:31:13.620,3.402,187300
2020-10-20 09:31:14.660,3.403,14000
2020-10-20 09:31:15.110,3.404,3000
2020-10-20 09:31:15.710,3.402,20000
2020-10-20 09:31:17.560,3.403,300
2020-10-20 09:31:17.830,3.404,55000
2020-10-20 09:31:17.830,3.404,2000
2020-10-20 09:31:17.830,3.404,30000
2020-10-20 09:31:17.830,3.404,1800
2020-10-20 09:31:17.830,3.404,13700
2020-10-20 09:31:17.830,3.404,10000
2020-10-20 09:31:17.830,3.404,3800
2020-10-20 09:31:17.830,3.404,10000
2020-10-20 09:31:17.830,3.404,5000
2020-10-20 09:31:17.830,3.404,200
2020-10-20 09:31:17.830,3.404,1000
2020-10-20 09:31:17.830,3.404,27300
2020-10-20 09:31:18.010,3.404,100
2020-10-20 09:31:19.280,3.403,5000
2020-10-20 09:31:20.260,3.405,21800
2020-10-20 09:31:20.260,3.405,400
2020-10-20 09:31:20.260,3.405,277800
2020-10-20 09:31:20.630,3.404,1500
2020-10-20 09:31:21.270,3.404,12400
2020-10-20 09:31:21.430,3.404,2500
2020-10-20 09:31:22.140,3.404,100
2020-10-20 09:31:22.170,3.403,90000
2020-10-20 09:31:22.530,3.403,8700
2020-10-20 09:31:23.200,3.404,5100
2020-10-20 09:31:23.200,3.404,15000
2020-10-20 09:31:26.570,3.405,900
2020-10-20 09:31:26.660,3.405,21300
2020-10-20 09:31:26.660,3.405,7300
2020-10-20 09:31:26.660,3.405,2000
2020-10-20 09:31:26.660,3.405,10000
2020-10-20 09:31:26.660,3.405,10000
2020-10-20 09:31:26.660,3.405,7500
2020-10-20 09:31:26.660,3.405,33000
2020-10-20 09:31:26.660,3.405,100
2020-10-20 09:31:26.660,3.405,600
2020-10-20 09:31:26.660,3.405,100
2020-10-20 09:31:26.660,3.406,111600
2020-10-20 09:31:26.660,3.406,96500
2020-10-20 09:31:26.810,3.405,1800
2020-10-20 09:31:27.130,3.405,36000
2020-10-20 09:31:27.130,3.404,10000
2020-10-20 09:31:27.130,3.404,164300
2020-10-20 09:31:27.560,3.404,301600
2020-10-20 09:31:27.770,3.404,16000
2020-10-20 09:31:28.650,3.405,6200
2020-10-20 09:31:31.610,3.405,4000
2020-10-20 09:31:31.740,3.405,69800
2020-10-20 09:31:31.740,3.405,30200
2020-10-20 09:31:31.980,3.406,1000
2020-10-20 09:31:32.760,3.405,26000
2020-10-20 09:31:32.760,3.405,100
2020-10-20 09:31:32.760,3.405,30000
2020-10-20 09:31:32.760,3.405,2000
2020-10-20 09:31:32.760,3.404,5200
2020-10-20 09:31:32.760,3.404,1600
2020-10-20 09:31:32.760,3.404,3000
2020-10-20 09:31:32.760,3.404,200
2020-10-20 09:31:32.760,3.404,31900
2020-10-20 09:31:34.020,3.406,2500
2020-10-20 09:31:34.020,3.406,45900
2020-10-20 09:31:34.020,3.406,1000
2020-10-20 09:31:34.020,3.406,1000
2020-10-20 09:31:34.020,3.406,10000
2020-10-20 09:31:34.020,3.406,7000
2020-10-20 09:31:34.020,3.406,10000
2020-10-20 09:31:34.020,3.406,100
2020-10-20 09:31:34.020,3.406,3000
2020-10-20 09:31:34.020,3.406,2900
2020-10-20 09:31:34.020,3.406,6600
2020-10-20 09:31:34.360,3.406,100
2020-10-20 09:31:35.970,3.406,20000
2020-10-20 09:31:37.110,3.406,5000
2020-10-20 09:31:38.050,3.405,20000
2020-10-20 09:31:38.610,3.405,5700
2020-10-20 09:31:40.590,3.405,4000
2020-10-20 09:31:40.930,3.405,800
2020-10-20 09:31:41.380,3.405,5100
2020-10-20 09:31:41.380,3.405,2700
2020-10-20 09:31:41.710,3.405,1000
2020-10-20 09:31:42.550,3.406,700
2020-10-20 09:31:43.240,3.405,700
2020-10-20 09:31:43.240,3.404,200
2020-10-20 09:31:43.550,3.406,23500
2020-10-20 09:31:43.770,3.404,900
2020-10-20 09:31:44.930,3.405,2000
2020-10-20 09:31:47.240,3.405,300
2020-10-20 09:31:48.550,3.405,500
2020-10-20 09:31:49.880,3.405,6600
2020-10-20 09:31:50.220,3.404,3700
2020-10-20 09:31:50.400,3.405,500
2020-10-20 09:31:50.720,3.405,7000
2020-10-20 09:31:51.050,3.405,300
2020-10-20 09:31:51.050,3.404,600
2020-10-20 09:31:53.220,3.404,45000
2020-10-20 09:31:53.580,3.404,17700
2020-10-20 09:31:53.580,3.404,3000
2020-10-20 09:31:53.580,3.404,7300
2020-10-20 09:31:53.580,3.404,2700
2020-10-20 09:31:54.000,3.405,2000
2020-10-20 09:31:54.030,3.404,3100
2020-10-20 09:31:54.490,3.405,10000
2020-10-20 09:31:55.080,3.405,500
2020-10-20 09:31:55.210,3.404,3300
2020-10-20 09:31:56.110,3.405,1500
2020-10-20 09:31:56.890,3.405,1000
2020-10-20 09:31:57.660,3.405,50000
2020-10-20 09:31:59.330,3.405,7800
2020-10-20 09:31:59.330,3.405,300
2020-10-20 09:31:59.330,3.405,12000
2020-10-20 09:31:59.330,3.405,1300
2020-10-20 09:31:59.330,3.405,1500
2020-10-20 09:31:59.330,3.405,10000
2020-10-20 09:31:59.330,3.405,10000
2020-10-20 09:31:59.330,3.405,5000
2020-10-20 09:32:00.350,3.406,700
2020-10-20 09:32:00.440,3.405,252100
2020-10-20 09:32:00.440,3.405,2800
2020-10-20 09:32:01.340,3.404,500
2020-10-20 09:32:01.760,3.405,300
2020-10-20 09:32:02.810,3.405,100
2020-10-20 09:32:03.360,3.405,30000
2020-10-20 09:32:03.580,3.404,51300
2020-10-20 09:32:04.540,3.405,100
2020-10-20 09:32:05.840,3.405,14600
2020-10-20 09:32:05.840,3.405,5400
2020-10-20 09:32:06.000,3.404,59100
2020-10-20 09:32:06.000,3.404,35000
2020-10-20 09:32:06.000,3.404,2000
2020-10-20 09:32:06.000,3.404,200
2020-10-20 09:32:06.000,3.404,2000
2020-10-20 09:32:06.000,3.404,10000
2020-10-20 09:32:06.000,3.404,500
2020-10-20 09:32:06.000,3.404,3900
2020-10-20 09:32:06.000,3.404,35200
2020-10-20 09:32:06.700,3.404,5000
2020-10-20 09:32:07.170,3.403,3000
2020-10-20 09:32:07.500,3.404,1000
2020-10-20 09:32:09.500,3.404,7500
2020-10-20 09:32:09.740,3.403,52100
2020-10-20 09:32:10.600,3.403,244900
2020-10-20 09:32:10.600,3.403,1000
2020-10-20 09:32:10.600,3.403,10000
2020-10-20 09:32:10.600,3.403,500
2020-10-20 09:32:10.600,3.403,1000
2020-10-20 09:32:10.600,3.403,2000
2020-10-20 09:32:10.600,3.403,10000
2020-10-20 09:32:10.600,3.402,30600
2020-10-20 09:32:10.900,3.404,2000
2020-10-20 09:32:11.380,3.403,900
2020-10-20 09:32:11.690,3.403,5000
2020-10-20 09:32:12.550,3.403,700
2020-10-20 09:32:13.690,3.403,4500
2020-10-20 09:32:13.900,3.403,500
2020-10-20 09:32:15.280,3.403,1000
2020-10-20 09:32:17.500,3.403,2000
2020-10-20 09:32:17.530,3.402,4400
2020-10-20 09:32:17.530,3.402,200
2020-10-20 09:32:17.530,3.402,400
2020-10-20 09:32:17.590,3.402,100
2020-10-20 09:32:17.590,3.402,100
2020-10-20 09:32:19.370,3.402,600
2020-10-20 09:32:19.920,3.402,700
2020-10-20 09:32:21.440,3.402,1000
2020-10-20 09:32:21.630,3.401,100
2020-10-20 09:32:21.630,3.401,14000
2020-10-20 09:32:21.630,3.401,17000
2020-10-20 09:32:21.630,3.401,1500
2020-10-20 09:32:21.630,3.401,17400
2020-10-20 09:32:22.290,3.402,14600
2020-10-20 09:32:22.920,3.402,900
2020-10-20 09:32:22.920,3.402,100
2020-10-20 09:32:22.920,3.401,8000
2020-10-20 09:32:22.950,3.401,29700
2020-10-20 09:32:22.950,3.401,500
2020-10-20 09:32:22.950,3.401,2500
2020-10-20 09:32:26.140,3.401,500
2020-10-20 09:32:26.500,3.401,500
2020-10-20 09:32:26.500,3.401,19500
2020-10-20 09:32:26.650,3.4,1000
2020-10-20 09:32:28.310,3.401,5000
2020-10-20 09:32:32.280,3.4,10000
2020-10-20 09:32:32.340,3.4,8800
2020-10-20 09:32:32.340,3.4,10000
2020-10-20 09:32:32.340,3.4,100
2020-10-20 09:32:32.340,3.4,100
2020-10-20 09:32:32.340,3.4,100000
2020-10-20 09:32:32.340,3.4,300
2020-10-20 09:32:32.340,3.4,2000
2020-10-20 09:32:32.340,3.4,2100
2020-10-20 09:32:32.340,3.4,100
2020-10-20 09:32:32.340,3.4,2000
2020-10-20 09:32:32.340,3.4,500
2020-10-20 09:32:32.340,3.4,1000
2020-10-20 09:32:32.340,3.4,2000
2020-10-20 09:32:32.340,3.4,10000
2020-10-20 09:32:32.340,3.4,10000
2020-10-20 09:32:32.340,3.4,5000
2020-10-20 09:32:32.340,3.4,2000
2020-10-20 09:32:32.340,3.4,100
2020-10-20 09:32:32.340,3.4,3000
2020-10-20 09:32:32.340,3.4,120000
2020-10-20 09:32:32.770,3.4,4000
2020-10-20 09:32:33.540,3.4,3000
2020-10-20 09:32:34.150,3.4,13900
2020-10-20 09:32:34.150,3.4,10000
2020-10-20 09:32:34.150,3.4,16000
2020-10-20 09:32:34.150,3.4,10100
2020-10-20 09:32:34.310,3.4,1000
2020-10-20 09:32:35.100,3.4,200
2020-10-20 09:32:36.890,3.4,1000
2020-10-20 09:32:37.680,3.4,1500
2020-10-20 09:32:38.810,3.4,47400
2020-10-20 09:32:38.810,3.4,15000
2020-10-20 09:32:38.810,3.4,37600
2020-10-20 09:32:39.120,3.4,100
2020-10-20 09:32:39.650,3.4,10000
2020-10-20 09:32:39.740,3.399,2000
2020-10-20 09:32:39.780,3.4,1000
2020-10-20 09:32:41.210,3.399,1000
2020-10-20 09:32:41.210,3.399,3000
2020-10-20 09:32:41.210,3.399,200
2020-10-20 09:32:41.210,3.399,1200
2020-10-20 09:32:41.210,3.399,20000
2020-10-20 09:32:41.210,3.399,2900
2020-10-20 09:32:41.210,3.399,100
2020-10-20 09:32:41.210,3.399,30000
2020-10-20 09:32:41.210,3.399,3000
2020-10-20 09:32:41.210,3.399,6000
2020-10-20 09:32:41.210,3.399,3100
2020-10-20 09:32:41.210,3.399,10000
2020-10-20 09:32:41.210,3.399,100
2020-10-20 09:32:41.210,3.399,2000
2020-10-20 09:32:41.210,3.399,4000
2020-10-20 09:32:41.210,3.399,10000
2020-10-20 09:32:41.210,3.399,15000
2020-10-20 09:32:41.210,3.399,300
2020-10-20 09:32:41.210,3.399,10000
2020-10-20 09:32:41.210,3.399,200
2020-10-20 09:32:41.210,3.399,100
2020-10-20 09:32:41.210,3.399,2900
2020-10-20 09:32:41.210,3.399,500
2020-10-20 09:32:41.210,3.399,300
2020-10-20 09:32:41.210,3.399,14800
2020-10-20 09:32:41.210,3.399,3000
2020-10-20 09:32:41.210,3.399,5000
2020-10-20 09:32:41.410,3.398,18181
2020-10-20 09:32:41.410,3.398,100
2020-10-20 09:32:41.410,3.398,100
2020-10-20 09:32:41.410,3.398,1000
2020-10-20 09:32:41.410,3.398,619
2020-10-20 09:32:41.780,3.398,381
2020-10-20 09:32:41.780,3.398,100
2020-10-20 09:32:41.780,3.398,100
2020-10-20 09:32:41.780,3.398,1000
2020-10-20 09:32:41.780,3.398,1000
2020-10-20 09:32:41.780,3.398,1500
2020-10-20 09:32:41.780,3.398,12000
2020-10-20 09:32:41.780,3.398,3919
2020-10-20 09:32:42.030,3.399,1000
2020-10-20 09:32:42.030,3.399,1500
2020-10-20 09:32:42.090,3.399,100
2020-10-20 09:32:42.120,3.398,2500
2020-10-20 09:32:42.490,3.398,581
2020-10-20 09:32:42.490,3.398,26819
2020-10-20 09:32:42.990,3.399,1200
2020-10-20 09:32:44.750,3.399,500
2020-10-20 09:32:46.230,3.399,600
2020-10-20 09:32:46.800,3.399,10000
2020-10-20 09:32:46.800,3.399,900
2020-10-20 09:32:47.400,3.399,3000
2020-10-20 09:32:47.670,3.398,10000
2020-10-20 09:32:48.750,3.398,13181
2020-10-20 09:32:48.750,3.398,500
2020-10-20 09:32:48.750,3.398,100
2020-10-20 09:32:48.750,3.398,20000
2020-10-20 09:32:48.750,3.398,2000
2020-10-20 09:32:48.750,3.398,7100
2020-10-20 09:32:48.750,3.398,10000
2020-10-20 09:32:48.750,3.398,8600
2020-10-20 09:32:48.750,3.398,5000
2020-10-20 09:32:48.750,3.398,5800
2020-10-20 09:32:48.750,3.398,100
2020-10-20 09:32:48.750,3.398,500
2020-10-20 09:32:48.750,3.398,3000
2020-10-20 09:32:48.750,3.398,100
2020-10-20 09:32:48.750,3.398,500
2020-10-20 09:32:48.750,3.398,30000
2020-10-20 09:32:48.750,3.398,10000
2020-10-20 09:32:48.750,3.398,2000
2020-10-20 09:32:48.750,3.398,1000
2020-10-20 09:32:48.750,3.398,4000
2020-10-20 09:32:48.750,3.398,8000
2020-10-20 09:32:48.750,3.398,10000
2020-10-20 09:32:48.750,3.398,3000
2020-10-20 09:32:48.750,3.398,10000
2020-10-20 09:32:48.750,3.398,6500
2020-10-20 09:32:48.750,3.398,1000
2020-10-20 09:32:48.850,3.397,1000
2020-10-20 09:32:48.940,3.397,200
2020-10-20 09:32:48.940,3.397,100
2020-10-20 09:32:48.940,3.397,1000
2020-10-20 09:32:48.940,3.397,16700
2020-10-20 09:32:49.470,3.398,600
2020-10-20 09:32:49.860,3.398,10000
2020-10-20 09:32:50.650,3.398,5000
2020-10-20 09:32:51.770,3.398,10000
2020-10-20 09:32:52.360,3.397,43900
2020-10-20 09:32:52.360,3.397,200
2020-10-20 09:32:52.360,3.397,100
2020-10-20 09:32:52.360,3.397,5000
2020-10-20 09:32:52.360,3.397,500
2020-10-20 09:32:52.480,3.398,300
2020-10-20 09:32:53.210,3.398,700
2020-10-20 09:32:54.330,3.397,6500
2020-10-20 09:32:54.330,3.397,5800
2020-10-20 09:32:54.330,3.397,7700
2020-10-20 09:32:54.570,3.397,2300
2020-10-20 09:32:54.570,3.397,2000
2020-10-20 09:32:54.570,3.397,5200
2020-10-20 09:32:55.020,3.397,24800
2020-10-20 09:32:55.020,3.397,2000
2020-10-20 09:32:55.020,3.397,200
2020-10-20 09:32:55.020,3.397,7000
2020-10-20 09:32:55.020,3.397,50000
2020-10-20 09:32:55.020,3.397,100
2020-10-20 09:32:55.020,3.397,4000
2020-10-20 09:32:55.020,3.397,3300
2020-10-20 09:32:55.020,3.397,88200
2020-10-20 09:32:55.020,3.397,5000
2020-10-20 09:32:55.020,3.397,5000
2020-10-20 09:32:55.020,3.397,1000
2020-10-20 09:32:56.480,3.397,2000
2020-10-20 09:32:57.400,3.397,3000
2020-10-20 09:32:58.070,3.397,1500
2020-10-20 09:32:58.500,3.397,100
2020-10-20 09:32:59.180,3.397,5000
2020-10-20 09:32:59.900,3.397,300000
2020-10-20 09:32:59.930,3.397,397800
2020-10-20 09:32:59.930,3.397,1500
2020-10-20 09:32:59.930,3.397,7000
2020-10-20 09:33:00.140,3.398,134800
2020-10-20 09:33:00.140,3.398,28000
2020-10-20 09:33:00.140,3.398,30000
2020-10-20 09:33:00.140,3.398,6500
2020-10-20 09:33:00.140,3.398,1500
2020-10-20 09:33:00.140,3.398,30000
2020-10-20 09:33:00.140,3.398,137200
2020-10-20 09:33:00.270,3.397,39000
2020-10-20 09:33:01.580,3.397,7300
2020-10-20 09:33:01.580,3.397,9100
2020-10-20 09:33:01.580,3.397,8800
2020-10-20 09:33:01.610,3.399,100
2020-10-20 09:33:01.610,3.397,4000
2020-10-20 09:33:02.670,3.398,4000
2020-10-20 09:33:02.670,3.398,6000
2020-10-20 09:33:02.980,3.398,10400
2020-10-20 09:33:02.980,3.397,23600
2020-10-20 09:33:03.240,3.397,1000
2020-10-20 09:33:03.730,3.397,1000
2020-10-20 09:33:03.920,3.397,73100
2020-10-20 09:33:03.920,3.398,1000
2020-10-20 09:33:04.190,3.397,2800
2020-10-20 09:33:04.190,3.397,2400
2020-10-20 09:33:04.190,3.397,300
2020-10-20 09:33:04.190,3.396,100
2020-10-20 09:33:04.190,3.396,400
2020-10-20 09:33:04.220,3.398,100
2020-10-20 09:33:04.650,3.397,39900
2020-10-20 09:33:05.040,3.398,1000
2020-10-20 09:33:05.860,3.397,10000
2020-10-20 09:33:06.820,3.398,10000
2020-10-20 09:33:07.070,3.398,13500
2020-10-20 09:33:07.070,3.399,2900
2020-10-20 09:33:09.800,3.398,600
2020-10-20 09:33:10.040,3.398,6400
2020-10-20 09:33:10.040,3.398,8100
2020-10-20 09:33:10.040,3.398,25500
2020-10-20 09:33:10.060,3.398,2000
2020-10-20 09:33:10.500,3.398,22500
2020-10-20 09:33:11.090,3.399,2400
2020-10-20 09:33:11.090,3.399,2000
2020-10-20 09:33:11.090,3.399,1500
2020-10-20 09:33:11.090,3.399,4100
2020-10-20 09:33:12.180,3.398,40000
2020-10-20 09:33:12.180,3.398,5000
2020-10-20 09:33:12.180,3.398,5000
2020-10-20 09:33:12.180,3.398,300
2020-10-20 09:33:12.180,3.398,49700
2020-10-20 09:33:12.630,3.398,10000
2020-10-20 09:33:13.050,3.398,21600
2020-10-20 09:33:13.520,3.399,200
2020-10-20 09:33:13.520,3.399,10500
2020-10-20 09:33:13.710,3.399,200
2020-10-20 09:33:14.030,3.399,43200
2020-10-20 09:33:14.560,3.399,300
2020-10-20 09:33:15.180,3.4,400
2020-10-20 09:33:15.180,3.4,1000
2020-10-20 09:33:15.180,3.4,10000
2020-10-20 09:33:15.180,3.4,500
2020-10-20 09:33:15.180,3.4,93000
2020-10-20 09:33:15.330,3.4,300
2020-10-20 09:33:16.820,3.401,20500
2020-10-20 09:33:16.820,3.401,71900
2020-10-20 09:33:16.820,3.401,100
2020-10-20 09:33:16.820,3.401,93000
2020-10-20 09:33:16.880,3.401,60300
2020-10-20 09:33:16.880,3.4,194800
2020-10-20 09:33:16.880,3.399,1000
2020-10-20 09:33:16.880,3.399,40000
2020-10-20 09:33:16.880,3.399,50000
2020-10-20 09:33:16.880,3.398,218700
2020-10-20 09:33:16.880,3.398,200
2020-10-20 09:33:16.880,3.398,9200
2020-10-20 09:33:16.880,3.398,300000
2020-10-20 09:33:16.880,3.398,3000
2020-10-20 09:33:16.880,3.398,122800
2020-10-20 09:33:17.720,3.399,93000
2020-10-20 09:33:19.990,3.398,21600
2020-10-20 09:33:21.520,3.399,10000
2020-10-20 09:33:22.690,3.398,2800
2020-10-20 09:33:23.060,3.398,400
2020-10-20 09:33:23.710,3.398,7300
2020-10-20 09:33:24.910,3.399,17300
2020-10-20 09:33:25.330,3.398,1700
2020-10-20 09:33:25.990,3.399,5800
2020-10-20 09:33:26.620,3.399,25900
2020-10-20 09:33:27.110,3.399,3000
2020-10-20 09:33:28.190,3.399,5000
2020-10-20 09:33:28.320,3.399,900
2020-10-20 09:33:29.440,3.398,37300
2020-10-20 09:33:31.010,3.398,6100
2020-10-20 09:33:31.010,3.398,8100
2020-10-20 09:33:31.040,3.399,3000
2020-10-20 09:33:32.350,3.399,16100
2020-10-20 09:33:32.350,3.399,14500
2020-10-20 09:33:32.350,3.399,4400
2020-10-20 09:33:33.420,3.398,1700
2020-10-20 09:33:33.420,3.399,21900
2020-10-20 09:33:33.420,3.399,4000
2020-10-20 09:33:34.240,3.399,500
2020-10-20 09:33:37.900,3.4,2000
2020-10-20 09:33:37.900,3.4,2500
2020-10-20 09:33:38.350,3.4,2500
2020-10-20 09:33:38.350,3.4,4000
2020-10-20 09:33:38.350,3.4,100
2020-10-20 09:33:38.350,3.4,21600
2020-10-20 09:33:38.350,3.4,10000
2020-10-20 09:33:38.350,3.401,5000
2020-10-20 09:33:38.350,3.401,13800
2020-10-20 09:33:39.210,3.399,1000
2020-10-20 09:33:39.670,3.399,4000
2020-10-20 09:33:41.380,3.4,1100
2020-10-20 09:33:41.410,3.4,900
2020-10-20 09:33:41.730,3.4,8800
2020-10-20 09:33:43.320,3.4,2100
2020-10-20 09:33:44.650,3.4,5000
2020-10-20 09:33:45.130,3.4,4400
2020-10-20 09:33:45.680,3.4,2200
2020-10-20 09:33:46.620,3.4,2500
2020-10-20 09:33:46.620,3.4,3300
2020-10-20 09:33:48.490,3.4,1700
2020-10-20 09:33:48.490,3.4,5000
2020-10-20 09:33:48.490,3.4,900
2020-10-20 09:33:48.490,3.4,3500
2020-10-20 09:33:48.490,3.4,5000
2020-10-20 09:33:48.490,3.4,9900
2020-10-20 09:33:48.490,3.4,100
2020-10-20 09:33:48.490,3.4,1000
2020-10-20 09:33:48.490,3.4,2100
2020-10-20 09:33:48.490,3.4,20000
2020-10-20 09:33:48.490,3.4,2000
2020-10-20 09:33:48.490,3.4,1000
2020-10-20 09:33:49.250,3.4,5000
2020-10-20 09:33:50.340,3.4,1000
2020-10-20 09:33:50.840,3.4,30000
2020-10-20 09:33:52.310,3.4,500
2020-10-20 09:33:56.060,3.4,700
2020-10-20 09:33:56.420,3.4,300
2020-10-20 09:33:56.420,3.4,700
2020-10-20 09:33:57.340,3.401,600
2020-10-20 09:33:57.880,3.402,15000
2020-10-20 09:33:58.930,3.401,4500
2020-10-20 09:33:58.930,3.401,300
2020-10-20 09:33:58.930,3.401,3000
2020-10-20 09:33:58.930,3.401,12100
2020-10-20 09:33:58.930,3.4,300
2020-10-20 09:33:58.930,3.4,10000
2020-10-20 09:33:58.930,3.4,100
2020-10-20 09:33:58.930,3.4,2000
2020-10-20 09:33:58.930,3.4,2000
2020-10-20 09:33:58.930,3.4,2200
2020-10-20 09:33:59.110,3.4,10000
2020-10-20 09:33:59.850,3.4,100
2020-10-20 09:34:00.350,3.4,10000
2020-10-20 09:34:01.020,3.4,17200
2020-10-20 09:34:01.150,3.4,16500
2020-10-20 09:34:01.620,3.4,1000
2020-10-20 09:34:01.770,3.4,16500
2020-10-20 09:34:04.360,3.4,1000
2020-10-20 09:34:05.200,3.4,4000
2020-10-20 09:34:07.270,3.4,2000
2020-10-20 09:34:08.850,3.4,5000
2020-10-20 09:34:09.330,3.4,500
2020-10-20 09:34:09.480,3.4,7000
2020-10-20 09:34:09.620,3.399,5800
2020-10-20 09:34:09.910,3.4,8600
2020-10-20 09:34:09.940,3.4,600
2020-10-20 09:34:10.360,3.4,1000
2020-10-20 09:34:10.460,3.4,20000
2020-10-20 09:34:11.890,3.4,5400
2020-10-20 09:34:12.270,3.4,10000
2020-10-20 09:34:13.030,3.4,1900
2020-10-20 09:34:13.860,3.399,12800
2020-10-20 09:34:13.860,3.399,20000
2020-10-20 09:34:13.860,3.399,109100
2020-10-20 09:34:14.010,3.399,1000
2020-10-20 09:34:14.200,3.4,2000
2020-10-20 09:34:14.700,3.4,1000
2020-10-20 09:34:16.070,3.4,10300
2020-10-20 09:34:16.070,3.4,9700
2020-10-20 09:34:16.160,3.4,300
2020-10-20 09:34:16.160,3.4,1600
2020-10-20 09:34:16.160,3.4,2000
2020-10-20 09:34:20.920,3.4,6800
2020-10-20 09:34:22.230,3.4,800
2020-10-20 09:34:22.570,3.4,700
2020-10-20 09:34:22.570,3.4,20000
2020-10-20 09:34:22.570,3.4,100
2020-10-20 09:34:22.570,3.4,29200
2020-10-20 09:34:24.520,3.4,37400
2020-10-20 09:34:25.890,3.401,100
2020-10-20 09:34:26.440,3.401,2000
2020-10-20 09:34:26.700,3.4,183400
2020-10-20 09:34:26.700,3.4,10000
2020-10-20 09:34:26.700,3.4,6900
2020-10-20 09:34:27.070,3.401,3000
2020-10-20 09:34:27.450,3.401,2700
2020-10-20 09:34:27.450,3.401,2300
2020-10-20 09:34:28.670,3.4,1800
2020-10-20 09:34:28.710,3.4,6800
2020-10-20 09:34:28.710,3.4,26100
2020-10-20 09:34:29.210,3.4,10000
2020-10-20 09:34:29.730,3.401,200
2020-10-20 09:34:29.950,3.401,1000
2020-10-20 09:34:30.600,3.401,1000
2020-10-20 09:34:32.480,3.4,3900
2020-10-20 09:34:34.050,3.401,18500
2020-10-20 09:34:34.050,3.401,1500
2020-10-20 09:34:34.120,3.401,500
2020-10-20 09:34:34.350,3.401,4300
2020-10-20 09:34:34.660,3.401,100
2020-10-20 09:34:35.090,3.401,1400
2020-10-20 09:34:35.090,3.401,1000
2020-10-20 09:34:35.120,3.401,40000
2020-10-20 09:34:35.120,3.401,20000
2020-10-20 09:34:35.120,3.401,50000
2020-10-20 09:34:35.360,3.401,2900
2020-10-20 09:34:35.390,3.401,200
2020-10-20 09:34:35.450,3.401,10000
2020-10-20 09:34:36.290,3.401,10000
2020-10-20 09:34:37.210,3.4,1400
2020-10-20 09:34:39.470,3.4,8600
2020-10-20 09:34:39.470,3.4,1400
2020-10-20 09:34:39.620,3.401,9600
2020-10-20 09:34:40.240,3.401,1500
2020-10-20 09:34:43.940,3.401,900
2020-10-20 09:34:46.740,3.402,5000
2020-10-20 09:34:46.740,3.402,2000
2020-10-20 09:34:46.740,3.402,16000
2020-10-20 09:34:46.740,3.402,157000
2020-10-20 09:34:51.170,3.402,1400
2020-10-20 09:34:51.390,3.402,3900
2020-10-20 09:34:53.450,3.402,10000
2020-10-20 09:34:55.930,3.402,300000
2020-10-20 09:34:56.410,3.402,8300
2020-10-20 09:34:56.410,3.402,1000
2020-10-20 09:34:56.410,3.402,200
2020-10-20 09:34:57.350,3.402,17300
2020-10-20 09:34:59.430,3.402,300
2020-10-20 09:34:59.690,3.402,7000
2020-10-20 09:35:01.180,3.403,5000
2020-10-20 09:35:01.180,3.403,3000
2020-10-20 09:35:01.880,3.403,1200
2020-10-20 09:35:01.940,3.403,7300
2020-10-20 09:35:03.080,3.403,300
2020-10-20 09:35:06.100,3.404,1000
2020-10-20 09:35:06.100,3.404,2000
2020-10-20 09:35:06.390,3.403,100
2020-10-20 09:35:07.390,3.403,1000
2020-10-20 09:35:10.380,3.403,3900
2020-10-20 09:35:10.450,3.403,100
2020-10-20 09:35:10.540,3.403,37400
2020-10-20 09:35:10.920,3.403,2000
2020-10-20 09:35:16.160,3.403,1500
2020-10-20 09:35:19.610,3.403,90000
2020-10-20 09:35:19.610,3.403,100000
2020-10-20 09:35:19.790,3.404,100
2020-10-20 09:35:20.160,3.404,2000
2020-10-20 09:35:20.220,3.403,10000
2020-10-20 09:35:20.310,3.403,15100
2020-10-20 09:35:20.460,3.403,2000
2020-10-20 09:35:25.380,3.403,3400
2020-10-20 09:35:25.380,3.403,1600
2020-10-20 09:35:25.960,3.402,3400
2020-10-20 09:35:25.960,3.402,300
2020-10-20 09:35:25.960,3.402,3300
2020-10-20 09:35:26.440,3.403,200
2020-10-20 09:35:27.180,3.403,6700
2020-10-20 09:35:27.180,3.403,44700
2020-10-20 09:35:28.630,3.403,4400
2020-10-20 09:35:29.510,3.403,10900
2020-10-20 09:35:29.510,3.403,38200
2020-10-20 09:35:29.510,3.403,5000
2020-10-20 09:35:29.510,3.403,90000
2020-10-20 09:35:30.360,3.403,100
2020-10-20 09:35:32.620,3.403,5000
2020-10-20 09:35:32.910,3.403,10000
2020-10-20 09:35:37.520,3.404,900
2020-10-20 09:35:37.520,3.404,100
2020-10-20 09:35:38.510,3.403,140500
2020-10-20 09:35:38.510,3.403,500
2020-10-20 09:35:38.970,3.403,6300
2020-10-20 09:35:40.720,3.404,1000
2020-10-20 09:35:41.660,3.404,1500
2020-10-20 09:35:41.870,3.404,2400
2020-10-20 09:35:41.870,3.404,600
2020-10-20 09:35:41.960,3.403,5200
2020-10-20 09:35:41.960,3.403,200
2020-10-20 09:35:41.960,3.403,5000
2020-10-20 09:35:41.960,3.403,100
2020-10-20 09:35:41.960,3.403,1000
2020-10-20 09:35:42.130,3.403,10000
2020-10-20 09:35:42.560,3.403,1400
2020-10-20 09:35:43.450,3.403,10000
2020-10-20 09:35:44.070,3.402,1500
2020-10-20 09:35:44.330,3.403,100
2020-10-20 09:35:44.450,3.403,2000
2020-10-20 09:35:45.910,3.403,3000
2020-10-20 09:35:45.940,3.403,2000
2020-10-20 09:35:46.190,3.403,2000
2020-10-20 09:35:48.660,3.403,10000
2020-10-20 09:35:48.660,3.403,1600
2020-10-20 09:35:48.660,3.403,2500
2020-10-20 09:35:48.930,3.403,1600
2020-10-20 09:35:50.460,3.403,2600
2020-10-20 09:35:50.920,3.403,400
2020-10-20 09:35:51.690,3.403,1100
2020-10-20 09:35:53.210,3.403,3000
2020-10-20 09:35:53.600,3.403,29000
2020-10-20 09:35:53.910,3.403,2000
2020-10-20 09:35:54.550,3.402,200
2020-10-20 09:35:54.550,3.402,100
2020-10-20 09:35:54.550,3.402,1200
2020-10-20 09:35:54.860,3.403,10000
2020-10-20 09:35:56.430,3.403,300000
2020-10-20 09:35:57.290,3.403,41300
2020-10-20 09:35:57.510,3.403,1000
2020-10-20 09:35:59.950,3.403,300000
2020-10-20 09:36:00.190,3.403,30000
2020-10-20 09:36:00.810,3.403,2000
2020-10-20 09:36:05.890,3.402,2000
2020-10-20 09:36:05.890,3.403,5000
2020-10-20 09:36:09.930,3.403,2000
2020-10-20 09:36:11.310,3.403,14000
2020-10-20 09:36:13.760,3.403,100
2020-10-20 09:36:14.840,3.403,300
2020-10-20 09:36:16.550,3.403,5000
2020-10-20 09:36:16.640,3.403,700
2020-10-20 09:36:16.670,3.402,6800
2020-10-20 09:36:16.670,3.402,3000
2020-10-20 09:36:16.670,3.402,200
2020-10-20 09:36:19.140,3.403,2500
2020-10-20 09:36:23.020,3.402,600
2020-10-20 09:36:23.020,3.402,1900
2020-10-20 09:36:23.020,3.402,10000
2020-10-20 09:36:23.020,3.402,17500
2020-10-20 09:36:23.470,3.402,11700
2020-10-20 09:36:23.470,3.402,88300
2020-10-20 09:36:24.680,3.402,11700
2020-10-20 09:36:24.680,3.402,5000
2020-10-20 09:36:24.680,3.402,1000
2020-10-20 09:36:24.680,3.402,3000
2020-10-20 09:36:24.680,3.402,1000
2020-10-20 09:36:24.680,3.402,500
2020-10-20 09:36:24.680,3.402,15000
2020-10-20 09:36:25.060,3.402,600
2020-10-20 09:36:26.510,3.401,5000
2020-10-20 09:36:26.510,3.401,8700
2020-10-20 09:36:26.510,3.401,900
2020-10-20 09:36:26.510,3.401,200
2020-10-20 09:36:26.510,3.401,500
2020-10-20 09:36:26.510,3.401,3000
2020-10-20 09:36:26.510,3.401,7700
2020-10-20 09:36:26.510,3.401,3000
2020-10-20 09:36:26.510,3.401,100
2020-10-20 09:36:26.510,3.401,1500
2020-10-20 09:36:26.510,3.401,5000
2020-10-20 09:36:26.510,3.401,1000
2020-10-20 09:36:26.510,3.401,3000
2020-10-20 09:36:26.510,3.401,500
2020-10-20 09:36:26.510,3.401,6900
2020-10-20 09:36:26.510,3.401,1000
2020-10-20 09:36:26.510,3.401,3000
2020-10-20 09:36:26.510,3.401,500
2020-10-20 09:36:26.510,3.401,2000
2020-10-20 09:36:26.510,3.401,6500
2020-10-20 09:36:26.980,3.401,900
2020-10-20 09:36:29.230,3.401,10000
2020-10-20 09:36:29.560,3.402,10300
2020-10-20 09:36:30.660,3.401,12000
2020-10-20 09:36:30.830,3.401,2400
2020-10-20 09:36:32.870,3.401,2000
2020-10-20 09:36:33.610,3.401,10000
2020-10-20 09:36:33.740,3.401,1000
2020-10-20 09:36:36.220,3.401,9000
2020-10-20 09:36:38.520,3.401,600
2020-10-20 09:36:41.320,3.401,2000
2020-10-20 09:36:41.400,3.401,500
2020-10-20 09:36:42.420,3.4,3600
2020-10-20 09:36:42.420,3.4,1000
2020-10-20 09:36:42.420,3.4,5400
2020-10-20 09:36:42.830,3.4,8200
2020-10-20 09:36:42.830,3.4,8100
2020-10-20 09:36:42.830,3.4,9300
2020-10-20 09:36:42.830,3.4,8400
2020-10-20 09:36:42.860,3.401,1500
2020-10-20 09:36:43.570,3.4,1400
2020-10-20 09:36:45.410,3.401,1000
2020-10-20 09:36:46.950,3.401,200
2020-10-20 09:36:49.660,3.4,1000
2020-10-20 09:36:51.870,3.4,20000
2020-10-20 09:36:52.090,3.401,300
2020-10-20 09:36:52.090,3.401,2000
2020-10-20 09:36:52.090,3.401,700
2020-10-20 09:36:52.280,3.4,8700
2020-10-20 09:36:53.690,3.4,2700
2020-10-20 09:36:54.610,3.401,500
2020-10-20 09:36:54.610,3.401,19500
2020-10-20 09:36:59.560,3.401,4000
2020-10-20 09:37:01.140,3.401,300
2020-10-20 09:37:02.060,3.4,100000
2020-10-20 09:37:02.060,3.4,20000
2020-10-20 09:37:02.060,3.4,20000
2020-10-20 09:37:02.060,3.4,40000
2020-10-20 09:37:02.060,3.4,100000
2020-10-20 09:37:02.520,3.4,60000
2020-10-20 09:37:02.640,3.4,20000
2020-10-20 09:37:02.640,3.4,50000
2020-10-20 09:37:02.640,3.4,60000
2020-10-20 09:37:02.640,3.4,44100
2020-10-20 09:37:02.640,3.4,3000
2020-10-20 09:37:02.640,3.4,10000
2020-10-20 09:37:02.640,3.4,42900
2020-10-20 09:37:02.640,3.4,7100
2020-10-20 09:37:02.640,3.4,60300
2020-10-20 09:37:02.640,3.4,1000
2020-10-20 09:37:02.640,3.4,10000
2020-10-20 09:37:02.640,3.4,1300
2020-10-20 09:37:02.640,3.4,7900
2020-10-20 09:37:02.640,3.4,3000
2020-10-20 09:37:02.640,3.4,500
2020-10-20 09:37:02.640,3.4,100
2020-10-20 09:37:02.640,3.4,8400
2020-10-20 09:37:02.640,3.4,400
2020-10-20 09:37:02.730,3.4,100
2020-10-20 09:37:02.730,3.4,5000
2020-10-20 09:37:02.730,3.4,14900
2020-10-20 09:37:03.070,3.4,10000
2020-10-20 09:37:03.070,3.4,5100
2020-10-20 09:37:03.070,3.4,1000
2020-10-20 09:37:03.070,3.4,2000
2020-10-20 09:37:03.070,3.4,2000
2020-10-20 09:37:03.070,3.4,35300
2020-10-20 09:37:03.070,3.4,500
2020-10-20 09:37:03.070,3.4,24100
2020-10-20 09:37:03.070,3.4,10800
2020-10-20 09:37:03.070,3.4,1000
2020-10-20 09:37:03.070,3.4,3200
2020-10-20 09:37:03.070,3.4,10000
2020-10-20 09:37:03.070,3.4,200
2020-10-20 09:37:03.070,3.4,3500
2020-10-20 09:37:03.070,3.4,500
2020-10-20 09:37:03.070,3.4,29400
2020-10-20 09:37:03.070,3.4,10000
2020-10-20 09:37:03.070,3.4,3000
2020-10-20 09:37:03.070,3.4,5000
2020-10-20 09:37:03.070,3.4,300
2020-10-20 09:37:03.070,3.4,2000
2020-10-20 09:37:03.470,3.4,1000
2020-10-20 09:37:04.640,3.399,189900
2020-10-20 09:37:04.640,3.399,110100
2020-10-20 09:37:05.110,3.399,20000
2020-10-20 09:37:05.110,3.399,10000
2020-10-20 09:37:05.110,3.399,10000
2020-10-20 09:37:05.110,3.399,100000
2020-10-20 09:37:05.110,3.399,49900
2020-10-20 09:37:05.110,3.399,1400
2020-10-20 09:37:05.110,3.399,100
2020-10-20 09:37:05.110,3.399,500
2020-10-20 09:37:05.110,3.399,1000
2020-10-20 09:37:05.110,3.399,500
2020-10-20 09:37:05.110,3.399,5000
2020-10-20 09:37:05.110,3.399,5000
2020-10-20 09:37:05.110,3.399,10000
2020-10-20 09:37:05.110,3.399,10000
2020-10-20 09:37:05.110,3.399,2200
2020-10-20 09:37:05.110,3.399,7000
2020-10-20 09:37:05.110,3.399,100
2020-10-20 09:37:05.110,3.399,7300
2020-10-20 09:37:05.110,3.399,12700
2020-10-20 09:37:05.110,3.399,3000
2020-10-20 09:37:05.110,3.399,200
2020-10-20 09:37:05.110,3.399,30000
2020-10-20 09:37:05.110,3.399,200
2020-10-20 09:37:05.110,3.399,200
2020-10-20 09:37:05.110,3.399,500
2020-10-20 09:37:05.110,3.399,2000
2020-10-20 09:37:05.110,3.399,51200
2020-10-20 09:37:05.110,3.399,40000
2020-10-20 09:37:05.880,3.399,94500
2020-10-20 09:37:05.880,3.399,3000
2020-10-20 09:37:05.880,3.399,1000
2020-10-20 09:37:05.880,3.399,800
2020-10-20 09:37:05.880,3.399,300
2020-10-20 09:37:05.880,3.399,100
2020-10-20 09:37:06.310,3.399,1000
2020-10-20 09:37:08.590,3.399,6800
2020-10-20 09:37:09.400,3.399,50000
2020-10-20 09:37:10.950,3.398,7400
2020-10-20 09:37:12.550,3.399,11100
2020-10-20 09:37:13.240,3.398,2800
2020-10-20 09:37:13.240,3.398,93000
2020-10-20 09:37:13.240,3.398,10000
2020-10-20 09:37:13.240,3.398,35800
2020-10-20 09:37:13.240,3.398,2000
2020-10-20 09:37:13.240,3.398,40600
2020-10-20 09:37:13.240,3.398,10000
2020-10-20 09:37:13.240,3.398,1000
2020-10-20 09:37:13.240,3.398,10100
2020-10-20 09:37:13.240,3.398,100
2020-10-20 09:37:13.240,3.398,2000
2020-10-20 09:37:13.240,3.398,2000
2020-10-20 09:37:13.240,3.398,500
2020-10-20 09:37:13.240,3.398,200
2020-10-20 09:37:13.240,3.398,1000
2020-10-20 09:37:13.240,3.398,3000
2020-10-20 09:37:13.240,3.398,1000
2020-10-20 09:37:13.240,3.398,10000
2020-10-20 09:37:13.240,3.398,3000
2020-10-20 09:37:13.240,3.398,60000
2020-10-20 09:37:13.240,3.398,700
2020-10-20 09:37:13.240,3.398,200
2020-10-20 09:37:13.240,3.398,200
2020-10-20 09:37:13.240,3.398,3000
2020-10-20 09:37:13.240,3.398,7800
2020-10-20 09:37:13.450,3.399,700
2020-10-20 09:37:13.700,3.399,3000
2020-10-20 09:37:14.230,3.398,100
2020-10-20 09:37:19.130,3.398,1000
2020-10-20 09:37:20.750,3.398,3000
2020-10-20 09:37:22.800,3.399,50000
2020-10-20 09:37:24.550,3.399,5000
2020-10-20 09:37:24.870,3.4,14000
2020-10-20 09:37:24.870,3.4,300
2020-10-20 09:37:24.870,3.4,285700
2020-10-20 09:37:26.290,3.399,100
2020-10-20 09:37:26.290,3.399,10900
2020-10-20 09:37:26.610,3.399,10000
2020-10-20 09:37:27.690,3.4,14300
2020-10-20 09:37:27.690,3.4,10000
2020-10-20 09:37:27.690,3.4,9200
2020-10-20 09:37:27.690,3.4,10000
2020-10-20 09:37:27.690,3.4,1000
2020-10-20 09:37:27.690,3.4,100
2020-10-20 09:37:27.690,3.4,8500
2020-10-20 09:37:28.790,3.4,6000
2020-10-20 09:37:28.820,3.4,215100
2020-10-20 09:37:29.680,3.4,1400
2020-10-20 09:37:30.130,3.4,5000
2020-10-20 09:37:31.650,3.4,14000
2020-10-20 09:37:31.930,3.4,5400
2020-10-20 09:37:31.930,3.4,1000
2020-10-20 09:37:31.930,3.4,100
2020-10-20 09:37:31.930,3.399,212400
2020-10-20 09:37:34.780,3.4,14400
2020-10-20 09:37:35.350,3.401,51800
2020-10-20 09:37:35.350,3.401,100
2020-10-20 09:37:35.350,3.401,88300
2020-10-20 09:37:35.350,3.401,159800
2020-10-20 09:37:35.790,3.401,5000
2020-10-20 09:37:36.540,3.4,13000
2020-10-20 09:37:36.820,3.401,135200
2020-10-20 09:37:36.820,3.401,2000
2020-10-20 09:37:36.820,3.401,400
2020-10-20 09:37:36.820,3.401,12000
2020-10-20 09:37:36.820,3.401,1500
2020-10-20 09:37:36.820,3.401,7900
2020-10-20 09:37:38.100,3.401,1700
2020-10-20 09:37:39.210,3.401,13000
2020-10-20 09:37:39.210,3.401,17400
2020-10-20 09:37:39.520,3.401,14500
2020-10-20 09:37:40.360,3.402,300000
2020-10-20 09:37:40.530,3.402,180300
2020-10-20 09:37:40.530,3.402,700
2020-10-20 09:37:40.530,3.402,2000
2020-10-20 09:37:40.530,3.402,30000
2020-10-20 09:37:40.530,3.402,700
2020-10-20 09:37:40.990,3.402,6400
2020-10-20 09:37:42.130,3.402,800
2020-10-20 09:37:43.130,3.402,10000
2020-10-20 09:37:45.240,3.403,1000
2020-10-20 09:37:46.550,3.403,17000
2020-10-20 09:37:49.270,3.402,4900
2020-10-20 09:37:53.860,3.403,100
2020-10-20 09:37:54.140,3.402,200
2020-10-20 09:37:55.830,3.402,1200
2020-10-20 09:37:56.320,3.403,100
2020-10-20 09:37:58.570,3.402,500
2020-10-20 09:37:59.380,3.403,1000
2020-10-20 09:38:00.040,3.403,5000
2020-10-20 09:38:05.100,3.402,1000
2020-10-20 09:38:05.320,3.402,300
2020-10-20 09:38:05.320,3.402,10600
2020-10-20 09:38:05.320,3.402,9100
2020-10-20 09:38:05.320,3.402,2900
2020-10-20 09:38:05.320,3.402,7100
2020-10-20 09:38:06.270,3.402,7900
2020-10-20 09:38:06.510,3.402,1000
2020-10-20 09:38:07.640,3.402,300
2020-10-20 09:38:07.770,3.402,4000
2020-10-20 09:38:09.040,3.401,60000
2020-10-20 09:38:09.470,3.401,80000
2020-10-20 09:38:09.530,3.401,40000
2020-10-20 09:38:09.800,3.401,88100
2020-10-20 09:38:09.800,3.401,2200
2020-10-20 09:38:09.800,3.401,30000
2020-10-20 09:38:15.290,3.4,1000
2020-10-20 09:38:15.290,3.4,8500
2020-10-20 09:38:15.290,3.4,7600
2020-10-20 09:38:15.830,3.401,100
2020-10-20 09:38:16.660,3.401,1000
2020-10-20 09:38:17.890,3.401,500
2020-10-20 09:38:20.610,3.401,5000
2020-10-20 09:38:22.880,3.401,5200
2020-10-20 09:38:26.870,3.401,3600
2020-10-20 09:38:29.560,3.401,3000
2020-10-20 09:38:29.900,3.401,10000
2020-10-20 09:38:29.990,3.401,10000
2020-10-20 09:38:31.290,3.4,2800
2020-10-20 09:38:31.290,3.4,6000
2020-10-20 09:38:31.290,3.4,1200
2020-10-20 09:38:31.440,3.401,400
2020-10-20 09:38:31.820,3.401,500
2020-10-20 09:38:34.070,3.4,3500
2020-10-20 09:38:34.070,3.4,1000
2020-10-20 09:38:34.070,3.4,1000
2020-10-20 09:38:34.070,3.4,300
2020-10-20 09:38:34.070,3.4,2000
2020-10-20 09:38:34.070,3.4,3000
2020-10-20 09:38:34.070,3.4,49200
2020-10-20 09:38:35.210,3.4,17500
2020-10-20 09:38:35.210,3.4,100
2020-10-20 09:38:35.210,3.4,700
2020-10-20 09:38:35.210,3.4,2000
2020-10-20 09:38:36.790,3.4,600
2020-10-20 09:38:37.240,3.4,40000
2020-10-20 09:38:38.440,3.4,1500
2020-10-20 09:38:39.210,3.4,200
2020-10-20 09:38:39.710,3.399,12000
2020-10-20 09:38:39.710,3.399,1000
2020-10-20 09:38:39.710,3.399,300
2020-10-20 09:38:39.710,3.399,1000
2020-10-20 09:38:39.710,3.399,700
2020-10-20 09:38:39.710,3.399,6000
2020-10-20 09:38:39.710,3.399,1000
2020-10-20 09:38:39.710,3.399,10000
2020-10-20 09:38:39.710,3.399,2000
2020-10-20 09:38:39.710,3.399,20000
2020-10-20 09:38:39.710,3.399,4000
2020-10-20 09:38:39.710,3.399,500
2020-10-20 09:38:39.710,3.399,500
2020-10-20 09:38:39.710,3.399,2000
2020-10-20 09:38:39.710,3.399,100
2020-10-20 09:38:39.710,3.399,20000
2020-10-20 09:38:39.710,3.399,200
2020-10-20 09:38:39.710,3.399,6000
2020-10-20 09:38:39.710,3.399,4600
2020-10-20 09:38:41.840,3.399,2000
2020-10-20 09:38:42.050,3.399,2000
2020-10-20 09:38:43.860,3.398,8600
2020-10-20 09:38:44.540,3.399,10000
2020-10-20 09:38:48.460,3.399,1500
2020-10-20 09:38:48.460,3.399,2900
2020-10-20 09:38:48.680,3.398,4000
2020-10-20 09:38:48.810,3.399,10600
2020-10-20 09:38:50.420,3.399,5000
2020-10-20 09:38:51.250,3.398,24600
2020-10-20 09:38:54.160,3.399,1800
2020-10-20 09:38:54.160,3.399,8200
2020-10-20 09:38:54.370,3.398,1100
2020-10-20 09:38:54.930,3.399,1000
2020-10-20 09:38:56.830,3.399,2000
2020-10-20 09:38:56.920,3.399,188800
2020-10-20 09:38:56.920,3.399,1000
2020-10-20 09:38:56.920,3.399,1500
2020-10-20 09:38:56.920,3.399,6000
2020-10-20 09:38:56.920,3.399,10000
2020-10-20 09:38:56.920,3.399,1100
2020-10-20 09:38:57.550,3.399,7800
2020-10-20 09:38:58.490,3.399,11000
2020-10-20 09:38:59.460,3.399,1200
2020-10-20 09:38:59.940,3.399,9000
2020-10-20 09:39:01.370,3.399,3000
2020-10-20 09:39:01.650,3.399,15000
2020-10-20 09:39:01.980,3.399,15100
2020-10-20 09:39:01.980,3.399,200
2020-10-20 09:39:02.940,3.399,29300
2020-10-20 09:39:02.940,3.399,1500
2020-10-20 09:39:02.940,3.399,5300
2020-10-20 09:39:02.940,3.399,5000
2020-10-20 09:39:02.940,3.399,8900
2020-10-20 09:39:03.340,3.399,4000
2020-10-20 09:39:05.660,3.399,1900
2020-10-20 09:39:06.690,3.399,1000
2020-10-20 09:39:08.050,3.399,1000
2020-10-20 09:39:08.050,3.399,2100
2020-10-20 09:39:08.050,3.399,400
2020-10-20 09:39:08.570,3.399,10000
2020-10-20 09:39:09.240,3.399,300
2020-10-20 09:39:09.610,3.399,3000
2020-10-20 09:39:09.890,3.399,3000
2020-10-20 09:39:10.920,3.399,200
2020-10-20 09:39:10.920,3.399,600
2020-10-20 09:39:13.750,3.399,200
2020-10-20 09:39:15.340,3.399,5900
2020-10-20 09:39:16.020,3.399,10000
2020-10-20 09:39:16.290,3.399,200
2020-10-20 09:39:17.540,3.399,100
2020-10-20 09:39:18.790,3.399,20000
2020-10-20 09:39:19.330,3.399,3900
2020-10-20 09:39:19.330,3.399,10000
2020-10-20 09:39:19.330,3.399,7800
2020-10-20 09:39:20.900,3.399,5000
2020-10-20 09:39:22.790,3.399,500
2020-10-20 09:39:23.090,3.399,3100
2020-10-20 09:39:25.630,3.399,19700
2020-10-20 09:39:25.630,3.399,1000
2020-10-20 09:39:25.630,3.399,5100
2020-10-20 09:39:25.630,3.399,4200
2020-10-20 09:39:25.900,3.399,7000
2020-10-20 09:39:32.650,3.399,2500
2020-10-20 09:39:32.650,3.399,500
2020-10-20 09:39:32.650,3.399,1000
2020-10-20 09:39:32.650,3.399,600
2020-10-20 09:39:32.650,3.398,5400
2020-10-20 09:39:36.000,3.399,1000
2020-10-20 09:39:36.000,3.399,200
2020-10-20 09:39:36.000,3.399,300
2020-10-20 09:39:38.680,3.399,100
2020-10-20 09:39:39.390,3.399,400
2020-10-20 09:39:40.840,3.398,23200
2020-10-20 09:39:43.040,3.399,800
2020-10-20 09:39:45.050,3.398,10000
2020-10-20 09:39:48.500,3.399,4200
2020-10-20 09:39:48.500,3.399,3000
2020-10-20 09:39:48.500,3.399,2800
2020-10-20 09:39:52.310,3.398,7200
2020-10-20 09:39:54.200,3.398,9000
2020-10-20 09:39:54.230,3.399,1800
2020-10-20 09:39:54.470,3.398,298500
2020-10-20 09:39:54.590,3.398,43300
2020-10-20 09:39:54.590,3.398,200
2020-10-20 09:39:54.590,3.398,1600
2020-10-20 09:39:54.590,3.398,300
2020-10-20 09:39:54.590,3.398,2000
2020-10-20 09:39:54.590,3.398,400
2020-10-20 09:39:54.590,3.398,2000
2020-10-20 09:39:54.590,3.398,11000
2020-10-20 09:39:54.590,3.398,5000
2020-10-20 09:39:54.590,3.398,1000
2020-10-20 09:39:54.590,3.398,100
2020-10-20 09:39:54.590,3.398,5000
2020-10-20 09:39:54.590,3.398,3000
2020-10-20 09:39:54.590,3.398,200
2020-10-20 09:39:54.590,3.398,900
2020-10-20 09:39:54.590,3.398,40000
2020-10-20 09:39:54.590,3.398,2000
2020-10-20 09:39:54.590,3.398,100
2020-10-20 09:39:54.590,3.398,3000
2020-10-20 09:39:54.590,3.398,600
2020-10-20 09:39:54.590,3.398,5000
2020-10-20 09:39:54.590,3.398,600
2020-10-20 09:39:54.590,3.398,500
2020-10-20 09:39:54.590,3.398,3000
2020-10-20 09:39:54.590,3.398,30000
2020-10-20 09:39:54.590,3.398,1100
2020-10-20 09:39:54.590,3.398,1000
2020-10-20 09:39:54.590,3.398,1000
2020-10-20 09:39:54.590,3.398,2500
2020-10-20 09:39:54.590,3.398,10000
2020-10-20 09:39:54.590,3.398,10000
2020-10-20 09:39:54.590,3.398,500
2020-10-20 09:39:54.590,3.398,5000
2020-10-20 09:39:54.590,3.398,74500
2020-10-20 09:39:54.590,3.398,300
2020-10-20 09:39:54.590,3.398,2800
2020-10-20 09:39:54.590,3.398,1000
2020-10-20 09:39:54.590,3.398,3000
2020-10-20 09:39:54.590,3.398,14500
2020-10-20 09:39:54.590,3.398,2900
2020-10-20 09:39:54.590,3.398,300
2020-10-20 09:39:54.590,3.398,300
2020-10-20 09:39:58.040,3.397,50100
2020-10-20 09:39:58.040,3.397,700
2020-10-20 09:39:58.040,3.397,1000
2020-10-20 09:39:58.040,3.397,3000
2020-10-20 09:39:58.040,3.397,15000
2020-10-20 09:39:58.040,3.397,5000
2020-10-20 09:39:58.040,3.397,100
2020-10-20 09:39:58.040,3.397,2000
2020-10-20 09:39:58.040,3.397,2000
2020-10-20 09:39:58.040,3.397,200
2020-10-20 09:39:58.040,3.397,10000
2020-10-20 09:39:58.040,3.397,15000
2020-10-20 09:39:58.040,3.397,2300
2020-10-20 09:39:58.040,3.397,500
2020-10-20 09:39:58.040,3.397,1900
2020-10-20 09:39:58.040,3.397,100
2020-10-20 09:39:58.040,3.397,5000
2020-10-20 09:39:58.040,3.397,1000
2020-10-20 09:39:58.040,3.397,100
2020-10-20 09:39:58.040,3.397,2000
2020-10-20 09:39:58.040,3.397,5000
2020-10-20 09:39:58.040,3.397,3000
2020-10-20 09:39:58.040,3.397,1100
2020-10-20 09:39:58.040,3.397,5000
2020-10-20 09:39:58.040,3.397,2000
2020-10-20 09:39:58.040,3.397,2000
2020-10-20 09:39:58.040,3.397,200
2020-10-20 09:39:58.040,3.397,3000
2020-10-20 09:39:58.040,3.397,14800
2020-10-20 09:39:58.040,3.397,1600
2020-10-20 09:39:58.040,3.397,4000
2020-10-20 09:39:58.040,3.397,10000
2020-10-20 09:39:58.040,3.397,100
2020-10-20 09:39:58.040,3.397,7100
2020-10-20 09:39:59.370,3.396,4600
2020-10-20 09:39:59.370,3.396,200
2020-10-20 09:39:59.370,3.396,10000
2020-10-20 09:39:59.370,3.396,100
2020-10-20 09:39:59.370,3.396,1000
2020-10-20 09:39:59.370,3.396,1500
2020-10-20 09:39:59.370,3.396,2000
2020-10-20 09:39:59.370,3.396,500
2020-10-20 09:39:59.370,3.396,2000
2020-10-20 09:39:59.370,3.396,1000
2020-10-20 09:39:59.370,3.396,10000
2020-10-20 09:39:59.370,3.396,7000
2020-10-20 09:39:59.370,3.396,5000
2020-10-20 09:39:59.370,3.396,3000
2020-10-20 09:39:59.370,3.396,200
2020-10-20 09:39:59.370,3.396,7000
2020-10-20 09:39:59.370,3.396,100
2020-10-20 09:39:59.370,3.396,2500
2020-10-20 09:39:59.370,3.396,1700
2020-10-20 09:39:59.370,3.396,2000
2020-10-20 09:39:59.370,3.396,2000
2020-10-20 09:39:59.370,3.396,500
2020-10-20 09:39:59.370,3.396,700
2020-10-20 09:39:59.370,3.396,20000
2020-10-20 09:39:59.370,3.396,2000
2020-10-20 09:39:59.370,3.396,38400
2020-10-20 09:40:00.240,3.397,2500
2020-10-20 09:40:04.690,3.397,50000
2020-10-20 09:40:05.260,3.396,11600
2020-10-20 09:40:05.260,3.396,10000
2020-10-20 09:40:05.260,3.396,2000
2020-10-20 09:40:05.260,3.396,100
2020-10-20 09:40:05.260,3.396,300
2020-10-20 09:40:05.260,3.396,10000
2020-10-20 09:40:05.260,3.396,100
2020-10-20 09:40:05.260,3.396,10000
2020-10-20 09:40:05.260,3.396,200
2020-10-20 09:40:05.260,3.396,10000
2020-10-20 09:40:05.260,3.396,2400
2020-10-20 09:40:05.260,3.396,400
2020-10-20 09:40:05.260,3.396,5000
2020-10-20 09:40:05.260,3.396,500
2020-10-20 09:40:05.260,3.396,200
2020-10-20 09:40:05.260,3.396,1000
2020-10-20 09:40:05.260,3.396,500
2020-10-20 09:40:05.260,3.396,9600
2020-10-20 09:40:05.260,3.396,3000
2020-10-20 09:40:05.260,3.396,1000
2020-10-20 09:40:05.260,3.396,2000
2020-10-20 09:40:05.260,3.396,10000
2020-10-20 09:40:05.260,3.396,10000
2020-10-20 09:40:05.260,3.396,2000
2020-10-20 09:40:05.260,3.396,100
2020-10-20 09:40:05.260,3.396,100
2020-10-20 09:40:05.260,3.396,100
2020-10-20 09:40:05.260,3.396,1000
2020-10-20 09:40:05.260,3.396,100
2020-10-20 09:40:05.260,3.396,400
2020-10-20 09:40:05.260,3.396,1900
2020-10-20 09:40:05.260,3.396,1000
2020-10-20 09:40:05.260,3.396,100
2020-10-20 09:40:05.260,3.396,2000
2020-10-20 09:40:05.260,3.396,1000
2020-10-20 09:40:05.260,3.396,500
2020-10-20 09:40:05.260,3.396,200
2020-10-20 09:40:05.260,3.396,500
2020-10-20 09:40:05.260,3.396,2000
2020-10-20 09:40:05.260,3.396,200
2020-10-20 09:40:05.260,3.396,1000
2020-10-20 09:40:05.260,3.396,3000
2020-10-20 09:40:05.260,3.396,6200
2020-10-20 09:40:05.260,3.396,300
2020-10-20 09:40:05.260,3.396,1000
2020-10-20 09:40:05.260,3.396,1000
2020-10-20 09:40:05.260,3.396,1000
2020-10-20 09:40:05.550,3.395,1000
2020-10-20 09:40:05.730,3.396,2000
2020-10-20 09:40:06.430,3.396,5000
2020-10-20 09:40:07.220,3.396,5900
2020-10-20 09:40:08.050,3.395,1000
2020-10-20 09:40:08.050,3.395,6500
2020-10-20 09:40:08.050,3.395,200
2020-10-20 09:40:08.050,3.395,100
2020-10-20 09:40:08.050,3.395,100
2020-10-20 09:40:08.050,3.395,1000
2020-10-20 09:40:08.050,3.395,5000
2020-10-20 09:40:08.050,3.395,1100
2020-10-20 09:40:08.560,3.396,20000
2020-10-20 09:40:08.600,3.396,1000
2020-10-20 09:40:10.310,3.396,9000
2020-10-20 09:40:10.580,3.396,3000
2020-10-20 09:40:11.420,3.395,900
2020-10-20 09:40:11.420,3.395,1400
2020-10-20 09:40:11.420,3.395,5100
2020-10-20 09:40:11.420,3.395,4900
2020-10-20 09:40:11.420,3.395,1000
2020-10-20 09:40:11.420,3.395,1500
2020-10-20 09:40:11.880,3.396,200
2020-10-20 09:40:12.720,3.396,2600
2020-10-20 09:40:13.290,3.396,4500
2020-10-20 09:40:13.440,3.395,500
2020-10-20 09:40:13.890,3.395,1000
2020-10-20 09:40:13.890,3.395,2000
2020-10-20 09:40:14.010,3.396,9600
2020-10-20 09:40:14.200,3.396,300
2020-10-20 09:40:15.340,3.395,1500
2020-10-20 09:40:15.800,3.395,900
2020-10-20 09:40:17.080,3.396,1000
2020-10-20 09:40:17.680,3.396,200
2020-10-20 09:40:17.680,3.395,5600
2020-10-20 09:40:17.680,3.395,1900
2020-10-20 09:40:17.750,3.396,1000
2020-10-20 09:40:17.840,3.395,7500
2020-10-20 09:40:17.960,3.395,1100
2020-10-20 09:40:18.260,3.396,3300
2020-10-20 09:40:19.440,3.395,1800
2020-10-20 09:40:19.730,3.395,2400
2020-10-20 09:40:19.730,3.395,2600
2020-10-20 09:40:21.760,3.396,6000
2020-10-20 09:40:22.470,3.396,10000
2020-10-20 09:40:23.700,3.396,1000
2020-10-20 09:40:23.780,3.395,2800
2020-10-20 09:40:26.100,3.395,2100
2020-10-20 09:40:26.100,3.395,2000
2020-10-20 09:40:26.100,3.395,100
2020-10-20 09:40:26.100,3.395,200
2020-10-20 09:40:26.710,3.395,6800
2020-10-20 09:40:26.710,3.395,2200
2020-10-20 09:40:26.980,3.396,5000
2020-10-20 09:40:27.990,3.395,2400
2020-10-20 09:40:31.570,3.395,2400
2020-10-20 09:40:31.570,3.395,600
2020-10-20 09:40:31.570,3.395,200
2020-10-20 09:40:31.570,3.395,3000
2020-10-20 09:40:31.570,3.395,200
2020-10-20 09:40:31.570,3.395,6100
2020-10-20 09:40:31.570,3.395,2100
2020-10-20 09:40:31.570,3.395,16700
2020-10-20 09:40:32.380,3.396,6000
2020-10-20 09:40:32.570,3.395,3300
2020-10-20 09:40:32.570,3.395,2000
2020-10-20 09:40:32.570,3.395,4700
2020-10-20 09:40:32.700,3.395,5300
2020-10-20 09:40:32.700,3.395,3000
2020-10-20 09:40:32.700,3.395,5000
2020-10-20 09:40:32.700,3.395,100
2020-10-20 09:40:32.700,3.395,2000
2020-10-20 09:40:32.700,3.395,2000
2020-10-20 09:40:32.700,3.395,4000
2020-10-20 09:40:32.700,3.395,1000
2020-10-20 09:40:32.700,3.395,15000
2020-10-20 09:40:32.700,3.395,1000
2020-10-20 09:40:32.700,3.395,10000
2020-10-20 09:40:32.700,3.395,100
2020-10-20 09:40:32.700,3.395,1000
2020-10-20 09:40:32.700,3.395,5900
2020-10-20 09:40:32.700,3.395,3000
2020-10-20 09:40:32.700,3.395,2900
2020-10-20 09:40:32.700,3.395,800
2020-10-20 09:40:32.700,3.395,6000
2020-10-20 09:40:32.700,3.395,1000
2020-10-20 09:40:32.700,3.395,1000
2020-10-20 09:40:32.700,3.395,1000
2020-10-20 09:40:32.700,3.395,500
2020-10-20 09:40:33.170,3.396,500
2020-10-20 09:40:33.710,3.395,500
2020-10-20 09:40:33.710,3.395,5000
2020-10-20 09:40:33.710,3.395,800
2020-10-20 09:40:34.320,3.396,100
2020-10-20 09:40:35.150,3.395,200
2020-10-20 09:40:35.150,3.395,500
2020-10-20 09:40:35.150,3.395,500
2020-10-20 09:40:35.150,3.395,8800
2020-10-20 09:40:35.150,3.395,30000
2020-10-20 09:40:37.100,3.395,100
2020-10-20 09:40:37.160,3.395,1100
2020-10-20 09:40:37.160,3.395,1800
2020-10-20 09:40:37.570,3.396,400
2020-10-20 09:40:37.890,3.395,100
2020-10-20 09:40:37.950,3.395,8100
2020-10-20 09:40:37.950,3.395,6800
2020-10-20 09:40:38.640,3.396,800
2020-10-20 09:40:38.690,3.395,8300
2020-10-20 09:40:38.690,3.395,1000
2020-10-20 09:40:38.690,3.395,1000
2020-10-20 09:40:38.690,3.395,10000
2020-10-20 09:40:38.690,3.395,30000
2020-10-20 09:40:38.690,3.395,3600
2020-10-20 09:40:38.690,3.395,300
2020-10-20 09:40:38.690,3.395,1000
2020-10-20 09:40:38.690,3.395,30000
2020-10-20 09:40:38.690,3.395,4000
2020-10-20 09:40:38.690,3.395,10000
2020-10-20 09:40:39.280,3.395,1000
2020-10-20 09:40:39.790,3.395,100
2020-10-20 09:40:40.340,3.395,400
2020-10-20 09:40:41.900,3.395,300
2020-10-20 09:40:42.020,3.395,2000
2020-10-20 09:40:43.150,3.394,12000
2020-10-20 09:40:43.150,3.394,200
2020-10-20 09:40:43.150,3.394,100
2020-10-20 09:40:43.150,3.394,1000
2020-10-20 09:40:43.150,3.394,2000
2020-10-20 09:40:43.150,3.394,2000
2020-10-20 09:40:43.150,3.394,3000
2020-10-20 09:40:43.150,3.394,14000
2020-10-20 09:40:43.150,3.394,10000
2020-10-20 09:40:43.150,3.394,1000
2020-10-20 09:40:43.150,3.394,2000
2020-10-20 09:40:43.150,3.394,10000
2020-10-20 09:40:43.150,3.394,2700
2020-10-20 09:40:43.400,3.395,1000
2020-10-20 09:40:44.080,3.395,5000
2020-10-20 09:40:44.530,3.395,200
2020-10-20 09:40:44.690,3.395,4000
2020-10-20 09:40:44.850,3.395,2000
2020-10-20 09:40:44.950,3.395,300
2020-10-20 09:40:46.160,3.394,100
2020-10-20 09:40:46.520,3.395,2000
2020-10-20 09:40:46.760,3.395,5000
2020-10-20 09:40:47.050,3.395,20000
2020-10-20 09:40:47.700,3.395,10000
2020-10-20 09:40:48.920,3.395,700
2020-10-20 09:40:48.920,3.395,700
2020-10-20 09:40:48.920,3.395,3600
2020-10-20 09:40:49.210,3.395,200
2020-10-20 09:40:50.010,3.394,300
2020-10-20 09:40:50.520,3.395,500
2020-10-20 09:40:51.320,3.395,100
2020-10-20 09:40:51.390,3.394,900
2020-10-20 09:40:51.390,3.394,1000
2020-10-20 09:40:52.540,3.395,3000
2020-10-20 09:40:53.210,3.395,900
2020-10-20 09:40:53.210,3.395,2100
2020-10-20 09:40:53.650,3.395,5000
2020-10-20 09:40:54.280,3.395,1700
2020-10-20 09:40:54.500,3.395,2000
2020-10-20 09:40:54.560,3.394,4400
2020-10-20 09:40:55.170,3.395,100
2020-10-20 09:40:56.960,3.395,1500
2020-10-20 09:40:56.990,3.395,1200
2020-10-20 09:40:57.950,3.395,2000
2020-10-20 09:40:58.960,3.395,3000
2020-10-20 09:40:58.990,3.394,9600
2020-10-20 09:40:58.990,3.394,1000
2020-10-20 09:40:58.990,3.394,93300
2020-10-20 09:40:58.990,3.394,4000
2020-10-20 09:40:58.990,3.394,2300
2020-10-20 09:40:59.840,3.395,31400
2020-10-20 09:40:59.840,3.395,600
2020-10-20 09:40:59.840,3.395,2800
2020-10-20 09:40:59.840,3.395,3000
2020-10-20 09:40:59.840,3.395,30000
2020-10-20 09:41:00.190,3.395,12200
2020-10-20 09:41:00.280,3.395,41600
2020-10-20 09:41:01.530,3.395,400
2020-10-20 09:41:02.160,3.395,3000
2020-10-20 09:41:02.620,3.395,3400
2020-10-20 09:41:02.830,3.395,400
2020-10-20 09:41:03.160,3.395,200
2020-10-20 09:41:03.680,3.395,3200
2020-10-20 09:41:04.130,3.395,17800
2020-10-20 09:41:04.130,3.395,2000
2020-10-20 09:41:04.130,3.395,600
2020-10-20 09:41:04.130,3.395,100
2020-10-20 09:41:04.130,3.395,30000
2020-10-20 09:41:04.130,3.394,2700
2020-10-20 09:41:04.130,3.394,800
2020-10-20 09:41:04.130,3.394,10000
2020-10-20 09:41:04.310,3.394,5000
2020-10-20 09:41:05.230,3.395,3600
2020-10-20 09:41:05.230,3.395,7300
2020-10-20 09:41:05.230,3.394,15000
2020-10-20 09:41:05.230,3.394,500
2020-10-20 09:41:05.230,3.394,15600
2020-10-20 09:41:06.540,3.394,10000
2020-10-20 09:41:07.630,3.395,1200
2020-10-20 09:41:07.630,3.395,6900
2020-10-20 09:41:07.840,3.395,23100
2020-10-20 09:41:07.840,3.395,30000
2020-10-20 09:41:07.840,3.395,55900
2020-10-20 09:41:08.700,3.396,30000
2020-10-20 09:41:08.770,3.396,30000
2020-10-20 09:41:09.030,3.396,15000
2020-10-20 09:41:09.030,3.396,1300
2020-10-20 09:41:09.030,3.396,3800
2020-10-20 09:41:09.030,3.396,4000
2020-10-20 09:41:09.030,3.396,300
2020-10-20 09:41:09.030,3.396,7300
2020-10-20 09:41:09.030,3.396,1300
2020-10-20 09:41:09.680,3.396,600
2020-10-20 09:41:10.690,3.397,9600
2020-10-20 09:41:10.690,3.397,3000
2020-10-20 09:41:12.150,3.397,800
2020-10-20 09:41:12.660,3.398,1300
2020-10-20 09:41:12.660,3.398,298700
2020-10-20 09:41:13.790,3.398,300000
2020-10-20 09:41:14.240,3.398,30000
2020-10-20 09:41:14.240,3.398,30000
2020-10-20 09:41:16.400,3.398,200
2020-10-20 09:41:19.090,3.398,4800
2020-10-20 09:41:19.090,3.398,200
2020-10-20 09:41:19.090,3.398,200
2020-10-20 09:41:19.120,3.398,100
2020-10-20 09:41:19.120,3.398,8000
2020-10-20 09:41:21.620,3.398,1300
2020-10-20 09:41:21.650,3.398,100
2020-10-20 09:41:24.060,3.398,10500
2020-10-20 09:41:24.060,3.398,3500
2020-10-20 09:41:24.060,3.398,100
2020-10-20 09:41:24.060,3.398,200
2020-10-20 09:41:24.060,3.398,5700
2020-10-20 09:41:24.150,3.399,400
2020-10-20 09:41:24.150,3.399,100
2020-10-20 09:41:24.150,3.399,500
2020-10-20 09:41:24.150,3.399,1000
2020-10-20 09:41:24.820,3.398,5000
2020-10-20 09:41:25.150,3.398,9300
2020-10-20 09:41:25.150,3.398,3000
2020-10-20 09:41:25.150,3.398,7700
2020-10-20 09:41:25.540,3.399,300
2020-10-20 09:41:26.500,3.399,700
2020-10-20 09:41:26.500,3.399,19300
2020-10-20 09:41:28.680,3.398,7700
2020-10-20 09:41:28.680,3.398,1000
2020-10-20 09:41:28.680,3.398,1000
2020-10-20 09:41:28.680,3.398,300
2020-10-20 09:41:29.270,3.399,8300
2020-10-20 09:41:29.800,3.399,200
2020-10-20 09:41:30.130,3.398,300
2020-10-20 09:41:31.640,3.398,2400
2020-10-20 09:41:31.640,3.398,2000
2020-10-20 09:41:31.640,3.398,2000
2020-10-20 09:41:31.640,3.398,3600
2020-10-20 09:41:31.940,3.398,1400
2020-10-20 09:41:31.940,3.398,2000
2020-10-20 09:41:34.490,3.398,10000
2020-10-20 09:41:39.220,3.398,300
2020-10-20 09:41:39.420,3.398,2000
2020-10-20 09:41:39.660,3.398,30000
2020-10-20 09:41:40.450,3.398,100000
2020-10-20 09:41:40.670,3.398,18000
2020-10-20 09:41:41.350,3.397,142800
2020-10-20 09:41:44.320,3.398,200
2020-10-20 09:41:44.440,3.397,4700
2020-10-20 09:41:44.640,3.398,300
2020-10-20 09:41:45.720,3.398,2600
2020-10-20 09:41:47.850,3.398,7000
2020-10-20 09:41:48.260,3.398,700
2020-10-20 09:41:49.110,3.397,100
2020-10-20 09:41:50.030,3.398,400
2020-10-20 09:41:51.570,3.397,5000
2020-10-20 09:41:51.570,3.398,20000
2020-10-20 09:41:51.970,3.398,500
2020-10-20 09:41:52.120,3.398,400
2020-10-20 09:41:53.670,3.398,10000
2020-10-20 09:41:53.820,3.398,94200
2020-10-20 09:41:53.820,3.398,300
2020-10-20 09:41:53.820,3.398,1100
2020-10-20 09:41:53.820,3.398,200
2020-10-20 09:41:53.820,3.398,56000
2020-10-20 09:41:53.820,3.398,154100
2020-10-20 09:41:53.990,3.397,2000
2020-10-20 09:41:53.990,3.398,800
2020-10-20 09:41:54.410,3.398,145100
2020-10-20 09:41:54.410,3.398,10000
2020-10-20 09:41:54.410,3.398,7900
2020-10-20 09:41:54.410,3.398,7500
2020-10-20 09:41:54.440,3.398,5000
2020-10-20 09:41:54.470,3.398,30000
2020-10-20 09:41:55.750,3.398,94500
2020-10-20 09:41:55.990,3.398,500
2020-10-20 09:41:56.590,3.398,30000
2020-10-20 09:41:56.690,3.398,30000
2020-10-20 09:41:56.990,3.398,2000
2020-10-20 09:41:57.450,3.398,1000
2020-10-20 09:41:58.190,3.398,30000
2020-10-20 09:41:58.660,3.398,112000
2020-10-20 09:41:58.660,3.398,1300
2020-10-20 09:41:59.040,3.399,30000
2020-10-20 09:41:59.220,3.399,5000
2020-10-20 09:41:59.220,3.399,12000
2020-10-20 09:41:59.930,3.398,128200
2020-10-20 09:42:00.670,3.399,288000
2020-10-20 09:42:00.670,3.399,1200
2020-10-20 09:42:02.110,3.399,500
2020-10-20 09:42:02.680,3.399,3000
2020-10-20 09:42:04.750,3.399,900
2020-10-20 09:42:05.940,3.399,6400
2020-10-20 09:42:05.940,3.399,8600
2020-10-20 09:42:07.360,3.4,1000
2020-10-20 09:42:07.360,3.4,3000
2020-10-20 09:42:07.360,3.4,100
2020-10-20 09:42:07.360,3.4,200
2020-10-20 09:42:07.360,3.4,8700
2020-10-20 09:42:07.360,3.4,50000
2020-10-20 09:42:07.360,3.4,1000
2020-10-20 09:42:07.360,3.4,400
2020-10-20 09:42:07.360,3.4,51100
2020-10-20 09:42:08.860,3.4,28900
2020-10-20 09:42:08.860,3.4,700
2020-10-20 09:42:11.190,3.4,100
2020-10-20 09:42:12.050,3.401,31800
2020-10-20 09:42:12.050,3.401,20000
2020-10-20 09:42:12.050,3.401,50000
2020-10-20 09:42:12.050,3.401,120000
2020-10-20 09:42:12.050,3.401,100
2020-10-20 09:42:12.050,3.401,10000
2020-10-20 09:42:12.170,3.401,500
2020-10-20 09:42:13.060,3.402,1000
2020-10-20 09:42:13.780,3.402,2000
2020-10-20 09:42:14.250,3.401,7400
2020-10-20 09:42:14.500,3.401,100
2020-10-20 09:42:19.200,3.402,2000
2020-10-20 09:42:19.200,3.402,100
2020-10-20 09:42:19.200,3.402,2000
2020-10-20 09:42:19.200,3.402,4900
2020-10-20 09:42:22.720,3.402,2100
2020-10-20 09:42:22.720,3.402,10000
2020-10-20 09:42:22.720,3.402,1000
2020-10-20 09:42:22.720,3.402,800
2020-10-20 09:42:22.720,3.402,3000
2020-10-20 09:42:22.840,3.401,100
2020-10-20 09:42:22.840,3.401,100
2020-10-20 09:42:22.840,3.401,100
2020-10-20 09:42:22.840,3.401,100
2020-10-20 09:42:22.840,3.401,100
2020-10-20 09:42:22.840,3.401,100
2020-10-20 09:42:22.840,3.401,100
2020-10-20 09:42:22.880,3.401,100
2020-10-20 09:42:22.880,3.401,100
2020-10-20 09:42:22.880,3.401,100
2020-10-20 09:42:22.910,3.401,100
2020-10-20 09:42:22.910,3.401,100
2020-10-20 09:42:22.910,3.401,100
2020-10-20 09:42:22.910,3.401,100
2020-10-20 09:42:22.910,3.401,100
2020-10-20 09:42:22.910,3.401,100
2020-10-20 09:42:22.910,3.401,100
2020-10-20 09:42:22.940,3.401,100
2020-10-20 09:42:22.940,3.401,100
2020-10-20 09:42:22.940,3.401,100
2020-10-20 09:42:22.940,3.401,100
2020-10-20 09:42:22.940,3.401,100
2020-10-20 09:42:22.940,3.401,100
2020-10-20 09:42:23.010,3.401,100
2020-10-20 09:42:23.010,3.401,100
2020-10-20 09:42:23.010,3.401,100
2020-10-20 09:42:23.010,3.401,100
2020-10-20 09:42:23.010,3.401,100
2020-10-20 09:42:23.010,3.401,100
2020-10-20 09:42:23.010,3.401,100
2020-10-20 09:42:23.070,3.401,100
2020-10-20 09:42:23.070,3.401,100
2020-10-20 09:42:23.070,3.401,100
2020-10-20 09:42:23.070,3.401,100
2020-10-20 09:42:23.070,3.401,100
2020-10-20 09:42:23.070,3.401,100
2020-10-20 09:42:23.070,3.401,100
2020-10-20 09:42:23.090,3.401,100
2020-10-20 09:42:23.090,3.401,100
2020-10-20 09:42:23.090,3.401,100
2020-10-20 09:42:23.090,3.401,100
2020-10-20 09:42:23.090,3.401,100
2020-10-20 09:42:23.090,3.401,100
2020-10-20 09:42:23.090,3.401,100
2020-10-20 09:42:23.160,3.401,100
2020-10-20 09:42:23.160,3.401,100
2020-10-20 09:42:23.160,3.401,100
2020-10-20 09:42:23.160,3.401,100
2020-10-20 09:42:23.160,3.401,100
2020-10-20 09:42:23.160,3.401,100
2020-10-20 09:42:23.250,3.401,100
2020-10-20 09:42:23.250,3.401,100
2020-10-20 09:42:23.250,3.401,100
2020-10-20 09:42:23.250,3.401,100
2020-10-20 09:42:23.250,3.401,100
2020-10-20 09:42:23.250,3.401,100
2020-10-20 09:42:23.250,3.401,100
2020-10-20 09:42:23.250,3.401,100
2020-10-20 09:42:23.250,3.401,100
2020-10-20 09:42:23.250,3.401,100
2020-10-20 09:42:23.250,3.401,100
2020-10-20 09:42:23.250,3.401,100
2020-10-20 09:42:23.320,3.401,100
2020-10-20 09:42:23.320,3.401,100
2020-10-20 09:42:23.320,3.401,100
2020-10-20 09:42:23.320,3.401,100
2020-10-20 09:42:23.320,3.401,100
2020-10-20 09:42:23.320,3.401,100
2020-10-20 09:42:23.350,3.401,100
2020-10-20 09:42:23.350,3.401,100
2020-10-20 09:42:23.350,3.401,100
2020-10-20 09:42:23.350,3.401,100
2020-10-20 09:42:23.350,3.401,100
2020-10-20 09:42:23.350,3.401,100
2020-10-20 09:42:23.410,3.401,100
2020-10-20 09:42:23.410,3.401,100
2020-10-20 09:42:23.410,3.401,100
2020-10-20 09:42:23.410,3.401,100
2020-10-20 09:42:23.410,3.401,100
2020-10-20 09:42:23.410,3.401,100
2020-10-20 09:42:23.410,3.401,100
2020-10-20 09:42:23.480,3.401,100
2020-10-20 09:42:23.480,3.401,100
2020-10-20 09:42:23.480,3.401,100
2020-10-20 09:42:23.480,3.401,100
2020-10-20 09:42:23.480,3.401,100
2020-10-20 09:42:23.510,3.401,100
2020-10-20 09:42:23.510,3.401,100
2020-10-20 09:42:23.510,3.401,100
2020-10-20 09:42:23.510,3.401,100
2020-10-20 09:42:23.690,3.402,2400
2020-10-20 09:42:25.850,3.401,3400
2020-10-20 09:42:26.300,3.402,9600
2020-10-20 09:42:26.300,3.402,4400
2020-10-20 09:42:26.480,3.402,100
2020-10-20 09:42:28.170,3.401,900
2020-10-20 09:42:28.730,3.401,12000
2020-10-20 09:42:28.880,3.402,200
2020-10-20 09:42:29.200,3.402,38600
2020-10-20 09:42:31.690,3.401,100
2020-10-20 09:42:31.690,3.401,100
2020-10-20 09:42:31.690,3.401,100
2020-10-20 09:42:31.690,3.401,100
2020-10-20 09:42:31.690,3.401,100
2020-10-20 09:42:31.690,3.401,100
2020-10-20 09:42:31.690,3.401,100
2020-10-20 09:42:31.690,3.401,100
2020-10-20 09:42:31.690,3.401,100
2020-10-20 09:42:31.690,3.401,100
2020-10-20 09:42:31.690,3.401,100
2020-10-20 09:42:31.690,3.401,100
2020-10-20 09:42:31.690,3.401,100
2020-10-20 09:42:31.780,3.401,100
2020-10-20 09:42:31.780,3.401,100
2020-10-20 09:42:31.780,3.401,100
2020-10-20 09:42:31.780,3.401,100
2020-10-20 09:42:31.780,3.401,100
2020-10-20 09:42:31.780,3.401,100
2020-10-20 09:42:31.780,3.401,100
2020-10-20 09:42:31.780,3.401,100
2020-10-20 09:42:31.780,3.401,100
2020-10-20 09:42:31.780,3.401,100
2020-10-20 09:42:31.780,3.401,100
2020-10-20 09:42:31.780,3.401,100
2020-10-20 09:42:31.780,3.401,100
2020-10-20 09:42:31.780,3.401,100
2020-10-20 09:42:31.780,3.401,100
2020-10-20 09:42:31.780,3.401,100
2020-10-20 09:42:31.830,3.401,100
2020-10-20 09:42:31.830,3.401,100
2020-10-20 09:42:31.830,3.401,100
2020-10-20 09:42:31.830,3.401,100
2020-10-20 09:42:31.830,3.401,100
2020-10-20 09:42:31.830,3.401,100
2020-10-20 09:42:31.860,3.401,100
2020-10-20 09:42:31.860,3.401,100
2020-10-20 09:42:31.860,3.401,100
2020-10-20 09:42:31.860,3.401,100
2020-10-20 09:42:31.860,3.401,100
2020-10-20 09:42:31.860,3.401,100
2020-10-20 09:42:31.970,3.401,100
2020-10-20 09:42:31.970,3.401,100
2020-10-20 09:42:31.970,3.401,100
2020-10-20 09:42:31.970,3.401,100
2020-10-20 09:42:31.970,3.401,100
2020-10-20 09:42:31.970,3.401,100
2020-10-20 09:42:31.970,3.401,100
2020-10-20 09:42:31.970,3.401,100
2020-10-20 09:42:31.970,3.401,100
2020-10-20 09:42:31.970,3.401,100
2020-10-20 09:42:32.030,3.401,100
2020-10-20 09:42:32.030,3.401,100
2020-10-20 09:42:32.030,3.401,100
2020-10-20 09:42:32.030,3.401,100
2020-10-20 09:42:32.030,3.401,100
2020-10-20 09:42:32.030,3.401,100
2020-10-20 09:42:32.090,3.401,100
2020-10-20 09:42:32.090,3.401,100
2020-10-20 09:42:32.090,3.401,100
2020-10-20 09:42:32.090,3.401,100
2020-10-20 09:42:32.090,3.401,100
2020-10-20 09:42:32.130,3.401,100
2020-10-20 09:42:32.130,3.401,100
2020-10-20 09:42:32.130,3.401,100
2020-10-20 09:42:32.130,3.401,100
2020-10-20 09:42:32.130,3.401,100
2020-10-20 09:42:32.190,3.401,100
2020-10-20 09:42:32.190,3.401,100
2020-10-20 09:42:32.190,3.401,100
2020-10-20 09:42:32.190,3.401,100
2020-10-20 09:42:32.220,3.401,100
2020-10-20 09:42:32.220,3.401,100
2020-10-20 09:42:32.280,3.401,100
2020-10-20 09:42:32.280,3.401,100
2020-10-20 09:42:32.280,3.401,100
2020-10-20 09:42:32.280,3.401,100
2020-10-20 09:42:32.340,3.401,100
2020-10-20 09:42:32.340,3.401,100
2020-10-20 09:42:32.340,3.401,100
2020-10-20 09:42:32.340,3.401,100
2020-10-20 09:42:32.340,3.401,100
2020-10-20 09:42:32.340,3.401,100
2020-10-20 09:42:32.370,3.401,100
2020-10-20 09:42:32.370,3.401,100
2020-10-20 09:42:32.370,3.401,100
2020-10-20 09:42:32.370,3.401,100
2020-10-20 09:42:32.370,3.401,100
2020-10-20 09:42:32.430,3.401,100
2020-10-20 09:42:32.640,3.401,100
2020-10-20 09:42:32.700,3.402,5000
2020-10-20 09:42:32.790,3.402,2600
2020-10-20 09:42:34.770,3.402,10000
2020-10-20 09:42:35.040,3.402,1000
2020-10-20 09:42:35.780,3.402,20000
2020-10-20 09:42:37.580,3.401,25800
2020-10-20 09:42:37.580,3.401,74200
2020-10-20 09:42:37.580,3.401,90000
2020-10-20 09:42:38.040,3.401,20000
2020-10-20 09:42:39.280,3.402,18100
2020-10-20 09:42:39.280,3.402,200
2020-10-20 09:42:39.280,3.402,3500
2020-10-20 09:42:39.280,3.402,400
2020-10-20 09:42:39.280,3.402,20000
2020-10-20 09:42:39.280,3.402,57800
2020-10-20 09:42:40.420,3.402,300
2020-10-20 09:42:41.260,3.401,6100
2020-10-20 09:42:41.260,3.401,300
2020-10-20 09:42:41.610,3.401,1000
2020-10-20 09:42:43.170,3.401,1500
2020-10-20 09:42:43.850,3.401,5000
2020-10-20 09:42:43.880,3.401,216100
2020-10-20 09:42:43.880,3.401,83900
2020-10-20 09:42:43.880,3.401,2000
2020-10-20 09:42:44.630,3.401,100
2020-10-20 09:42:47.590,3.401,2000
2020-10-20 09:42:49.670,3.4,100
2020-10-20 09:42:49.670,3.4,100
2020-10-20 09:42:49.670,3.4,100
2020-10-20 09:42:49.670,3.4,100
2020-10-20 09:42:49.670,3.4,100
2020-10-20 09:42:49.670,3.4,100
2020-10-20 09:42:49.670,3.4,100
2020-10-20 09:42:49.700,3.401,2000
2020-10-20 09:42:49.730,3.4,100
2020-10-20 09:42:49.730,3.4,100
2020-10-20 09:42:49.790,3.4,100
2020-10-20 09:42:49.790,3.4,100
2020-10-20 09:42:49.790,3.4,100
2020-10-20 09:42:49.790,3.4,100
2020-10-20 09:42:49.790,3.4,100
2020-10-20 09:42:49.850,3.4,100
2020-10-20 09:42:49.850,3.4,100
2020-10-20 09:42:49.880,3.4,100
2020-10-20 09:42:49.880,3.4,100
2020-10-20 09:42:49.880,3.4,100
2020-10-20 09:42:49.880,3.4,100
2020-10-20 09:42:49.880,3.4,100
2020-10-20 09:42:49.880,3.4,100
2020-10-20 09:42:49.880,3.4,100
2020-10-20 09:42:49.910,3.4,100
2020-10-20 09:42:49.910,3.4,100
2020-10-20 09:42:49.910,3.4,100
2020-10-20 09:42:49.910,3.4,100
2020-10-20 09:42:49.940,3.4,100
2020-10-20 09:42:49.940,3.4,100
2020-10-20 09:42:49.940,3.4,100
2020-10-20 09:42:49.940,3.4,100
2020-10-20 09:42:49.940,3.4,100
2020-10-20 09:42:49.940,3.4,100
2020-10-20 09:42:49.940,3.4,100
2020-10-20 09:42:49.940,3.4,100
2020-10-20 09:42:49.940,3.4,100
2020-10-20 09:42:49.940,3.4,100
2020-10-20 09:42:49.940,3.4,100
2020-10-20 09:42:49.940,3.4,100
2020-10-20 09:42:49.940,3.4,100
2020-10-20 09:42:49.940,3.4,100
2020-10-20 09:42:49.940,3.4,100
2020-10-20 09:42:49.970,3.4,100
2020-10-20 09:42:49.970,3.4,100
2020-10-20 09:42:49.970,3.4,100
2020-10-20 09:42:49.970,3.4,100
2020-10-20 09:42:49.970,3.4,100
2020-10-20 09:42:49.970,3.4,100
2020-10-20 09:42:50.030,3.4,100
2020-10-20 09:42:50.030,3.4,100
2020-10-20 09:42:50.090,3.4,100
2020-10-20 09:42:50.090,3.4,100
2020-10-20 09:42:50.090,3.4,100
2020-10-20 09:42:50.090,3.4,100
2020-10-20 09:42:50.090,3.4,100
2020-10-20 09:42:50.090,3.4,100
2020-10-20 09:42:50.090,3.4,100
2020-10-20 09:42:50.090,3.4,100
2020-10-20 09:42:50.090,3.4,100
2020-10-20 09:42:50.090,3.4,100
2020-10-20 09:42:50.090,3.4,100
2020-10-20 09:42:50.090,3.4,100
2020-10-20 09:42:50.090,3.4,100
2020-10-20 09:42:50.090,3.4,100
2020-10-20 09:42:50.120,3.4,100
2020-10-20 09:42:50.150,3.401,2900
2020-10-20 09:42:50.350,3.4,100
2020-10-20 09:42:50.350,3.4,100
2020-10-20 09:42:50.380,3.401,2100
2020-10-20 09:42:50.380,3.4,100
2020-10-20 09:42:50.380,3.4,100
2020-10-20 09:42:50.500,3.4,100
2020-10-20 09:42:50.500,3.4,100
2020-10-20 09:42:50.500,3.4,100
2020-10-20 09:42:50.500,3.4,100
2020-10-20 09:42:50.500,3.4,100
2020-10-20 09:42:50.500,3.4,100
2020-10-20 09:42:50.500,3.4,100
2020-10-20 09:42:50.500,3.4,100
2020-10-20 09:42:50.500,3.4,100
2020-10-20 09:42:50.500,3.4,100
2020-10-20 09:42:50.500,3.4,100
2020-10-20 09:42:50.500,3.4,100
2020-10-20 09:42:50.560,3.4,100
2020-10-20 09:42:50.560,3.4,100
2020-10-20 09:42:50.560,3.4,100
2020-10-20 09:42:50.560,3.4,100
2020-10-20 09:42:50.560,3.4,100
2020-10-20 09:42:50.560,3.4,100
2020-10-20 09:42:50.560,3.4,100
2020-10-20 09:42:50.590,3.4,100
2020-10-20 09:42:50.590,3.4,100
2020-10-20 09:42:51.200,3.401,47800
2020-10-20 09:42:51.200,3.401,500
2020-10-20 09:42:51.200,3.401,10000
2020-10-20 09:42:51.200,3.401,20000
2020-10-20 09:42:51.200,3.401,600
2020-10-20 09:42:51.200,3.402,21100
2020-10-20 09:42:52.760,3.402,20000
2020-10-20 09:42:53.810,3.401,100
2020-10-20 09:42:53.810,3.401,100
2020-10-20 09:42:53.810,3.401,100
2020-10-20 09:42:53.810,3.401,100
2020-10-20 09:42:53.810,3.401,100
2020-10-20 09:42:53.810,3.401,100
2020-10-20 09:42:53.810,3.401,100
2020-10-20 09:42:53.810,3.401,100
2020-10-20 09:42:53.810,3.401,100
2020-10-20 09:42:53.810,3.401,100
2020-10-20 09:42:53.870,3.401,100
2020-10-20 09:42:53.870,3.401,100
2020-10-20 09:42:53.870,3.401,100
2020-10-20 09:42:53.870,3.401,100
2020-10-20 09:42:53.870,3.401,100
2020-10-20 09:42:53.900,3.401,100
2020-10-20 09:42:53.900,3.401,100
2020-10-20 09:42:53.900,3.401,100
2020-10-20 09:42:53.900,3.401,100
2020-10-20 09:42:53.900,3.401,100
2020-10-20 09:42:53.900,3.401,100
2020-10-20 09:42:53.900,3.401,100
2020-10-20 09:42:53.900,3.401,100
2020-10-20 09:42:53.900,3.401,100
2020-10-20 09:42:53.960,3.401,100
2020-10-20 09:42:53.960,3.401,100
2020-10-20 09:42:53.960,3.401,100
2020-10-20 09:42:53.960,3.401,100
2020-10-20 09:42:53.960,3.401,100
2020-10-20 09:42:53.960,3.401,100
2020-10-20 09:42:54.020,3.401,100
2020-10-20 09:42:54.020,3.401,100
2020-10-20 09:42:54.020,3.401,100
2020-10-20 09:42:54.020,3.401,100
2020-10-20 09:42:54.020,3.401,100
2020-10-20 09:42:54.020,3.401,100
2020-10-20 09:42:54.020,3.401,100
2020-10-20 09:42:54.050,3.401,100
2020-10-20 09:42:54.050,3.401,100
2020-10-20 09:42:54.050,3.401,100
2020-10-20 09:42:54.050,3.401,100
2020-10-20 09:42:54.050,3.401,100
2020-10-20 09:42:54.120,3.401,100
2020-10-20 09:42:54.120,3.401,100
2020-10-20 09:42:54.120,3.401,100
2020-10-20 09:42:54.120,3.401,100
2020-10-20 09:42:54.120,3.401,100
2020-10-20 09:42:54.120,3.401,100
2020-10-20 09:42:54.150,3.401,100
2020-10-20 09:42:55.600,3.401,100
2020-10-20 09:42:55.600,3.401,100
2020-10-20 09:42:55.600,3.401,19800
2020-10-20 09:42:55.630,3.401,100
2020-10-20 09:42:55.660,3.401,100
2020-10-20 09:42:55.660,3.401,100
2020-10-20 09:42:55.660,3.401,100
2020-10-20 09:42:55.660,3.401,100
2020-10-20 09:42:55.660,3.401,100
2020-10-20 09:42:55.660,3.401,100
2020-10-20 09:42:55.840,3.401,100
2020-10-20 09:42:55.840,3.401,100
2020-10-20 09:42:55.840,3.401,100
2020-10-20 09:42:55.840,3.401,100
2020-10-20 09:42:55.840,3.401,100
2020-10-20 09:42:55.840,3.401,100
2020-10-20 09:42:55.840,3.401,100
2020-10-20 09:42:55.840,3.401,100
2020-10-20 09:42:55.840,3.401,100
2020-10-20 09:42:55.840,3.401,100
2020-10-20 09:42:55.840,3.401,100
2020-10-20 09:42:55.840,3.401,100
2020-10-20 09:42:55.840,3.401,100
2020-10-20 09:42:55.840,3.401,100
2020-10-20 09:42:55.840,3.401,100
2020-10-20 09:42:55.840,3.401,100
2020-10-20 09:42:55.840,3.401,100
2020-10-20 09:42:55.840,3.401,100
2020-10-20 09:42:55.910,3.401,100
2020-10-20 09:42:55.910,3.401,100
2020-10-20 09:42:55.910,3.401,100
2020-10-20 09:42:55.910,3.401,100
2020-10-20 09:42:55.910,3.401,100
2020-10-20 09:42:55.910,3.401,100
2020-10-20 09:42:55.910,3.401,100
2020-10-20 09:42:55.910,3.401,100
2020-10-20 09:42:55.910,3.401,100
2020-10-20 09:42:55.910,3.401,100
2020-10-20 09:42:56.000,3.401,100
2020-10-20 09:42:56.000,3.401,100
2020-10-20 09:42:56.000,3.401,100
2020-10-20 09:42:56.030,3.401,100
2020-10-20 09:42:56.130,3.401,100
2020-10-20 09:42:56.130,3.401,100
2020-10-20 09:42:58.900,3.401,20000
2020-10-20 09:43:00.640,3.401,1000
2020-10-20 09:43:00.800,3.401,200
2020-10-20 09:43:02.210,3.402,47200
2020-10-20 09:43:07.750,3.401,7600
2020-10-20 09:43:07.750,3.401,4000
2020-10-20 09:43:07.750,3.401,8000
2020-10-20 09:43:07.750,3.401,1000
2020-10-20 09:43:07.750,3.401,5000
2020-10-20 09:43:07.750,3.401,10000
2020-10-20 09:43:08.050,3.401,100
2020-10-20 09:43:10.170,3.401,5000
2020-10-20 09:43:14.580,3.401,300
2020-10-20 09:43:20.980,3.401,1000
2020-10-20 09:43:22.900,3.401,1000
2020-10-20 09:43:24.620,3.4,1000
2020-10-20 09:43:24.620,3.4,5000
2020-10-20 09:43:24.620,3.4,2000
2020-10-20 09:43:24.620,3.4,2900
2020-10-20 09:43:24.620,3.4,100
2020-10-20 09:43:24.620,3.4,39000
2020-10-20 09:43:27.230,3.401,30000
2020-10-20 09:43:31.000,3.401,10000
2020-10-20 09:43:33.500,3.401,3000
2020-10-20 09:43:33.900,3.401,2500
2020-10-20 09:43:39.240,3.4,200
2020-10-20 09:43:39.870,3.401,2000
2020-10-20 09:43:44.070,3.401,100
2020-10-20 09:43:47.230,3.4,10800
2020-10-20 09:43:47.230,3.4,6000
2020-10-20 09:43:47.230,3.4,600
2020-10-20 09:43:47.230,3.4,1000
2020-10-20 09:43:47.230,3.4,30000
2020-10-20 09:43:47.230,3.4,2000
2020-10-20 09:43:47.230,3.4,12000
2020-10-20 09:43:47.230,3.4,12300
2020-10-20 09:43:47.230,3.4,1000
2020-10-20 09:43:47.230,3.4,3000
2020-10-20 09:43:47.230,3.4,10000
2020-10-20 09:43:47.230,3.4,8900
2020-10-20 09:43:47.230,3.4,2400
2020-10-20 09:43:48.340,3.401,100
2020-10-20 09:43:53.440,3.4,600
2020-10-20 09:43:53.440,3.4,500
2020-10-20 09:43:53.440,3.4,3900
2020-10-20 09:43:58.400,3.4,2100
2020-10-20 09:43:58.400,3.4,7100
2020-10-20 09:43:58.400,3.4,9400
2020-10-20 09:43:58.400,3.4,7400
2020-10-20 09:43:58.910,3.401,4000
2020-10-20 09:43:58.990,3.401,5000
2020-10-20 09:44:01.590,3.4,200
2020-10-20 09:44:02.430,3.401,500
2020-10-20 09:44:03.000,3.401,13100
2020-10-20 09:44:03.860,3.401,100
2020-10-20 09:44:04.350,3.401,2000
2020-10-20 09:44:07.750,3.4,1000
2020-10-20 09:44:07.750,3.4,300
2020-10-20 09:44:08.250,3.401,4300
2020-10-20 09:44:10.350,3.4,800
2020-10-20 09:44:12.900,3.4,16600
2020-10-20 09:44:12.900,3.4,1000
2020-10-20 09:44:12.900,3.4,400
2020-10-20 09:44:13.540,3.401,200
2020-10-20 09:44:15.070,3.401,2500
2020-10-20 09:44:16.410,3.4,600
2020-10-20 09:44:16.410,3.4,3100
2020-10-20 09:44:16.410,3.4,2000
2020-10-20 09:44:16.410,3.4,1100
2020-10-20 09:44:16.410,3.4,500
2020-10-20 09:44:16.410,3.4,2000
2020-10-20 09:44:16.620,3.4,300
2020-10-20 09:44:16.680,3.4,500
2020-10-20 09:44:18.900,3.4,200
2020-10-20 09:44:18.960,3.4,2900
2020-10-20 09:44:19.110,3.4,200
2020-10-20 09:44:19.750,3.4,4000
2020-10-20 09:44:20.300,3.4,1700
2020-10-20 09:44:24.250,3.4,2000
2020-10-20 09:44:24.300,3.4,3000
2020-10-20 09:44:25.230,3.4,500
2020-10-20 09:44:26.260,3.4,3000
2020-10-20 09:44:27.820,3.4,1600
2020-10-20 09:44:30.380,3.4,7900
2020-10-20 09:44:30.380,3.4,7700
2020-10-20 09:44:30.380,3.4,2000
2020-10-20 09:44:30.880,3.4,900
2020-10-20 09:44:33.770,3.4,1600
2020-10-20 09:44:35.650,3.401,3000
2020-10-20 09:44:39.840,3.4,10000
2020-10-20 09:44:42.320,3.4,4500
2020-10-20 09:44:43.010,3.401,10000
2020-10-20 09:44:45.340,3.401,7400
2020-10-20 09:44:45.340,3.401,400
2020-10-20 09:44:45.340,3.401,3400
2020-10-20 09:44:45.340,3.401,13000
2020-10-20 09:44:45.340,3.401,3600
2020-10-20 09:44:45.340,3.401,10000
2020-10-20 09:44:45.340,3.401,25600
2020-10-20 09:44:45.340,3.401,236600
2020-10-20 09:44:45.930,3.401,63400
2020-10-20 09:44:45.930,3.401,2100
2020-10-20 09:44:45.930,3.401,50700
2020-10-20 09:44:45.930,3.401,2000
2020-10-20 09:44:45.930,3.401,181500
2020-10-20 09:44:45.990,3.401,118500
2020-10-20 09:44:45.990,3.401,9000
2020-10-20 09:44:45.990,3.401,500
2020-10-20 09:44:45.990,3.401,100
2020-10-20 09:44:45.990,3.401,7600
2020-10-20 09:44:45.990,3.401,4000
2020-10-20 09:44:48.400,3.401,600
2020-10-20 09:44:51.760,3.402,300
2020-10-20 09:44:51.760,3.402,10000
2020-10-20 09:44:51.760,3.402,2000
2020-10-20 09:44:51.760,3.402,2000
2020-10-20 09:44:51.760,3.402,1700
2020-10-20 09:44:53.050,3.402,2800
2020-10-20 09:44:53.320,3.402,500
2020-10-20 09:44:53.320,3.402,5000
2020-10-20 09:44:53.320,3.402,45500
2020-10-20 09:44:53.320,3.402,500
2020-10-20 09:44:53.320,3.402,50000
2020-10-20 09:44:53.320,3.402,1000
2020-10-20 09:44:53.320,3.402,9600
2020-10-20 09:44:53.320,3.402,49400
2020-10-20 09:44:53.690,3.402,50000
2020-10-20 09:44:53.800,3.402,27400
2020-10-20 09:44:55.330,3.403,230900
2020-10-20 09:44:55.330,3.403,5000
2020-10-20 09:44:55.330,3.403,100
2020-10-20 09:44:55.330,3.403,63000
2020-10-20 09:44:55.750,3.403,40300
2020-10-20 09:44:55.750,3.403,7000
2020-10-20 09:44:55.750,3.403,3000
2020-10-20 09:44:55.750,3.403,20000
2020-10-20 09:44:55.750,3.403,148700
2020-10-20 09:44:58.680,3.403,80000
2020-10-20 09:44:58.680,3.404,100
2020-10-20 09:44:58.680,3.404,5000
2020-10-20 09:44:58.680,3.404,10000
2020-10-20 09:44:58.680,3.404,10000
2020-10-20 09:44:58.680,3.404,100
2020-10-20 09:44:58.680,3.404,7000
2020-10-20 09:44:58.680,3.404,4000
2020-10-20 09:44:58.680,3.404,5000
2020-10-20 09:44:58.680,3.404,8000
2020-10-20 09:44:58.680,3.404,9700
2020-10-20 09:44:58.680,3.404,20000
2020-10-20 09:44:58.680,3.404,221100
2020-10-20 09:45:02.140,3.404,90000
2020-10-20 09:45:03.870,3.404,20000
2020-10-20 09:45:04.530,3.404,10000
2020-10-20 09:45:04.530,3.404,40000
2020-10-20 09:45:04.530,3.404,100000
2020-10-20 09:45:06.130,3.404,10000
2020-10-20 09:45:06.800,3.404,20000
2020-10-20 09:45:08.270,3.404,10000
2020-10-20 09:45:08.270,3.404,100
2020-10-20 09:45:08.470,3.404,61100
2020-10-20 09:45:08.950,3.403,1000
2020-10-20 09:45:08.950,3.403,19000
2020-10-20 09:45:13.120,3.402,500
2020-10-20 09:45:13.120,3.402,300
2020-10-20 09:45:13.120,3.402,10000
2020-10-20 09:45:13.120,3.402,1400
2020-10-20 09:45:13.120,3.402,300
2020-10-20 09:45:13.120,3.402,27300
2020-10-20 09:45:13.120,3.401,25200
2020-10-20 09:45:14.760,3.403,3000
2020-10-20 09:45:15.890,3.404,600
2020-10-20 09:45:16.400,3.404,500
2020-10-20 09:45:16.530,3.404,600
2020-10-20 09:45:17.370,3.404,2000
2020-10-20 09:45:20.370,3.403,600
2020-10-20 09:45:21.120,3.404,3600
2020-10-20 09:45:23.780,3.404,5900
2020-10-20 09:45:26.470,3.404,100
2020-10-20 09:45:26.910,3.404,1500
2020-10-20 09:45:26.940,3.404,2900
2020-10-20 09:45:27.980,3.404,300
2020-10-20 09:45:28.610,3.402,2000
2020-10-20 09:45:28.610,3.402,46000
2020-10-20 09:45:30.970,3.403,600
2020-10-20 09:45:31.030,3.403,1000
2020-10-20 09:45:31.560,3.403,100
2020-10-20 09:45:32.160,3.403,1000
2020-10-20 09:45:34.590,3.402,1100
2020-10-20 09:45:34.620,3.403,10000
2020-10-20 09:45:34.830,3.402,2900
2020-10-20 09:45:34.830,3.402,3100
2020-10-20 09:45:37.900,3.402,300
2020-10-20 09:45:38.190,3.403,300
2020-10-20 09:45:39.440,3.402,600
2020-10-20 09:45:40.140,3.403,7000
2020-10-20 09:45:40.140,3.403,13000
2020-10-20 09:45:40.630,3.403,287000
2020-10-20 09:45:40.630,3.403,5400
2020-10-20 09:45:40.880,3.402,300
2020-10-20 09:45:40.880,3.402,2200
2020-10-20 09:45:40.940,3.403,1500
2020-10-20 09:45:41.380,3.402,7000
2020-10-20 09:45:41.660,3.403,3300
2020-10-20 09:45:42.360,3.403,400
2020-10-20 09:45:42.460,3.403,700
2020-10-20 09:45:42.610,3.404,1100
2020-10-20 09:45:45.670,3.403,200
2020-10-20 09:45:45.700,3.404,209700
2020-10-20 09:45:45.700,3.404,90300
2020-10-20 09:45:46.550,3.404,31000
2020-10-20 09:45:46.730,3.403,129900
2020-10-20 09:45:46.730,3.403,10000
2020-10-20 09:45:46.730,3.402,20800
2020-10-20 09:45:46.730,3.402,1000
2020-10-20 09:45:46.730,3.402,58800
2020-10-20 09:45:46.730,3.402,179500
2020-10-20 09:45:47.240,3.403,400
2020-10-20 09:45:47.620,3.403,600
2020-10-20 09:45:47.620,3.402,19400
2020-10-20 09:45:48.300,3.402,4000
2020-10-20 09:45:48.660,3.403,200
2020-10-20 09:45:48.660,3.402,600
2020-10-20 09:45:50.320,3.403,2700
2020-10-20 09:45:51.560,3.404,400
2020-10-20 09:45:52.870,3.404,2000
2020-10-20 09:45:53.380,3.403,300
2020-10-20 09:45:53.380,3.403,4000
2020-10-20 09:45:54.620,3.403,100
2020-10-20 09:45:54.950,3.403,400
2020-10-20 09:45:55.010,3.402,1500
2020-10-20 09:45:55.010,3.402,1000
2020-10-20 09:45:55.010,3.402,27500
2020-10-20 09:45:56.710,3.403,3000
2020-10-20 09:45:57.070,3.403,300
2020-10-20 09:45:57.070,3.403,29700
2020-10-20 09:45:57.230,3.403,30000
2020-10-20 09:45:57.320,3.403,1000
2020-10-20 09:45:58.220,3.403,30000
2020-10-20 09:45:59.630,3.403,59300
2020-10-20 09:45:59.630,3.403,40700
2020-10-20 09:46:00.430,3.403,2700
2020-10-20 09:46:01.260,3.403,10000
2020-10-20 09:46:01.380,3.403,227800
2020-10-20 09:46:01.380,3.403,5000
2020-10-20 09:46:02.660,3.403,5200
2020-10-20 09:46:03.960,3.403,62000
2020-10-20 09:46:03.960,3.403,78600
2020-10-20 09:46:06.070,3.404,2000
2020-10-20 09:46:07.260,3.403,2000
2020-10-20 09:46:07.260,3.403,5900
2020-10-20 09:46:07.260,3.403,5000
2020-10-20 09:46:07.480,3.403,1000
2020-10-20 09:46:08.730,3.403,2000
2020-10-20 09:46:08.730,3.403,8800
2020-10-20 09:46:08.730,3.404,174300
2020-10-20 09:46:08.730,3.404,50700
2020-10-20 09:46:08.730,3.404,47900
2020-10-20 09:46:08.730,3.404,2000
2020-10-20 09:46:08.730,3.404,7300
2020-10-20 09:46:08.730,3.404,400
2020-10-20 09:46:08.730,3.404,6600
2020-10-20 09:46:08.850,3.404,3000
2020-10-20 09:46:09.260,3.404,15000
2020-10-20 09:46:11.730,3.403,2000
2020-10-20 09:46:11.900,3.403,7000
2020-10-20 09:46:15.300,3.403,6900
2020-10-20 09:46:17.550,3.403,900
2020-10-20 09:46:18.710,3.403,2200
2020-10-20 09:46:18.710,3.403,5000
2020-10-20 09:46:18.710,3.403,1200
2020-10-20 09:46:20.260,3.403,900
2020-10-20 09:46:20.630,3.403,1200
2020-10-20 09:46:21.120,3.403,1000
2020-10-20 09:46:22.660,3.403,10000
2020-10-20 09:46:24.260,3.404,20000
2020-10-20 09:46:27.610,3.403,3700
2020-10-20 09:46:27.610,3.403,8000
2020-10-20 09:46:27.610,3.403,500
2020-10-20 09:46:27.610,3.403,67800
2020-10-20 09:46:28.660,3.403,10000
2020-10-20 09:46:29.320,3.404,5000
2020-10-20 09:46:32.980,3.403,222200
2020-10-20 09:46:32.980,3.403,5000
2020-10-20 09:46:32.980,3.403,3000
2020-10-20 09:46:32.980,3.403,600
2020-10-20 09:46:32.980,3.403,2000
2020-10-20 09:46:32.980,3.403,4000
2020-10-20 09:46:32.980,3.403,7000
2020-10-20 09:46:33.120,3.403,56200
2020-10-20 09:46:35.700,3.403,2800
2020-10-20 09:46:36.040,3.403,2000
2020-10-20 09:46:36.220,3.403,14900
2020-10-20 09:46:37.190,3.404,1000
2020-10-20 09:46:37.340,3.403,2500
2020-10-20 09:46:41.110,3.404,200
2020-10-20 09:46:41.770,3.404,1000
2020-10-20 09:46:41.830,3.404,3500
2020-10-20 09:46:42.930,3.403,100
2020-10-20 09:46:48.190,3.403,5000
2020-10-20 09:46:49.210,3.404,7000
2020-10-20 09:46:49.510,3.404,100
2020-10-20 09:46:49.510,3.404,100
2020-10-20 09:46:49.510,3.404,100
2020-10-20 09:46:49.510,3.404,100
2020-10-20 09:46:49.550,3.404,100
2020-10-20 09:46:49.550,3.404,100
2020-10-20 09:46:49.550,3.404,100
2020-10-20 09:46:49.550,3.404,100
2020-10-20 09:46:49.550,3.404,100
2020-10-20 09:46:49.550,3.404,100
2020-10-20 09:46:49.550,3.404,100
2020-10-20 09:46:49.550,3.404,100
2020-10-20 09:46:49.580,3.404,100
2020-10-20 09:46:49.580,3.404,100
2020-10-20 09:46:49.580,3.404,100
2020-10-20 09:46:49.580,3.404,100
2020-10-20 09:46:49.580,3.404,100
2020-10-20 09:46:49.580,3.404,100
2020-10-20 09:46:49.580,3.404,100
2020-10-20 09:46:49.580,3.404,100
2020-10-20 09:46:49.580,3.404,100
2020-10-20 09:46:49.610,3.404,100
2020-10-20 09:46:49.610,3.404,100
2020-10-20 09:46:49.610,3.404,100
2020-10-20 09:46:49.610,3.404,100
2020-10-20 09:46:49.610,3.404,100
2020-10-20 09:46:49.610,3.404,100
2020-10-20 09:46:49.640,3.404,100
2020-10-20 09:46:49.640,3.404,100
2020-10-20 09:46:49.640,3.404,100
2020-10-20 09:46:49.640,3.404,100
2020-10-20 09:46:49.640,3.404,100
2020-10-20 09:46:49.640,3.404,100
2020-10-20 09:46:49.640,3.404,100
2020-10-20 09:46:49.730,3.404,100
2020-10-20 09:46:49.730,3.404,100
2020-10-20 09:46:49.730,3.404,100
2020-10-20 09:46:49.730,3.404,100
2020-10-20 09:46:49.730,3.404,100
2020-10-20 09:46:49.730,3.404,100
2020-10-20 09:46:49.770,3.404,100
2020-10-20 09:46:49.770,3.404,100
2020-10-20 09:46:49.770,3.404,100
2020-10-20 09:46:49.770,3.404,100
2020-10-20 09:46:49.800,3.404,100
2020-10-20 09:46:49.800,3.404,100
2020-10-20 09:46:49.800,3.404,100
2020-10-20 09:46:49.800,3.404,100
2020-10-20 09:46:49.800,3.404,100
2020-10-20 09:46:49.800,3.404,100
2020-10-20 09:46:49.800,3.404,100
2020-10-20 09:46:49.800,3.404,5000
2020-10-20 09:46:49.880,3.404,100
2020-10-20 09:46:49.880,3.404,100
2020-10-20 09:46:49.880,3.404,100
2020-10-20 09:46:49.880,3.404,100
2020-10-20 09:46:49.880,3.404,100
2020-10-20 09:46:49.880,3.404,100
2020-10-20 09:46:49.880,3.404,100
2020-10-20 09:46:49.910,3.404,100
2020-10-20 09:46:49.910,3.404,100
2020-10-20 09:46:49.910,3.404,100
2020-10-20 09:46:49.910,3.404,100
2020-10-20 09:46:49.910,3.404,100
2020-10-20 09:46:50.000,3.404,100
2020-10-20 09:46:50.000,3.404,100
2020-10-20 09:46:50.000,3.404,100
2020-10-20 09:46:50.000,3.404,100
2020-10-20 09:46:50.000,3.404,100
2020-10-20 09:46:50.000,3.404,100
2020-10-20 09:46:50.000,3.404,100
2020-10-20 09:46:50.000,3.404,100
2020-10-20 09:46:50.000,3.404,100
2020-10-20 09:46:50.070,3.404,100
2020-10-20 09:46:50.070,3.404,100
2020-10-20 09:46:50.070,3.404,100
2020-10-20 09:46:50.070,3.404,100
2020-10-20 09:46:50.120,3.404,100
2020-10-20 09:46:50.120,3.404,100
2020-10-20 09:46:50.120,3.404,100
2020-10-20 09:46:50.120,3.404,100
2020-10-20 09:46:50.120,3.404,100
2020-10-20 09:46:50.150,3.404,100
2020-10-20 09:46:50.150,3.404,100
2020-10-20 09:46:50.150,3.404,100
2020-10-20 09:46:50.150,3.404,100
2020-10-20 09:46:50.150,3.404,100
2020-10-20 09:46:50.150,3.404,100
2020-10-20 09:46:50.150,3.404,100
2020-10-20 09:46:50.150,3.404,100
2020-10-20 09:46:50.150,3.404,100
2020-10-20 09:46:50.150,3.404,100
2020-10-20 09:46:50.150,3.404,100
2020-10-20 09:46:50.150,3.404,100
2020-10-20 09:46:50.210,3.404,100
2020-10-20 09:46:50.210,3.404,100
2020-10-20 09:46:50.210,3.404,100
2020-10-20 09:46:50.210,3.404,100
2020-10-20 09:46:50.210,3.404,100
2020-10-20 09:46:50.210,3.404,100
2020-10-20 09:46:50.250,3.404,12800
2020-10-20 09:46:50.250,3.404,7500
2020-10-20 09:46:50.250,3.404,100
2020-10-20 09:46:50.250,3.404,600
2020-10-20 09:46:50.250,3.404,1500
2020-10-20 09:46:50.250,3.404,300
2020-10-20 09:46:50.250,3.404,200000
2020-10-20 09:46:50.250,3.404,1000
2020-10-20 09:46:50.250,3.404,4000
2020-10-20 09:46:50.250,3.404,100
2020-10-20 09:46:50.250,3.404,4000
2020-10-20 09:46:50.250,3.404,8300
2020-10-20 09:46:50.250,3.404,21400
2020-10-20 09:46:50.250,3.404,8300
2020-10-20 09:46:50.470,3.405,100
2020-10-20 09:46:50.470,3.404,100
2020-10-20 09:46:54.060,3.404,800
2020-10-20 09:46:54.770,3.405,100
2020-10-20 09:46:54.830,3.405,100
2020-10-20 09:46:54.830,3.405,100
2020-10-20 09:46:54.830,3.405,100
2020-10-20 09:46:54.830,3.405,100
2020-10-20 09:46:54.830,3.405,100
2020-10-20 09:46:54.830,3.405,100
2020-10-20 09:46:54.830,3.405,100
2020-10-20 09:46:54.830,3.405,100
2020-10-20 09:46:54.860,3.405,100
2020-10-20 09:46:54.860,3.405,100
2020-10-20 09:46:54.860,3.405,100
2020-10-20 09:46:54.860,3.405,100
2020-10-20 09:46:54.860,3.405,100
2020-10-20 09:46:54.860,3.405,100
2020-10-20 09:46:54.860,3.405,100
2020-10-20 09:46:54.860,3.405,100
2020-10-20 09:46:54.860,3.405,100
2020-10-20 09:46:54.920,3.405,100
2020-10-20 09:46:54.950,3.405,100
2020-10-20 09:46:54.950,3.405,100
2020-10-20 09:46:54.950,3.405,100
2020-10-20 09:46:54.980,3.405,100
2020-10-20 09:46:54.980,3.405,100
2020-10-20 09:46:54.980,3.405,100
2020-10-20 09:46:54.980,3.405,100
2020-10-20 09:46:54.980,3.405,100
2020-10-20 09:46:55.070,3.405,100
2020-10-20 09:46:55.070,3.405,100
2020-10-20 09:46:55.070,3.405,100
2020-10-20 09:46:55.070,3.405,100
2020-10-20 09:46:55.070,3.405,100
2020-10-20 09:46:55.070,3.405,100
2020-10-20 09:46:55.070,3.405,100
2020-10-20 09:46:55.070,3.405,100
