Datetime,Price,Volume
2020-10-20 09:25:00.150,4.811,25000
2020-10-20 09:25:00.150,4.811,600
2020-10-20 09:25:00.150,4.811,500
2020-10-20 09:25:00.150,4.811,2500
2020-10-20 09:25:00.150,4.811,600
2020-10-20 09:25:00.150,4.811,2800
2020-10-20 09:25:00.150,4.811,10700
2020-10-20 09:25:00.150,4.811,200
2020-10-20 09:25:00.150,4.811,10100
2020-10-20 09:25:00.150,4.811,10200
2020-10-20 09:25:00.150,4.811,5000
2020-10-20 09:25:00.150,4.811,30000
2020-10-20 09:25:00.150,4.811,2700
2020-10-20 09:25:00.150,4.811,2100
2020-10-20 09:25:00.150,4.811,33700
2020-10-20 09:25:00.150,4.811,90000
2020-10-20 09:25:00.150,4.811,12000
2020-10-20 09:25:00.150,4.811,12000
2020-10-20 09:25:00.150,4.811,10000
2020-10-20 09:25:00.150,4.811,500
2020-10-20 09:25:00.150,4.811,3100
2020-10-20 09:25:00.150,4.811,1100
2020-10-20 09:25:00.150,4.811,11700
2020-10-20 09:25:00.150,4.811,1800
2020-10-20 09:25:00.150,4.811,3200
2020-10-20 09:25:00.150,4.811,20000
2020-10-20 09:25:00.150,4.811,37200
2020-10-20 09:25:00.150,4.811,13500
2020-10-20 09:25:00.150,4.811,30000
2020-10-20 09:25:00.150,4.811,1900
2020-10-20 09:25:00.150,4.811,1700
2020-10-20 09:25:00.150,4.811,18000
2020-10-20 09:25:00.150,4.811,1000
2020-10-20 09:25:00.150,4.811,10000
2020-10-20 09:25:00.150,4.811,6700
2020-10-20 09:25:00.150,4.811,13100
2020-10-20 09:25:00.150,4.811,19800
2020-10-20 09:25:00.150,4.811,7100
2020-10-20 09:25:00.150,4.811,2000
2020-10-20 09:25:00.150,4.811,400
2020-10-20 09:25:00.150,4.811,500
2020-10-20 09:25:00.150,4.811,400
2020-10-20 09:25:00.150,4.811,400
2020-10-20 09:25:00.150,4.811,600
2020-10-20 09:25:00.150,4.811,50000
2020-10-20 09:25:00.150,4.811,10000
2020-10-20 09:25:00.150,4.811,8400
2020-10-20 09:25:00.150,4.811,20200
2020-10-20 09:25:00.150,4.811,8000
2020-10-20 09:25:00.150,4.811,10000
2020-10-20 09:25:00.150,4.811,20000
2020-10-20 09:25:00.150,4.811,10000
2020-10-20 09:25:00.150,4.811,4000
2020-10-20 09:25:00.150,4.811,6400
2020-10-20 09:25:00.150,4.811,18900
2020-10-20 09:25:00.150,4.811,1000
2020-10-20 09:25:00.150,4.811,1000
2020-10-20 09:25:00.150,4.811,4100
2020-10-20 09:25:00.150,4.811,3400
2020-10-20 09:25:00.150,4.811,1600
2020-10-20 09:25:00.150,4.811,100
2020-10-20 09:25:00.150,4.811,222
2020-10-20 09:25:00.150,4.811,1178
2020-10-20 09:25:00.150,4.811,100
2020-10-20 09:25:00.150,4.811,100
2020-10-20 09:25:00.150,4.811,2100
2020-10-20 09:25:00.150,4.811,100
2020-10-20 09:25:00.150,4.811,400
2020-10-20 09:25:00.150,4.811,100
2020-10-20 09:25:00.150,4.811,100
2020-10-20 09:25:00.150,4.811,500
2020-10-20 09:25:00.150,4.811,700
2020-10-20 09:25:00.150,4.811,100
2020-10-20 09:25:00.150,4.811,1000
2020-10-20 09:25:00.150,4.811,400
2020-10-20 09:25:00.150,4.811,100
2020-10-20 09:25:00.150,4.811,322
2020-10-20 09:25:00.150,4.811,678
2020-10-20 09:25:00.150,4.811,700
2020-10-20 09:25:00.150,4.811,200
2020-10-20 09:25:00.150,4.811,100
2020-10-20 09:25:00.150,4.811,100
2020-10-20 09:25:00.150,4.811,200
2020-10-20 09:25:00.150,4.811,400
2020-10-20 09:25:00.150,4.811,3300
2020-10-20 09:25:00.150,4.811,100
2020-10-20 09:25:00.150,4.811,100
2020-10-20 09:25:00.150,4.811,100
2020-10-20 09:25:00.150,4.811,100
2020-10-20 09:25:00.150,4.811,100
2020-10-20 09:25:00.150,4.811,100
2020-10-20 09:25:00.150,4.811,100
2020-10-20 09:25:00.150,4.811,100
2020-10-20 09:25:00.150,4.811,100
2020-10-20 09:25:00.150,4.811,200
2020-10-20 09:25:00.150,4.811,222
2020-10-20 09:25:00.150,4.811,78
2020-10-20 09:25:00.150,4.811,200
2020-10-20 09:25:00.150,4.811,100
2020-10-20 09:25:00.150,4.811,822
2020-10-20 09:25:00.150,4.811,6478
2020-10-20 09:25:00.150,4.811,3800
2020-10-20 09:25:00.150,4.811,400
2020-10-20 09:25:00.150,4.811,200
2020-10-20 09:25:00.150,4.811,100
2020-10-20 09:25:00.150,4.811,2800
2020-10-20 09:25:00.150,4.811,100
2020-10-20 09:25:00.150,4.811,300
2020-10-20 09:25:00.150,4.811,200
2020-10-20 09:25:00.150,4.811,100
2020-10-20 09:25:00.150,4.811,100
2020-10-20 09:25:00.150,4.811,100
2020-10-20 09:25:00.150,4.811,2000
2020-10-20 09:25:00.150,4.811,12000
2020-10-20 09:25:00.150,4.811,100
2020-10-20 09:25:00.150,4.811,500
2020-10-20 09:25:00.150,4.811,100
2020-10-20 09:25:00.150,4.811,10000
2020-10-20 09:25:00.150,4.811,100
2020-10-20 09:25:00.150,4.811,78600
2020-10-20 09:25:00.150,4.811,112400
2020-10-20 09:25:00.150,4.811,400
2020-10-20 09:25:00.150,4.811,1200
2020-10-20 09:25:00.150,4.811,200
2020-10-20 09:25:00.150,4.811,100
2020-10-20 09:25:00.150,4.811,200
2020-10-20 09:25:00.150,4.811,500
2020-10-20 09:25:00.150,4.811,200
2020-10-20 09:25:00.150,4.811,100
2020-10-20 09:25:00.150,4.811,300
2020-10-20 09:25:00.150,4.811,300
2020-10-20 09:25:00.150,4.811,200
2020-10-20 09:25:00.150,4.811,500
2020-10-20 09:25:00.150,4.811,200
2020-10-20 09:25:00.150,4.811,100
2020-10-20 09:25:00.150,4.811,8400
2020-10-20 09:25:00.150,4.811,100
2020-10-20 09:25:00.150,4.811,2300
2020-10-20 09:25:00.150,4.811,100
2020-10-20 09:25:00.150,4.811,100
2020-10-20 09:25:00.150,4.811,500
2020-10-20 09:25:00.150,4.811,100
2020-10-20 09:25:00.150,4.811,200
2020-10-20 09:25:00.150,4.811,15000
2020-10-20 09:25:00.150,4.811,100
2020-10-20 09:25:00.150,4.811,5000
2020-10-20 09:25:00.150,4.811,1200
2020-10-20 09:25:00.150,4.811,100
2020-10-20 09:25:00.150,4.811,100
2020-10-20 09:25:00.150,4.811,300
2020-10-20 09:25:00.150,4.811,500
2020-10-20 09:25:00.150,4.811,200
2020-10-20 09:25:00.150,4.811,300
2020-10-20 09:25:00.150,4.811,400
2020-10-20 09:25:00.150,4.811,200
2020-10-20 09:25:00.150,4.811,100
2020-10-20 09:25:00.150,4.811,100
2020-10-20 09:25:00.150,4.811,100
2020-10-20 09:25:00.150,4.811,100
2020-10-20 09:25:00.150,4.811,300
2020-10-20 09:25:00.150,4.811,100
2020-10-20 09:25:00.150,4.811,300
2020-10-20 09:25:00.150,4.811,100
2020-10-20 09:25:00.150,4.811,100
2020-10-20 09:25:00.150,4.811,1000
2020-10-20 09:25:00.150,4.811,300
2020-10-20 09:25:00.150,4.811,100
2020-10-20 09:25:00.150,4.811,100
2020-10-20 09:25:00.150,4.811,100
2020-10-20 09:25:00.150,4.811,100
2020-10-20 09:25:00.150,4.811,200
2020-10-20 09:25:00.150,4.811,1000
2020-10-20 09:25:00.150,4.811,100
2020-10-20 09:25:00.150,4.811,100
2020-10-20 09:25:00.150,4.811,30000
2020-10-20 09:25:00.150,4.811,5200
2020-10-20 09:25:00.150,4.811,6000
2020-10-20 09:25:00.150,4.811,6800
2020-10-20 09:25:00.150,4.811,5000
2020-10-20 09:25:00.150,4.811,100
2020-10-20 09:25:00.150,4.811,10000
2020-10-20 09:25:00.150,4.811,200
2020-10-20 09:25:00.150,4.811,100
2020-10-20 09:25:00.150,4.811,10000
2020-10-20 09:25:00.150,4.811,100
2020-10-20 09:25:00.150,4.811,2300
2020-10-20 09:25:00.150,4.811,100
2020-10-20 09:25:00.150,4.811,100
2020-10-20 09:25:00.150,4.811,1700
2020-10-20 09:25:00.150,4.811,4100
2020-10-20 09:25:00.150,4.811,3400
2020-10-20 09:25:00.150,4.811,2100
2020-10-20 09:25:00.150,4.811,200
2020-10-20 09:25:00.150,4.811,200
2020-10-20 09:25:00.150,4.811,500
2020-10-20 09:25:00.150,4.811,200
2020-10-20 09:25:00.150,4.811,1000
2020-10-20 09:25:00.150,4.811,1000
2020-10-20 09:25:00.150,4.811,1000
2020-10-20 09:25:00.150,4.811,13400
2020-10-20 09:25:00.150,4.811,100
2020-10-20 09:25:00.150,4.811,5000
2020-10-20 09:25:00.150,4.811,100
2020-10-20 09:25:00.150,4.811,100
2020-10-20 09:25:00.150,4.811,500
2020-10-20 09:25:00.150,4.811,7000
2020-10-20 09:25:00.150,4.811,100
2020-10-20 09:25:00.150,4.811,100
2020-10-20 09:25:00.150,4.811,500
2020-10-20 09:25:00.150,4.811,100
2020-10-20 09:25:00.150,4.811,1100
2020-10-20 09:25:00.150,4.811,100
2020-10-20 09:25:00.150,4.811,200
2020-10-20 09:25:00.150,4.811,10000
2020-10-20 09:25:00.150,4.811,5622
2020-10-20 09:25:00.150,4.811,5200
2020-10-20 09:25:00.150,4.811,30278
2020-10-20 09:25:00.150,4.811,200
2020-10-20 09:25:00.150,4.811,2000
2020-10-20 09:25:00.150,4.811,300
2020-10-20 09:25:00.150,4.811,3000
2020-10-20 09:25:00.150,4.811,1000
2020-10-20 09:25:00.150,4.811,400
2020-10-20 09:25:00.150,4.811,2300
2020-10-20 09:25:00.150,4.811,200
2020-10-20 09:25:00.150,4.811,100
2020-10-20 09:25:00.150,4.811,100
2020-10-20 09:25:00.150,4.811,1000
2020-10-20 09:25:00.150,4.811,10000
2020-10-20 09:25:00.150,4.811,2000
2020-10-20 09:25:00.150,4.811,600
2020-10-20 09:25:00.150,4.811,200
2020-10-20 09:25:00.150,4.811,200
2020-10-20 09:25:00.150,4.811,100
2020-10-20 09:25:00.150,4.811,100
2020-10-20 09:25:00.150,4.811,72600
2020-10-20 09:25:00.150,4.811,100
2020-10-20 09:25:00.150,4.811,26322
2020-10-20 09:25:00.150,4.811,23678
2020-10-20 09:25:00.150,4.811,1500
2020-10-20 09:25:00.150,4.811,1000
2020-10-20 09:25:00.150,4.811,800
2020-10-20 09:25:00.150,4.811,2300
2020-10-20 09:25:00.150,4.811,200
2020-10-20 09:25:00.150,4.811,2000
2020-10-20 09:25:00.150,4.811,100
2020-10-20 09:25:00.150,4.811,100
2020-10-20 09:25:00.150,4.811,5000
2020-10-20 09:25:00.150,4.811,200
2020-10-20 09:25:00.150,4.811,100
2020-10-20 09:25:00.150,4.811,700
2020-10-20 09:25:00.150,4.811,1000
2020-10-20 09:25:00.150,4.811,10000
2020-10-20 09:25:00.150,4.811,300
2020-10-20 09:25:00.150,4.811,300
2020-10-20 09:25:00.150,4.811,6000
2020-10-20 09:25:00.150,4.811,4722
2020-10-20 09:25:00.150,4.811,25278
2020-10-20 09:25:00.150,4.811,1000
2020-10-20 09:25:00.150,4.811,1000
2020-10-20 09:25:00.150,4.811,200
2020-10-20 09:25:00.150,4.811,2300
2020-10-20 09:25:00.150,4.811,4700
2020-10-20 09:25:00.150,4.811,400
2020-10-20 09:25:00.150,4.811,10000
2020-10-20 09:25:00.150,4.811,5122
2020-10-20 09:25:00.150,4.811,878
2020-10-20 09:30:00.150,4.811,122
2020-10-20 09:30:00.150,4.811,178
2020-10-20 09:30:00.280,4.811,5000
2020-10-20 09:30:00.390,4.81,1000
2020-10-20 09:30:00.390,4.81,300
2020-10-20 09:30:00.390,4.81,6000
2020-10-20 09:30:00.390,4.81,500
2020-10-20 09:30:00.390,4.81,100
2020-10-20 09:30:00.390,4.81,1200
2020-10-20 09:30:00.390,4.81,300
2020-10-20 09:30:00.390,4.81,2000
2020-10-20 09:30:00.390,4.81,200
2020-10-20 09:30:00.390,4.81,15000
2020-10-20 09:30:00.390,4.81,1000
2020-10-20 09:30:00.390,4.81,4500
2020-10-20 09:30:00.390,4.81,300
2020-10-20 09:30:00.390,4.81,5000
2020-10-20 09:30:00.390,4.81,100
2020-10-20 09:30:00.390,4.81,10000
2020-10-20 09:30:00.390,4.81,1000
2020-10-20 09:30:00.390,4.81,5000
2020-10-20 09:30:00.390,4.809,2300
2020-10-20 09:30:00.390,4.809,100
2020-10-20 09:30:00.390,4.809,500
2020-10-20 09:30:00.390,4.809,500
2020-10-20 09:30:00.390,4.808,8000
2020-10-20 09:30:00.390,4.808,200
2020-10-20 09:30:00.390,4.808,100
2020-10-20 09:30:00.390,4.808,1000
2020-10-20 09:30:00.390,4.808,7000
2020-10-20 09:30:00.390,4.808,300
2020-10-20 09:30:00.390,4.808,2000
2020-10-20 09:30:00.390,4.808,300
2020-10-20 09:30:00.390,4.808,100
2020-10-20 09:30:00.390,4.808,1000
2020-10-20 09:30:00.390,4.808,100
2020-10-20 09:30:00.390,4.808,43200
2020-10-20 09:30:00.490,4.81,1100
2020-10-20 09:30:00.490,4.81,1000
2020-10-20 09:30:00.490,4.81,800
2020-10-20 09:30:00.490,4.809,10000
2020-10-20 09:30:00.490,4.81,100
2020-10-20 09:30:00.490,4.81,5946
2020-10-20 09:30:00.490,4.811,4054
2020-10-20 09:30:00.490,4.81,3000
2020-10-20 09:30:00.600,4.81,5000
2020-10-20 09:30:00.600,4.81,5000
2020-10-20 09:30:00.600,4.81,100
2020-10-20 09:30:00.720,4.809,10000
2020-10-20 09:30:00.720,4.809,4700
2020-10-20 09:30:00.720,4.81,2000
2020-10-20 09:30:00.720,4.81,2200
2020-10-20 09:30:00.720,4.81,13000
2020-10-20 09:30:00.840,4.81,4300
2020-10-20 09:30:00.840,4.81,400
2020-10-20 09:30:00.840,4.81,20500
2020-10-20 09:30:00.840,4.81,40000
2020-10-20 09:30:00.840,4.81,50000
2020-10-20 09:30:00.840,4.811,183368
2020-10-20 09:30:00.840,4.811,500
2020-10-20 09:30:00.840,4.812,5632
2020-10-20 09:30:00.950,4.811,200
2020-10-20 09:30:00.950,4.812,27068
2020-10-20 09:30:00.950,4.812,6332
2020-10-20 09:30:00.950,4.811,300
2020-10-20 09:30:00.950,4.811,200
2020-10-20 09:30:01.070,4.811,800
2020-10-20 09:30:01.070,4.811,7000
2020-10-20 09:30:01.070,4.811,2200
2020-10-20 09:30:01.070,4.812,7000
2020-10-20 09:30:01.070,4.812,86668
2020-10-20 09:30:01.070,4.813,8332
2020-10-20 09:30:01.070,4.812,200
2020-10-20 09:30:01.070,4.811,7800
2020-10-20 09:30:01.070,4.811,2000
2020-10-20 09:30:01.070,4.811,2000
2020-10-20 09:30:01.200,4.811,6000
2020-10-20 09:30:01.200,4.811,8800
2020-10-20 09:30:01.200,4.811,1200
2020-10-20 09:30:01.200,4.811,2500
2020-10-20 09:30:01.200,4.811,9900
2020-10-20 09:30:01.200,4.811,10000
2020-10-20 09:30:01.320,4.811,60600
2020-10-20 09:30:01.440,4.812,4000
2020-10-20 09:30:01.440,4.812,1000
2020-10-20 09:30:01.440,4.812,5000
2020-10-20 09:30:01.440,4.813,1668
2020-10-20 09:30:01.440,4.813,1000
2020-10-20 09:30:01.440,4.813,6500
2020-10-20 09:30:01.440,4.814,1000
2020-10-20 09:30:01.440,4.815,100
2020-10-20 09:30:01.440,4.815,300
2020-10-20 09:30:01.440,4.815,11500
2020-10-20 09:30:01.440,4.815,1200
2020-10-20 09:30:01.440,4.815,205000
2020-10-20 09:30:01.440,4.815,1900
2020-10-20 09:30:01.440,4.815,3200
2020-10-20 09:30:01.440,4.816,10000
2020-10-20 09:30:01.440,4.817,4100
2020-10-20 09:30:01.440,4.817,90500
2020-10-20 09:30:01.440,4.818,1300
2020-10-20 09:30:01.440,4.818,300
2020-10-20 09:30:01.440,4.818,700
2020-10-20 09:30:01.440,4.818,19600
2020-10-20 09:30:01.440,4.819,200
2020-10-20 09:30:01.440,4.819,300
2020-10-20 09:30:01.440,4.819,10000
2020-10-20 09:30:01.440,4.819,10300
2020-10-20 09:30:01.440,4.819,25100
2020-10-20 09:30:01.440,4.819,10032
2020-10-20 09:30:01.560,4.812,18000
2020-10-20 09:30:01.560,4.812,600
2020-10-20 09:30:01.560,4.812,3000
2020-10-20 09:30:01.680,4.819,800
2020-10-20 09:30:01.680,4.813,300
2020-10-20 09:30:01.810,4.813,10000
2020-10-20 09:30:01.810,4.819,3000
2020-10-20 09:30:01.810,4.813,9100
2020-10-20 09:30:01.810,4.813,5000
2020-10-20 09:30:01.810,4.812,5900
2020-10-20 09:30:01.810,4.812,22100
2020-10-20 09:30:01.810,4.812,7000
2020-10-20 09:30:01.810,4.812,7700
2020-10-20 09:30:01.930,4.815,4000
2020-10-20 09:30:02.050,4.815,4500
2020-10-20 09:30:02.050,4.815,200
2020-10-20 09:30:02.050,4.815,1300
2020-10-20 09:30:02.050,4.814,4500
2020-10-20 09:30:02.050,4.812,34200
2020-10-20 09:30:02.050,4.812,1000
2020-10-20 09:30:02.320,4.819,100
2020-10-20 09:30:02.440,4.812,500
2020-10-20 09:30:02.440,4.812,100000
2020-10-20 09:30:02.440,4.812,100
2020-10-20 09:30:02.550,4.816,700
2020-10-20 09:30:02.550,4.812,103300
2020-10-20 09:30:02.550,4.812,100
2020-10-20 09:30:02.550,4.812,9900
2020-10-20 09:30:02.670,4.812,2000
2020-10-20 09:30:02.670,4.812,114200
2020-10-20 09:30:03.070,4.812,2200
2020-10-20 09:30:03.110,4.813,20000
2020-10-20 09:30:03.110,4.812,68300
2020-10-20 09:30:03.110,4.812,289600
2020-10-20 09:30:03.110,4.812,100
2020-10-20 09:30:03.110,4.811,57900
2020-10-20 09:30:03.110,4.811,400
2020-10-20 09:30:03.110,4.811,200
2020-10-20 09:30:03.110,4.811,200
2020-10-20 09:30:03.110,4.811,100
2020-10-20 09:30:03.110,4.811,10000
2020-10-20 09:30:03.110,4.811,17600
2020-10-20 09:30:03.110,4.811,1900
2020-10-20 09:30:03.110,4.811,26000
2020-10-20 09:30:03.110,4.811,3000
2020-10-20 09:30:03.110,4.811,3000
2020-10-20 09:30:03.110,4.811,30000
2020-10-20 09:30:03.110,4.811,50000
2020-10-20 09:30:03.110,4.811,500
2020-10-20 09:30:03.110,4.811,8200
2020-10-20 09:30:03.110,4.811,8400
2020-10-20 09:30:03.110,4.811,26200
2020-10-20 09:30:03.110,4.811,1000
2020-10-20 09:30:03.110,4.811,2000
2020-10-20 09:30:03.110,4.811,2000
2020-10-20 09:30:03.110,4.811,1000
2020-10-20 09:30:03.110,4.811,200
2020-10-20 09:30:03.110,4.811,1200
2020-10-20 09:30:03.110,4.811,8000
2020-10-20 09:30:03.110,4.811,500
2020-10-20 09:30:03.110,4.811,400
2020-10-20 09:30:03.110,4.811,1000
2020-10-20 09:30:03.110,4.811,5000
2020-10-20 09:30:03.110,4.811,2000
2020-10-20 09:30:03.110,4.811,1000
2020-10-20 09:30:03.110,4.811,10000
2020-10-20 09:30:03.110,4.811,500
2020-10-20 09:30:03.110,4.811,10000
2020-10-20 09:30:03.110,4.811,100
2020-10-20 09:30:03.110,4.81,3300
2020-10-20 09:30:03.110,4.81,100
2020-10-20 09:30:03.110,4.81,3000
2020-10-20 09:30:03.110,4.81,2600
2020-10-20 09:30:03.110,4.81,21100
2020-10-20 09:30:03.110,4.81,100
2020-10-20 09:30:03.110,4.81,1100
2020-10-20 09:30:03.110,4.81,10000
2020-10-20 09:30:03.110,4.81,2000
2020-10-20 09:30:03.110,4.81,5000
2020-10-20 09:30:03.110,4.81,1000
2020-10-20 09:30:03.110,4.81,2800
2020-10-20 09:30:03.110,4.81,100
2020-10-20 09:30:03.110,4.81,14700
2020-10-20 09:30:03.110,4.81,3000
2020-10-20 09:30:03.110,4.81,2000
2020-10-20 09:30:03.110,4.81,700
2020-10-20 09:30:03.220,4.81,100
2020-10-20 09:30:03.220,4.81,900
2020-10-20 09:30:03.220,4.81,100
2020-10-20 09:30:03.220,4.809,54000
2020-10-20 09:30:03.220,4.809,20000
2020-10-20 09:30:03.220,4.81,10000
2020-10-20 09:30:03.220,4.81,3000
2020-10-20 09:30:03.340,4.81,10000
2020-10-20 09:30:03.340,4.81,83700
2020-10-20 09:30:03.340,4.81,100
2020-10-20 09:30:03.340,4.81,1000
2020-10-20 09:30:03.340,4.81,1000
2020-10-20 09:30:03.550,4.81,100
2020-10-20 09:30:03.550,4.81,200
2020-10-20 09:30:03.550,4.81,700
2020-10-20 09:30:03.550,4.81,200
2020-10-20 09:30:03.660,4.81,400
2020-10-20 09:30:03.660,4.81,1000
2020-10-20 09:30:03.660,4.81,10000
2020-10-20 09:30:03.660,4.81,100
2020-10-20 09:30:03.660,4.81,5000
2020-10-20 09:30:03.760,4.81,5000
2020-10-20 09:30:03.760,4.809,10000
2020-10-20 09:30:03.760,4.81,147300
2020-10-20 09:30:03.760,4.81,2500
2020-10-20 09:30:03.760,4.81,1000
2020-10-20 09:30:03.760,4.81,20000
2020-10-20 09:30:03.760,4.81,5300
2020-10-20 09:30:03.760,4.811,100
2020-10-20 09:30:03.990,4.81,10100
2020-10-20 09:30:03.990,4.81,10100
2020-10-20 09:30:03.990,4.81,63000
2020-10-20 09:30:04.110,4.811,400
2020-10-20 09:30:04.110,4.811,6700
2020-10-20 09:30:04.110,4.811,200
2020-10-20 09:30:04.110,4.811,200
2020-10-20 09:30:04.110,4.812,2900
2020-10-20 09:30:04.370,4.811,1000
2020-10-20 09:30:04.370,4.811,300
2020-10-20 09:30:04.370,4.811,600
2020-10-20 09:30:04.370,4.81,10100
2020-10-20 09:30:04.590,4.812,100
2020-10-20 09:30:04.590,4.811,100
2020-10-20 09:30:04.590,4.811,100
2020-10-20 09:30:04.590,4.811,100
2020-10-20 09:30:04.590,4.811,200
2020-10-20 09:30:04.590,4.81,500
2020-10-20 09:30:04.940,4.811,1000
2020-10-20 09:30:04.940,4.811,600
2020-10-20 09:30:05.070,4.812,2200
2020-10-20 09:30:05.070,4.812,5100
2020-10-20 09:30:05.070,4.812,5200
2020-10-20 09:30:05.070,4.812,5500
2020-10-20 09:30:05.070,4.813,12000
2020-10-20 09:30:05.140,4.813,200
2020-10-20 09:30:05.140,4.813,100
2020-10-20 09:30:05.240,4.813,17700
2020-10-20 09:30:05.240,4.813,50000
2020-10-20 09:30:05.240,4.815,10000
2020-10-20 09:30:05.240,4.816,22300
2020-10-20 09:30:05.650,4.816,100
2020-10-20 09:30:05.720,4.811,400
2020-10-20 09:30:06.310,4.816,100
2020-10-20 09:30:06.450,4.816,27500
2020-10-20 09:30:06.450,4.816,50000
2020-10-20 09:30:06.780,4.817,59300
2020-10-20 09:30:06.910,4.819,6368
2020-10-20 09:30:06.910,4.819,50000
2020-10-20 09:30:06.910,4.819,50000
2020-10-20 09:30:08.350,4.816,1100
2020-10-20 09:30:09.500,4.815,200
2020-10-20 09:30:10.520,4.82,100
2020-10-20 09:30:10.520,4.82,400
2020-10-20 09:30:12.220,4.816,3000
2020-10-20 09:30:12.360,4.816,33700
2020-10-20 09:30:12.740,4.82,2600
2020-10-20 09:30:12.740,4.82,500
2020-10-20 09:30:12.740,4.82,3000
2020-10-20 09:30:12.740,4.82,12000
2020-10-20 09:30:12.740,4.82,11000
2020-10-20 09:30:12.740,4.82,4100
2020-10-20 09:30:12.740,4.82,11300
2020-10-20 09:30:12.740,4.821,100
2020-10-20 09:30:12.740,4.821,8300
2020-10-20 09:30:12.740,4.821,200
2020-10-20 09:30:12.740,4.821,2000
2020-10-20 09:30:12.740,4.821,2200
2020-10-20 09:30:12.740,4.821,300
2020-10-20 09:30:12.740,4.821,50000
2020-10-20 09:30:12.740,4.821,100
2020-10-20 09:30:12.740,4.821,10200
2020-10-20 09:30:12.740,4.821,60200
2020-10-20 09:30:12.740,4.821,1100
2020-10-20 09:30:12.740,4.821,5000
2020-10-20 09:30:12.740,4.821,10000
2020-10-20 09:30:12.740,4.821,1000
2020-10-20 09:30:12.740,4.821,100
2020-10-20 09:30:12.740,4.821,5000
2020-10-20 09:30:12.740,4.821,3400
2020-10-20 09:30:12.740,4.822,900
2020-10-20 09:30:12.740,4.822,100
2020-10-20 09:30:12.740,4.822,200
2020-10-20 09:30:12.740,4.822,100
2020-10-20 09:30:12.740,4.822,600
2020-10-20 09:30:12.740,4.822,200
2020-10-20 09:30:12.740,4.822,100
2020-10-20 09:30:12.740,4.822,100
2020-10-20 09:30:12.740,4.822,500
2020-10-20 09:30:12.740,4.822,100
2020-10-20 09:30:12.740,4.822,100
2020-10-20 09:30:12.740,4.822,200
2020-10-20 09:30:12.740,4.822,200
2020-10-20 09:30:12.740,4.822,200
2020-10-20 09:30:12.740,4.822,100
2020-10-20 09:30:12.740,4.822,200
2020-10-20 09:30:12.740,4.822,100
2020-10-20 09:30:12.740,4.822,100
2020-10-20 09:30:12.740,4.822,100
2020-10-20 09:30:12.740,4.822,200
2020-10-20 09:30:12.740,4.822,100
2020-10-20 09:30:12.740,4.822,200
2020-10-20 09:30:12.740,4.822,2800
2020-10-20 09:30:12.740,4.822,800
2020-10-20 09:30:12.740,4.822,200
2020-10-20 09:30:12.740,4.822,100
2020-10-20 09:30:12.740,4.822,10000
2020-10-20 09:30:12.740,4.822,5300
2020-10-20 09:30:12.740,4.822,1500
2020-10-20 09:30:12.740,4.822,400
2020-10-20 09:30:12.740,4.822,3000
2020-10-20 09:30:12.740,4.822,500
2020-10-20 09:30:12.740,4.822,5000
2020-10-20 09:30:12.740,4.822,3200
2020-10-20 09:30:12.740,4.822,50000
2020-10-20 09:30:12.740,4.822,8800
2020-10-20 09:30:13.110,4.822,41200
2020-10-20 09:30:13.110,4.822,3000
2020-10-20 09:30:13.110,4.822,2000
2020-10-20 09:30:13.110,4.824,600
2020-10-20 09:30:13.110,4.824,100
2020-10-20 09:30:13.110,4.825,500
2020-10-20 09:30:13.110,4.825,2500
2020-10-20 09:30:13.110,4.825,3000
2020-10-20 09:30:13.110,4.825,10000
2020-10-20 09:30:13.110,4.825,7500
2020-10-20 09:30:13.110,4.825,50000
2020-10-20 09:30:13.110,4.825,8300
2020-10-20 09:30:14.280,4.824,1000
2020-10-20 09:30:14.280,4.816,5600
2020-10-20 09:30:15.080,4.819,1000
2020-10-20 09:30:15.110,4.816,8000
2020-10-20 09:30:15.710,4.816,100
2020-10-20 09:30:17.310,4.819,2000
2020-10-20 09:30:19.320,4.816,1000
2020-10-20 09:30:19.900,4.816,300
2020-10-20 09:30:20.440,4.819,3600
2020-10-20 09:30:20.440,4.819,700
2020-10-20 09:30:20.620,4.816,1900
2020-10-20 09:30:20.650,4.816,3100
2020-10-20 09:30:20.650,4.819,1300
2020-10-20 09:30:20.650,4.819,10600
2020-10-20 09:30:20.840,4.819,20000
2020-10-20 09:30:21.180,4.819,10000
2020-10-20 09:30:22.380,4.819,1000
2020-10-20 09:30:23.150,4.817,500
2020-10-20 09:30:23.180,4.819,1000
2020-10-20 09:30:23.560,4.817,4500
2020-10-20 09:30:24.010,4.819,4800
2020-10-20 09:30:24.100,4.819,600
2020-10-20 09:30:24.100,4.819,4600
2020-10-20 09:30:26.040,4.819,2000
2020-10-20 09:30:27.010,4.817,100
2020-10-20 09:30:27.100,4.819,2000
2020-10-20 09:30:28.090,4.817,14900
2020-10-20 09:30:28.090,4.816,1000
2020-10-20 09:30:28.090,4.815,14100
2020-10-20 09:30:29.500,4.817,1000
2020-10-20 09:30:29.560,4.816,5000
2020-10-20 09:30:29.620,4.817,700
2020-10-20 09:30:29.620,4.819,4300
2020-10-20 09:30:29.620,4.819,500
2020-10-20 09:30:29.740,4.816,5000
2020-10-20 09:30:31.520,4.816,500
2020-10-20 09:30:32.490,4.816,100
2020-10-20 09:30:33.630,4.815,100
2020-10-20 09:30:34.040,4.816,30900
2020-10-20 09:30:35.570,4.816,31000
2020-10-20 09:30:35.570,4.816,2200
2020-10-20 09:30:36.230,4.816,6800
2020-10-20 09:30:36.230,4.816,1200
2020-10-20 09:30:36.230,4.816,400
2020-10-20 09:30:36.770,4.816,7800
2020-10-20 09:30:36.770,4.815,90400
2020-10-20 09:30:37.230,4.818,1000
2020-10-20 09:30:38.250,4.816,4000
2020-10-20 09:30:38.250,4.816,1000
2020-10-20 09:30:38.390,4.816,1000
2020-10-20 09:30:38.630,4.816,1300
2020-10-20 09:30:39.400,4.818,26000
2020-10-20 09:30:39.400,4.819,600
2020-10-20 09:30:39.400,4.819,12900
2020-10-20 09:30:39.670,4.816,700
2020-10-20 09:30:39.670,4.816,300
2020-10-20 09:30:39.670,4.815,8000
2020-10-20 09:30:41.090,4.818,100
2020-10-20 09:30:41.310,4.818,400
2020-10-20 09:30:41.880,4.816,1300
2020-10-20 09:30:44.060,4.818,1000
2020-10-20 09:30:44.060,4.816,5000
2020-10-20 09:30:45.790,4.816,100
2020-10-20 09:30:45.790,4.816,1000
2020-10-20 09:30:45.790,4.816,100
2020-10-20 09:30:47.160,4.817,400
2020-10-20 09:30:47.800,4.817,300
2020-10-20 09:30:49.150,4.817,1300
2020-10-20 09:30:49.150,4.818,1500
2020-10-20 09:30:49.490,4.816,4000
2020-10-20 09:30:49.760,4.816,10000
2020-10-20 09:30:49.790,4.818,6000
2020-10-20 09:30:50.490,4.817,400
2020-10-20 09:30:51.020,4.817,10000
2020-10-20 09:30:51.630,4.817,29600
2020-10-20 09:30:51.630,4.817,3700
2020-10-20 09:30:51.990,4.817,1300
2020-10-20 09:30:51.990,4.817,2000
2020-10-20 09:30:51.990,4.817,6700
2020-10-20 09:30:52.570,4.817,10000
2020-10-20 09:30:52.960,4.817,300
2020-10-20 09:30:52.960,4.817,6800
2020-10-20 09:30:52.960,4.817,2900
2020-10-20 09:30:53.070,4.817,17100
2020-10-20 09:30:53.310,4.817,6000
2020-10-20 09:30:53.600,4.817,10000
2020-10-20 09:30:53.900,4.817,2000
2020-10-20 09:30:54.570,4.817,4200
2020-10-20 09:30:55.580,4.817,37200
2020-10-20 09:30:55.580,4.817,4000
2020-10-20 09:30:55.610,4.816,2300
2020-10-20 09:30:56.430,4.817,500
2020-10-20 09:30:56.580,4.817,200
2020-10-20 09:30:56.710,4.817,3000
2020-10-20 09:30:57.790,4.817,1000
2020-10-20 09:30:57.880,4.817,3000
2020-10-20 09:30:58.480,4.817,1000
2020-10-20 09:30:59.030,4.816,3600
2020-10-20 09:30:59.030,4.816,20000
2020-10-20 09:30:59.030,4.816,4000
2020-10-20 09:30:59.030,4.816,10000
2020-10-20 09:30:59.030,4.816,3300
2020-10-20 09:30:59.030,4.816,3000
2020-10-20 09:30:59.030,4.816,1000
2020-10-20 09:30:59.030,4.816,2000
2020-10-20 09:30:59.030,4.816,100
2020-10-20 09:30:59.030,4.816,4200
2020-10-20 09:30:59.270,4.816,50000
2020-10-20 09:30:59.270,4.816,20000
2020-10-20 09:31:00.610,4.816,100
2020-10-20 09:31:01.820,4.815,14000
2020-10-20 09:31:02.180,4.816,2000
2020-10-20 09:31:03.260,4.816,2000
2020-10-20 09:31:03.320,4.815,14000
2020-10-20 09:31:03.520,4.815,159200
2020-10-20 09:31:03.520,4.815,3000
2020-10-20 09:31:03.520,4.815,19100
2020-10-20 09:31:03.520,4.815,1000
2020-10-20 09:31:03.520,4.815,8500
2020-10-20 09:31:03.520,4.815,1000
2020-10-20 09:31:03.520,4.815,2000
2020-10-20 09:31:03.520,4.815,2500
2020-10-20 09:31:03.520,4.815,600
2020-10-20 09:31:03.520,4.815,3000
2020-10-20 09:31:03.520,4.815,20000
2020-10-20 09:31:04.470,4.815,200
2020-10-20 09:31:04.740,4.815,1000
2020-10-20 09:31:05.030,4.815,144500
2020-10-20 09:31:06.800,4.815,300
2020-10-20 09:31:07.480,4.815,1000
2020-10-20 09:31:08.150,4.815,1000
2020-10-20 09:31:09.000,4.813,2900
2020-10-20 09:31:09.000,4.812,6000
2020-10-20 09:31:09.130,4.813,1400
2020-10-20 09:31:09.940,4.815,532100
2020-10-20 09:31:09.940,4.815,14000
2020-10-20 09:31:09.940,4.815,5800
2020-10-20 09:31:09.940,4.815,5100
2020-10-20 09:31:09.940,4.815,2500
2020-10-20 09:31:09.940,4.816,2000
2020-10-20 09:31:09.970,4.817,100
2020-10-20 09:31:10.090,4.816,8500
2020-10-20 09:31:10.390,4.816,5000
2020-10-20 09:31:10.880,4.816,10000
2020-10-20 09:31:11.300,4.816,15000
2020-10-20 09:31:11.570,4.813,6000
2020-10-20 09:31:12.010,4.813,6400
2020-10-20 09:31:12.450,4.813,40000
2020-10-20 09:31:14.480,4.815,900
2020-10-20 09:31:16.570,4.816,7400
2020-10-20 09:31:16.570,4.817,4900
2020-10-20 09:31:16.570,4.817,2000
2020-10-20 09:31:16.570,4.817,5300
2020-10-20 09:31:16.570,4.817,2000
2020-10-20 09:31:16.570,4.817,5000
2020-10-20 09:31:16.570,4.817,400
2020-10-20 09:31:16.570,4.817,100
2020-10-20 09:31:16.570,4.817,100
2020-10-20 09:31:16.570,4.817,50000
2020-10-20 09:31:16.570,4.817,5300
2020-10-20 09:31:16.570,4.817,400
2020-10-20 09:31:16.720,4.817,30000
2020-10-20 09:31:16.890,4.818,500
2020-10-20 09:31:17.550,4.817,30000
2020-10-20 09:31:18.840,4.817,8800
2020-10-20 09:31:18.840,4.817,5000
2020-10-20 09:31:19.000,4.817,5000
2020-10-20 09:31:20.160,4.817,100
2020-10-20 09:31:20.240,4.817,100
2020-10-20 09:31:20.540,4.818,71500
2020-10-20 09:31:20.540,4.819,50000
2020-10-20 09:31:20.540,4.819,3000
2020-10-20 09:31:20.540,4.819,24500
2020-10-20 09:31:20.540,4.819,10000
2020-10-20 09:31:20.540,4.819,50000
2020-10-20 09:31:20.570,4.819,2100
2020-10-20 09:31:21.430,4.819,100
2020-10-20 09:31:23.080,4.819,8700
2020-10-20 09:31:23.460,4.818,5000
2020-10-20 09:31:23.460,4.818,2000
2020-10-20 09:31:23.540,4.82,30000
2020-10-20 09:31:23.540,4.82,500
2020-10-20 09:31:23.540,4.82,49600
2020-10-20 09:31:24.290,4.818,13000
2020-10-20 09:31:24.290,4.818,5100
2020-10-20 09:31:24.290,4.818,5100
2020-10-20 09:31:24.290,4.817,300
2020-10-20 09:31:24.290,4.816,2500
2020-10-20 09:31:24.290,4.816,24000
2020-10-20 09:31:25.290,4.82,400
2020-10-20 09:31:25.290,4.82,15000
2020-10-20 09:31:25.290,4.821,5000
2020-10-20 09:31:26.920,4.82,100
2020-10-20 09:31:27.150,4.82,49900
2020-10-20 09:31:27.150,4.82,700
2020-10-20 09:31:27.610,4.819,100
2020-10-20 09:31:27.610,4.817,7300
2020-10-20 09:31:28.070,4.82,200
2020-10-20 09:31:30.580,4.82,5000
2020-10-20 09:31:30.640,4.82,4000
2020-10-20 09:31:32.980,4.819,2000
2020-10-20 09:31:33.960,4.817,600
2020-10-20 09:31:33.960,4.817,11400
2020-10-20 09:31:34.250,4.819,500
2020-10-20 09:31:34.960,4.818,1000
2020-10-20 09:31:36.200,4.818,200
2020-10-20 09:31:36.550,4.818,2500
2020-10-20 09:31:36.580,4.818,10300
2020-10-20 09:31:37.750,4.818,282000
2020-10-20 09:31:37.750,4.819,18000
2020-10-20 09:31:39.570,4.819,5100
2020-10-20 09:31:40.070,4.818,6700
2020-10-20 09:31:40.930,4.817,118600
2020-10-20 09:31:40.930,4.817,500
2020-10-20 09:31:40.930,4.817,2000
2020-10-20 09:31:41.030,4.817,1000
2020-10-20 09:31:41.330,4.816,300
2020-10-20 09:31:41.330,4.816,1100
2020-10-20 09:31:41.390,4.817,1000
2020-10-20 09:31:41.780,4.817,500
2020-10-20 09:31:42.810,4.817,89700
2020-10-20 09:31:43.050,4.817,9600
2020-10-20 09:31:43.890,4.817,50000
2020-10-20 09:31:44.190,4.817,2000
2020-10-20 09:31:44.340,4.817,300
2020-10-20 09:31:45.300,4.817,100
2020-10-20 09:31:46.020,4.817,72500
2020-10-20 09:31:46.440,4.816,1000
2020-10-20 09:31:46.440,4.816,500
2020-10-20 09:31:46.440,4.816,200
2020-10-20 09:31:46.440,4.816,8300
2020-10-20 09:31:47.090,4.817,5000
2020-10-20 09:31:48.330,4.817,7000
2020-10-20 09:31:48.720,4.817,100
2020-10-20 09:31:50.550,4.816,8700
2020-10-20 09:31:50.730,4.816,500
2020-10-20 09:31:51.250,4.817,3000
2020-10-20 09:31:52.170,4.817,1000
2020-10-20 09:31:52.200,4.817,46000
2020-10-20 09:31:52.200,4.817,4500
2020-10-20 09:31:52.200,4.817,2000
2020-10-20 09:31:52.530,4.817,1000
2020-10-20 09:31:52.660,4.817,500
2020-10-20 09:31:53.570,4.817,2300
2020-10-20 09:31:53.570,4.817,5500
2020-10-20 09:31:53.570,4.817,400
2020-10-20 09:31:54.170,4.817,2000
2020-10-20 09:31:54.220,4.817,7600
2020-10-20 09:31:54.220,4.817,3400
2020-10-20 09:31:54.280,4.817,3000
2020-10-20 09:31:54.960,4.817,44700
2020-10-20 09:31:54.960,4.817,1000
2020-10-20 09:31:54.960,4.818,254300
2020-10-20 09:31:59.510,4.817,400
2020-10-20 09:31:59.510,4.817,100
2020-10-20 09:31:59.510,4.816,10000
2020-10-20 09:31:59.510,4.816,100000
2020-10-20 09:31:59.510,4.816,10000
2020-10-20 09:31:59.510,4.816,10000
2020-10-20 09:31:59.510,4.816,1000
2020-10-20 09:31:59.510,4.816,7300
2020-10-20 09:32:00.230,4.818,2000
2020-10-20 09:32:00.560,4.818,200
2020-10-20 09:32:00.610,4.817,2000
2020-10-20 09:32:01.130,4.816,12700
2020-10-20 09:32:01.130,4.816,2200
2020-10-20 09:32:01.130,4.816,4200
2020-10-20 09:32:01.130,4.816,5000
2020-10-20 09:32:01.130,4.816,3400
2020-10-20 09:32:01.260,4.816,2500
2020-10-20 09:32:01.630,4.818,36800
2020-10-20 09:32:01.630,4.818,13200
2020-10-20 09:32:01.870,4.817,500
2020-10-20 09:32:01.870,4.815,4600
2020-10-20 09:32:01.870,4.815,2000
2020-10-20 09:32:01.870,4.815,500
2020-10-20 09:32:01.870,4.815,217500
2020-10-20 09:32:02.150,4.817,5000
2020-10-20 09:32:02.150,4.817,1000
2020-10-20 09:32:02.220,4.817,3000
2020-10-20 09:32:02.270,4.815,12100
2020-10-20 09:32:02.390,4.817,76000
2020-10-20 09:32:02.530,4.816,500
2020-10-20 09:32:02.530,4.815,18600
2020-10-20 09:32:04.100,4.817,2000
2020-10-20 09:32:04.260,4.816,30000
2020-10-20 09:32:04.470,4.817,2000
2020-10-20 09:32:04.920,4.817,1000
2020-10-20 09:32:05.060,4.817,100
2020-10-20 09:32:05.980,4.817,3000
2020-10-20 09:32:06.010,4.816,3000
2020-10-20 09:32:06.010,4.816,7300
2020-10-20 09:32:07.310,4.816,10000
2020-10-20 09:32:07.340,4.815,51800
2020-10-20 09:32:07.340,4.815,2000
2020-10-20 09:32:07.340,4.815,1000
2020-10-20 09:32:07.340,4.815,3000
2020-10-20 09:32:07.340,4.815,500
2020-10-20 09:32:07.340,4.815,60000
2020-10-20 09:32:07.340,4.815,4000
2020-10-20 09:32:07.340,4.815,40000
2020-10-20 09:32:07.340,4.815,100
2020-10-20 09:32:07.340,4.815,1700
2020-10-20 09:32:07.340,4.815,300
2020-10-20 09:32:07.340,4.815,500
2020-10-20 09:32:07.820,4.815,500
2020-10-20 09:32:07.910,4.815,600
2020-10-20 09:32:07.910,4.815,3300
2020-10-20 09:32:09.010,4.814,10400
2020-10-20 09:32:09.200,4.815,5000
2020-10-20 09:32:09.260,4.814,19600
2020-10-20 09:32:09.260,4.814,200
2020-10-20 09:32:09.260,4.813,10000
2020-10-20 09:32:09.260,4.813,200
2020-10-20 09:32:09.260,4.813,300
2020-10-20 09:32:09.260,4.813,2000
2020-10-20 09:32:09.260,4.812,44000
2020-10-20 09:32:09.260,4.812,700
2020-10-20 09:32:09.260,4.812,100
2020-10-20 09:32:09.260,4.812,1000
2020-10-20 09:32:09.260,4.812,5000
2020-10-20 09:32:09.260,4.812,500
2020-10-20 09:32:09.260,4.812,100
2020-10-20 09:32:09.260,4.812,100
2020-10-20 09:32:09.260,4.812,5000
2020-10-20 09:32:09.260,4.812,5000
2020-10-20 09:32:09.260,4.812,1000
2020-10-20 09:32:09.260,4.812,500
2020-10-20 09:32:09.260,4.812,1000
2020-10-20 09:32:09.260,4.812,100
2020-10-20 09:32:09.260,4.812,600000
2020-10-20 09:32:09.260,4.811,100
2020-10-20 09:32:09.260,4.811,100
2020-10-20 09:32:09.260,4.811,200
2020-10-20 09:32:09.260,4.811,200
2020-10-20 09:32:09.260,4.811,300
2020-10-20 09:32:09.260,4.811,2000
2020-10-20 09:32:09.260,4.811,1000
2020-10-20 09:32:09.260,4.811,500
2020-10-20 09:32:09.260,4.811,400
2020-10-20 09:32:09.260,4.811,100
2020-10-20 09:32:09.260,4.811,400
2020-10-20 09:32:09.260,4.811,300
2020-10-20 09:32:09.260,4.811,2200
2020-10-20 09:32:09.260,4.811,50000
2020-10-20 09:32:09.260,4.811,700
2020-10-20 09:32:09.260,4.811,1000
2020-10-20 09:32:09.260,4.811,1000
2020-10-20 09:32:09.260,4.811,3100
2020-10-20 09:32:09.260,4.811,52900
2020-10-20 09:32:09.260,4.811,1300
2020-10-20 09:32:09.260,4.811,5000
2020-10-20 09:32:09.260,4.811,5000
2020-10-20 09:32:09.260,4.811,5100
2020-10-20 09:32:09.260,4.811,5100
2020-10-20 09:32:09.260,4.811,6100
2020-10-20 09:32:09.260,4.811,59500
2020-10-20 09:32:09.380,4.815,8500
2020-10-20 09:32:09.690,4.814,2000
2020-10-20 09:32:10.570,4.815,300
2020-10-20 09:32:11.470,4.815,3200
2020-10-20 09:32:11.560,4.815,100
2020-10-20 09:32:11.780,4.815,10000
2020-10-20 09:32:12.060,4.815,900
2020-10-20 09:32:14.620,4.813,30000
2020-10-20 09:32:14.990,4.813,200
2020-10-20 09:32:15.050,4.813,2000
2020-10-20 09:32:15.270,4.813,2000
2020-10-20 09:32:17.120,4.813,300
2020-10-20 09:32:17.310,4.813,8600
2020-10-20 09:32:17.730,4.812,500
2020-10-20 09:32:18.550,4.812,11000
2020-10-20 09:32:20.000,4.812,1000
2020-10-20 09:32:20.140,4.812,4500
2020-10-20 09:32:20.980,4.812,1000
2020-10-20 09:32:21.410,4.812,100
2020-10-20 09:32:22.520,4.812,1400
2020-10-20 09:32:22.670,4.811,129100
2020-10-20 09:32:22.670,4.811,2000
2020-10-20 09:32:22.670,4.811,10000
2020-10-20 09:32:22.670,4.811,200
2020-10-20 09:32:22.670,4.811,5300
2020-10-20 09:32:24.890,4.811,4000
2020-10-20 09:32:24.890,4.811,500
2020-10-20 09:32:25.450,4.81,300
2020-10-20 09:32:25.450,4.81,600
2020-10-20 09:32:25.750,4.811,4000
2020-10-20 09:32:25.810,4.811,500
2020-10-20 09:32:26.120,4.811,44400
2020-10-20 09:32:26.120,4.811,500
2020-10-20 09:32:26.120,4.811,5100
2020-10-20 09:32:27.720,4.811,400
2020-10-20 09:32:27.810,4.811,300
2020-10-20 09:32:27.870,4.811,4200
2020-10-20 09:32:27.870,4.811,200
2020-10-20 09:32:27.960,4.812,400
2020-10-20 09:32:28.170,4.811,1000
2020-10-20 09:32:29.110,4.812,3700
2020-10-20 09:32:29.390,4.812,1000
2020-10-20 09:32:30.270,4.811,4600
2020-10-20 09:32:30.270,4.811,500
2020-10-20 09:32:30.270,4.811,500
2020-10-20 09:32:30.270,4.81,14900
2020-10-20 09:32:31.410,4.81,30000
2020-10-20 09:32:31.730,4.812,2000
2020-10-20 09:32:31.930,4.812,5000
2020-10-20 09:32:32.030,4.811,1000
2020-10-20 09:32:32.380,4.811,2700
2020-10-20 09:32:32.440,4.811,100
2020-10-20 09:32:33.000,4.811,96200
2020-10-20 09:32:33.000,4.811,1100
2020-10-20 09:32:33.000,4.812,6500
2020-10-20 09:32:33.000,4.812,121300
2020-10-20 09:32:33.030,4.812,1000
2020-10-20 09:32:33.400,4.811,5000
2020-10-20 09:32:33.400,4.81,4500
2020-10-20 09:32:33.400,4.81,400
2020-10-20 09:32:33.400,4.81,10000
2020-10-20 09:32:33.400,4.81,2000
2020-10-20 09:32:33.400,4.81,3000
2020-10-20 09:32:33.400,4.81,48300
2020-10-20 09:32:33.400,4.81,200
2020-10-20 09:32:33.400,4.81,2500
2020-10-20 09:32:33.400,4.81,700
2020-10-20 09:32:33.400,4.81,200
2020-10-20 09:32:33.400,4.81,1000
2020-10-20 09:32:33.400,4.81,15000
2020-10-20 09:32:33.400,4.81,200
2020-10-20 09:32:33.400,4.81,1000
2020-10-20 09:32:33.400,4.81,200
2020-10-20 09:32:33.400,4.81,3000
2020-10-20 09:32:33.400,4.81,5000
2020-10-20 09:32:33.670,4.81,3000
2020-10-20 09:32:34.280,4.81,200
2020-10-20 09:32:34.280,4.81,4200
2020-10-20 09:32:34.410,4.809,3500
2020-10-20 09:32:34.590,4.81,20000
2020-10-20 09:32:35.630,4.81,30000
2020-10-20 09:32:35.730,4.81,1100
2020-10-20 09:32:37.920,4.81,1800
2020-10-20 09:32:39.070,4.81,5000
2020-10-20 09:32:39.230,4.81,4100
2020-10-20 09:32:40.230,4.81,1000
2020-10-20 09:32:40.420,4.81,300
2020-10-20 09:32:40.630,4.81,127100
2020-10-20 09:32:40.630,4.81,5800
2020-10-20 09:32:40.630,4.81,15700
2020-10-20 09:32:40.630,4.81,16000
2020-10-20 09:32:40.630,4.81,10000
2020-10-20 09:32:40.630,4.81,200
2020-10-20 09:32:40.880,4.811,5000
2020-10-20 09:32:41.610,4.81,10200
2020-10-20 09:32:41.820,4.811,100
2020-10-20 09:32:42.000,4.811,2000
2020-10-20 09:32:42.170,4.81,900
2020-10-20 09:32:42.200,4.81,1500
2020-10-20 09:32:42.230,4.81,12600
2020-10-20 09:32:42.230,4.81,1300
2020-10-20 09:32:42.230,4.809,58800
2020-10-20 09:32:42.230,4.809,3000
2020-10-20 09:32:42.230,4.809,2000
2020-10-20 09:32:42.230,4.809,100
2020-10-20 09:32:42.230,4.809,1800
2020-10-20 09:32:42.230,4.809,1400
2020-10-20 09:32:43.040,4.81,1000
2020-10-20 09:32:43.040,4.81,4100
2020-10-20 09:32:43.040,4.809,3600
2020-10-20 09:32:43.040,4.809,1300
2020-10-20 09:32:44.100,4.81,600
2020-10-20 09:32:44.230,4.81,600
2020-10-20 09:32:44.410,4.81,800
2020-10-20 09:32:44.410,4.81,9200
2020-10-20 09:32:44.500,4.81,40800
2020-10-20 09:32:44.710,4.81,10000
2020-10-20 09:32:45.270,4.81,15500
2020-10-20 09:32:45.270,4.81,1000
2020-10-20 09:32:46.140,4.809,1000
2020-10-20 09:32:46.140,4.809,500
2020-10-20 09:32:46.140,4.809,200
2020-10-20 09:32:46.140,4.809,4400
2020-10-20 09:32:46.140,4.809,2000
2020-10-20 09:32:46.140,4.809,600
2020-10-20 09:32:46.140,4.809,2700
2020-10-20 09:32:46.260,4.809,27000
2020-10-20 09:32:46.660,4.81,30000
2020-10-20 09:32:46.720,4.81,1000
2020-10-20 09:32:47.130,4.81,1700
2020-10-20 09:32:47.130,4.81,3300
2020-10-20 09:32:47.440,4.809,1800
2020-10-20 09:32:47.440,4.808,5000
2020-10-20 09:32:47.440,4.808,12000
2020-10-20 09:32:47.440,4.808,3100
2020-10-20 09:32:47.440,4.808,4800
2020-10-20 09:32:47.440,4.808,300
2020-10-20 09:32:47.440,4.808,700
2020-10-20 09:32:47.440,4.808,500
2020-10-20 09:32:47.440,4.808,5000
2020-10-20 09:32:47.440,4.808,2000
2020-10-20 09:32:47.440,4.808,4000
2020-10-20 09:32:47.440,4.808,100
2020-10-20 09:32:47.440,4.808,5000
2020-10-20 09:32:47.440,4.808,100
2020-10-20 09:32:47.440,4.808,2100
2020-10-20 09:32:47.440,4.808,100
2020-10-20 09:32:47.440,4.808,100
2020-10-20 09:32:47.440,4.808,100
2020-10-20 09:32:47.440,4.808,500
2020-10-20 09:32:47.440,4.808,12600
2020-10-20 09:32:48.100,4.81,100
2020-10-20 09:32:48.510,4.81,600
2020-10-20 09:32:48.560,4.81,5000
2020-10-20 09:32:48.560,4.81,10000
2020-10-20 09:32:48.800,4.81,100
2020-10-20 09:32:49.960,4.809,4000
2020-10-20 09:32:50.600,4.809,1400
2020-10-20 09:32:50.850,4.809,5000
2020-10-20 09:32:51.040,4.808,3000
2020-10-20 09:32:51.040,4.808,10000
2020-10-20 09:32:51.040,4.808,1000
2020-10-20 09:32:51.040,4.808,1000
2020-10-20 09:32:51.770,4.808,2900
2020-10-20 09:32:52.250,4.808,2400
2020-10-20 09:32:53.160,4.808,5000
2020-10-20 09:32:54.630,4.808,200
2020-10-20 09:32:55.020,4.808,5000
2020-10-20 09:32:55.290,4.808,83100
2020-10-20 09:32:57.440,4.808,30000
2020-10-20 09:32:57.600,4.808,20000
2020-10-20 09:32:57.750,4.807,100
2020-10-20 09:32:58.020,4.808,4500
2020-10-20 09:32:59.150,4.808,3000
2020-10-20 09:32:59.370,4.808,100
2020-10-20 09:32:59.820,4.808,128800
2020-10-20 09:32:59.820,4.808,51200
2020-10-20 09:32:59.820,4.808,2400
2020-10-20 09:32:59.820,4.808,100
2020-10-20 09:32:59.820,4.808,13500
2020-10-20 09:32:59.820,4.809,2600
2020-10-20 09:32:59.910,4.808,20000
2020-10-20 09:33:00.180,4.809,1000
2020-10-20 09:33:00.330,4.809,400
2020-10-20 09:33:00.330,4.809,400
2020-10-20 09:33:00.330,4.809,2000
2020-10-20 09:33:00.330,4.809,1000
2020-10-20 09:33:00.330,4.809,10000
2020-10-20 09:33:00.330,4.809,13000
2020-10-20 09:33:01.900,4.809,1100
2020-10-20 09:33:02.290,4.809,8100
2020-10-20 09:33:02.400,4.809,21000
2020-10-20 09:33:02.530,4.81,264000
2020-10-20 09:33:02.820,4.809,17000
2020-10-20 09:33:06.360,4.81,2000
2020-10-20 09:33:06.450,4.809,300
2020-10-20 09:33:06.660,4.809,1000
2020-10-20 09:33:07.860,4.81,600000
2020-10-20 09:33:08.850,4.81,123900
2020-10-20 09:33:08.850,4.81,300
2020-10-20 09:33:08.850,4.81,100
2020-10-20 09:33:08.850,4.81,12600
2020-10-20 09:33:08.850,4.81,5000
2020-10-20 09:33:08.850,4.81,5000
2020-10-20 09:33:08.850,4.811,14400
2020-10-20 09:33:08.850,4.811,6200
2020-10-20 09:33:08.850,4.811,5000
2020-10-20 09:33:08.940,4.811,5000
2020-10-20 09:33:09.090,4.811,10000
2020-10-20 09:33:09.650,4.812,10000
2020-10-20 09:33:09.650,4.812,20000
2020-10-20 09:33:09.650,4.812,2500
2020-10-20 09:33:09.650,4.812,30000
2020-10-20 09:33:09.650,4.812,60000
2020-10-20 09:33:09.650,4.812,100
2020-10-20 09:33:09.650,4.813,1000
2020-10-20 09:33:09.980,4.813,3000
2020-10-20 09:33:11.520,4.813,4300
2020-10-20 09:33:11.670,4.814,5000
2020-10-20 09:33:11.670,4.814,60000
2020-10-20 09:33:11.670,4.815,47500
2020-10-20 09:33:12.160,4.813,200
2020-10-20 09:33:12.270,4.813,100
2020-10-20 09:33:12.610,4.813,6000
2020-10-20 09:33:13.220,4.815,2500
2020-10-20 09:33:13.220,4.816,4700
2020-10-20 09:33:13.220,4.816,100
2020-10-20 09:33:13.220,4.816,2700
2020-10-20 09:33:14.330,4.813,162800
2020-10-20 09:33:14.330,4.812,60000
2020-10-20 09:33:14.330,4.812,10000
2020-10-20 09:33:14.450,4.811,500
2020-10-20 09:33:15.500,4.812,10000
2020-10-20 09:33:15.660,4.811,23800
2020-10-20 09:33:16.630,4.812,100
2020-10-20 09:33:17.330,4.812,10000
2020-10-20 09:33:17.890,4.812,43100
2020-10-20 09:33:19.020,4.813,10000
2020-10-20 09:33:19.320,4.812,100
2020-10-20 09:33:21.280,4.812,2400
2020-10-20 09:33:21.280,4.812,4400
2020-10-20 09:33:21.280,4.812,700
2020-10-20 09:33:21.280,4.812,200
2020-10-20 09:33:21.580,4.813,5800
2020-10-20 09:33:22.490,4.812,4800
2020-10-20 09:33:22.490,4.812,5300
2020-10-20 09:33:22.550,4.813,2000
2020-10-20 09:33:24.170,4.813,100
2020-10-20 09:33:24.960,4.813,5000
2020-10-20 09:33:25.530,4.813,900
2020-10-20 09:33:25.530,4.813,3500
2020-10-20 09:33:25.530,4.813,500
2020-10-20 09:33:25.530,4.813,1100
2020-10-20 09:33:25.640,4.813,600
2020-10-20 09:33:26.190,4.811,1600
2020-10-20 09:33:26.520,4.813,4100
2020-10-20 09:33:26.610,4.813,100
2020-10-20 09:33:27.730,4.812,100
2020-10-20 09:33:27.730,4.812,100
2020-10-20 09:33:27.800,4.812,300
2020-10-20 09:33:28.000,4.813,4100
2020-10-20 09:33:28.000,4.813,3000
2020-10-20 09:33:28.000,4.813,400
2020-10-20 09:33:28.000,4.813,10000
2020-10-20 09:33:28.000,4.814,13500
2020-10-20 09:33:28.530,4.813,100
2020-10-20 09:33:28.530,4.813,300
2020-10-20 09:33:28.530,4.813,400
2020-10-20 09:33:29.150,4.813,1600
2020-10-20 09:33:29.150,4.813,3800
2020-10-20 09:33:30.060,4.813,800
2020-10-20 09:33:30.980,4.813,3400
2020-10-20 09:33:31.180,4.813,2000
2020-10-20 09:33:31.180,4.813,100
2020-10-20 09:33:31.180,4.813,4000
2020-10-20 09:33:31.180,4.812,200
2020-10-20 09:33:31.180,4.812,300
2020-10-20 09:33:31.180,4.812,3400
2020-10-20 09:33:31.250,4.814,100
2020-10-20 09:33:31.480,4.812,2000
2020-10-20 09:33:32.270,4.812,4500
2020-10-20 09:33:32.960,4.813,500
2020-10-20 09:33:32.960,4.814,2000
2020-10-20 09:33:32.960,4.814,100
2020-10-20 09:33:33.330,4.814,100
2020-10-20 09:33:33.760,4.814,10000
2020-10-20 09:33:35.180,4.813,7000
2020-10-20 09:33:35.180,4.813,5000
2020-10-20 09:33:36.530,4.813,5300
2020-10-20 09:33:37.480,4.813,1000
2020-10-20 09:33:37.650,4.813,1000
2020-10-20 09:33:37.920,4.813,1000
2020-10-20 09:33:37.920,4.813,14300
2020-10-20 09:33:38.460,4.813,100000
2020-10-20 09:33:38.810,4.813,1000
2020-10-20 09:33:39.130,4.813,1000
2020-10-20 09:33:39.240,4.813,1000
2020-10-20 09:33:39.270,4.813,5000
2020-10-20 09:33:39.270,4.813,58000
2020-10-20 09:33:39.820,4.813,2800
2020-10-20 09:33:40.190,4.813,21000
2020-10-20 09:33:40.770,4.813,10000
2020-10-20 09:33:41.290,4.813,20000
2020-10-20 09:33:41.840,4.813,1900
2020-10-20 09:33:42.740,4.812,1000
2020-10-20 09:33:42.770,4.813,2000
2020-10-20 09:33:42.980,4.813,600
2020-10-20 09:33:43.040,4.813,600
2020-10-20 09:33:43.100,4.813,500
2020-10-20 09:33:43.540,4.813,3000
2020-10-20 09:33:43.630,4.813,1000
2020-10-20 09:33:43.990,4.813,3100
2020-10-20 09:33:44.100,4.813,32900
2020-10-20 09:33:45.220,4.813,16
2020-10-20 09:33:45.480,4.813,20000
2020-10-20 09:33:47.660,4.813,300000
2020-10-20 09:33:47.660,4.814,1000
2020-10-20 09:33:48.270,4.813,2800
2020-10-20 09:33:48.550,4.814,600
2020-10-20 09:33:48.780,4.813,7500
2020-10-20 09:33:48.820,4.814,5000
2020-10-20 09:33:49.630,4.813,296000
2020-10-20 09:33:50.500,4.814,100
2020-10-20 09:33:52.130,4.814,5000
2020-10-20 09:33:52.580,4.813,340784
2020-10-20 09:33:52.580,4.813,1000
2020-10-20 09:33:52.580,4.813,1400
2020-10-20 09:33:52.580,4.813,100
2020-10-20 09:33:52.580,4.813,400
2020-10-20 09:33:52.580,4.813,5000
2020-10-20 09:33:52.580,4.813,2000
2020-10-20 09:33:52.580,4.813,8600
2020-10-20 09:33:52.580,4.813,2000
2020-10-20 09:33:52.580,4.813,5000
2020-10-20 09:33:52.580,4.813,1300
2020-10-20 09:33:52.730,4.813,500
2020-10-20 09:33:52.750,4.813,2000
2020-10-20 09:33:54.040,4.813,6400
2020-10-20 09:33:54.360,4.813,10000
2020-10-20 09:33:54.390,4.813,100
2020-10-20 09:33:54.740,4.813,1000
2020-10-20 09:33:54.910,4.813,2000
2020-10-20 09:33:55.480,4.812,2100
2020-10-20 09:33:55.480,4.812,5800
2020-10-20 09:33:55.510,4.813,6000
2020-10-20 09:33:55.650,4.813,5000
2020-10-20 09:33:56.140,4.813,700
2020-10-20 09:33:56.680,4.813,5000
2020-10-20 09:33:56.820,4.812,5600
2020-10-20 09:33:56.820,4.812,1100
2020-10-20 09:33:56.940,4.813,500
2020-10-20 09:33:56.940,4.813,10000
2020-10-20 09:33:57.320,4.813,700
2020-10-20 09:33:57.700,4.813,500
2020-10-20 09:33:57.950,4.812,3900
2020-10-20 09:33:57.950,4.812,100
2020-10-20 09:33:57.950,4.812,10000
2020-10-20 09:33:57.950,4.812,3500
2020-10-20 09:33:57.950,4.812,4500
2020-10-20 09:33:58.470,4.811,6700
2020-10-20 09:34:00.050,4.812,19700
2020-10-20 09:34:00.140,4.811,2300
2020-10-20 09:34:00.140,4.811,700
2020-10-20 09:34:00.310,4.812,1000
2020-10-20 09:34:00.460,4.812,110000
2020-10-20 09:34:00.460,4.812,10700
2020-10-20 09:34:00.460,4.813,180000
2020-10-20 09:34:01.020,4.812,5000
2020-10-20 09:34:01.050,4.813,4716
2020-10-20 09:34:01.050,4.813,284
2020-10-20 09:34:01.660,4.813,9716
2020-10-20 09:34:01.660,4.813,7400
2020-10-20 09:34:01.660,4.813,3884
2020-10-20 09:34:02.670,4.813,300
2020-10-20 09:34:03.140,4.812,1800
2020-10-20 09:34:03.140,4.812,200
2020-10-20 09:34:04.050,4.812,1300
2020-10-20 09:34:04.130,4.812,30000
2020-10-20 09:34:07.640,4.813,316
2020-10-20 09:34:07.640,4.813,9384
2020-10-20 09:34:07.740,4.813,2000
2020-10-20 09:34:08.140,4.813,11716
2020-10-20 09:34:08.140,4.813,500
2020-10-20 09:34:08.140,4.813,84
2020-10-20 09:34:09.920,4.813,100
2020-10-20 09:34:10.100,4.812,41700
2020-10-20 09:34:10.100,4.812,3100
2020-10-20 09:34:10.100,4.812,5100
2020-10-20 09:34:10.100,4.812,100
2020-10-20 09:34:10.410,4.813,4000
2020-10-20 09:34:11.700,4.813,59300
2020-10-20 09:34:11.970,4.813,500
2020-10-20 09:34:12.320,4.813,236016
2020-10-20 09:34:12.320,4.813,5200
2020-10-20 09:34:12.320,4.813,1000
2020-10-20 09:34:12.670,4.813,30000
2020-10-20 09:34:13.780,4.813,1500
2020-10-20 09:34:14.130,4.813,1500
2020-10-20 09:34:14.530,4.813,3300
2020-10-20 09:34:14.580,4.814,5000
2020-10-20 09:34:15.330,4.813,1500
2020-10-20 09:34:16.670,4.813,10000
2020-10-20 09:34:16.900,4.813,1500
2020-10-20 09:34:18.070,4.814,8300
2020-10-20 09:34:18.220,4.813,100
2020-10-20 09:34:18.310,4.813,10000
2020-10-20 09:34:18.500,4.814,10000
2020-10-20 09:34:18.560,4.813,1100
2020-10-20 09:34:19.860,4.814,100000
2020-10-20 09:34:20.010,4.814,1700
2020-10-20 09:34:20.040,4.813,1100
2020-10-20 09:34:20.660,4.813,3000
2020-10-20 09:34:21.190,4.813,700
2020-10-20 09:34:21.190,4.814,15600
2020-10-20 09:34:21.190,4.814,500
2020-10-20 09:34:21.190,4.814,3900
2020-10-20 09:34:21.500,4.813,16600
2020-10-20 09:34:21.560,4.814,1200
2020-10-20 09:34:21.560,4.814,5100
2020-10-20 09:34:21.560,4.814,500
2020-10-20 09:34:21.610,4.814,600
2020-10-20 09:34:21.670,4.814,3800
2020-10-20 09:34:21.780,4.813,800
2020-10-20 09:34:22.480,4.814,200
2020-10-20 09:34:22.600,4.814,1100
2020-10-20 09:34:22.720,4.815,300000
2020-10-20 09:34:23.500,4.815,300
2020-10-20 09:34:23.500,4.815,800
2020-10-20 09:34:23.650,4.814,500
2020-10-20 09:34:24.940,4.815,7100
2020-10-20 09:34:25.270,4.815,5000
2020-10-20 09:34:26.210,4.816,2400
2020-10-20 09:34:26.210,4.816,100
2020-10-20 09:34:26.210,4.817,500
2020-10-20 09:34:26.300,4.815,500
2020-10-20 09:34:27.770,4.815,1000
2020-10-20 09:34:28.620,4.815,156400
2020-10-20 09:34:28.620,4.814,10000
2020-10-20 09:34:28.620,4.814,3000
2020-10-20 09:34:28.620,4.814,300
2020-10-20 09:34:28.620,4.814,5000
2020-10-20 09:34:28.620,4.814,1200
2020-10-20 09:34:28.620,4.814,4200
2020-10-20 09:34:28.620,4.814,2500
2020-10-20 09:34:30.020,4.814,200
2020-10-20 09:34:30.070,4.814,300
2020-10-20 09:34:30.200,4.814,90000
2020-10-20 09:34:30.540,4.814,10000
2020-10-20 09:34:30.600,4.814,12900
2020-10-20 09:34:30.600,4.817,4500
2020-10-20 09:34:30.600,4.817,2200
2020-10-20 09:34:30.600,4.817,200
2020-10-20 09:34:30.600,4.817,1700
2020-10-20 09:34:31.280,4.817,800
2020-10-20 09:34:32.010,4.817,5000
2020-10-20 09:34:32.660,4.817,5000
2020-10-20 09:34:33.870,4.817,5000
2020-10-20 09:34:34.130,4.817,16700
2020-10-20 09:34:34.650,4.817,1700
2020-10-20 09:34:34.870,4.817,6200
2020-10-20 09:34:34.870,4.815,300
2020-10-20 09:34:35.330,4.817,100
2020-10-20 09:34:35.360,4.815,400
2020-10-20 09:34:35.820,4.817,1300
2020-10-20 09:34:37.070,4.818,1400
2020-10-20 09:34:37.070,4.818,500
2020-10-20 09:34:37.320,4.817,8700
2020-10-20 09:34:37.490,4.817,100
2020-10-20 09:34:37.780,4.817,400
2020-10-20 09:34:39.640,4.817,30000
2020-10-20 09:34:41.300,4.817,2000
2020-10-20 09:34:44.450,4.817,10000
2020-10-20 09:34:45.200,4.817,1000
2020-10-20 09:34:45.680,4.817,500
2020-10-20 09:34:45.680,4.817,500
2020-10-20 09:34:45.860,4.817,1000
2020-10-20 09:34:46.780,4.817,200
2020-10-20 09:34:48.400,4.817,100
2020-10-20 09:34:48.420,4.817,100
2020-10-20 09:34:48.690,4.817,200
2020-10-20 09:34:49.280,4.815,2200
2020-10-20 09:34:49.280,4.815,10000
2020-10-20 09:34:49.280,4.814,13500
2020-10-20 09:34:49.280,4.814,3000
2020-10-20 09:34:49.280,4.814,300
2020-10-20 09:34:49.660,4.817,8000
2020-10-20 09:34:49.690,4.817,2000
2020-10-20 09:34:49.950,4.817,10800
2020-10-20 09:34:49.950,4.817,9200
2020-10-20 09:34:50.870,4.816,300
2020-10-20 09:34:52.170,4.816,1000
2020-10-20 09:34:52.170,4.817,4000
2020-10-20 09:34:52.370,4.817,10000
2020-10-20 09:34:53.180,4.817,9500
2020-10-20 09:34:54.840,4.817,500
2020-10-20 09:34:55.040,4.815,1000
2020-10-20 09:34:55.140,4.817,300
2020-10-20 09:34:55.410,4.816,400
2020-10-20 09:34:56.100,4.817,2000
2020-10-20 09:34:57.340,4.817,1000
2020-10-20 09:34:59.400,4.816,8600
2020-10-20 09:34:59.400,4.816,1100
2020-10-20 09:34:59.930,4.816,400
2020-10-20 09:35:00.210,4.816,500
2020-10-20 09:35:00.420,4.816,1600
2020-10-20 09:35:00.590,4.816,5000
2020-10-20 09:35:00.680,4.815,7400
2020-10-20 09:35:00.680,4.815,2600
2020-10-20 09:35:01.260,4.816,700
2020-10-20 09:35:01.320,4.816,100
2020-10-20 09:35:01.950,4.816,1000
2020-10-20 09:35:02.060,4.816,1000
2020-10-20 09:35:03.190,4.817,100
2020-10-20 09:35:03.740,4.816,400
2020-10-20 09:35:04.760,4.816,2600
2020-10-20 09:35:05.010,4.816,100
2020-10-20 09:35:05.350,4.815,11700
2020-10-20 09:35:06.620,4.815,200
2020-10-20 09:35:07.780,4.815,2300
2020-10-20 09:35:07.930,4.815,10700
2020-10-20 09:35:08.940,4.816,1000
2020-10-20 09:35:09.800,4.816,5000
2020-10-20 09:35:10.030,4.816,100000
2020-10-20 09:35:10.820,4.816,200
2020-10-20 09:35:12.190,4.816,19900
2020-10-20 09:35:12.190,4.816,100
2020-10-20 09:35:12.190,4.816,900
2020-10-20 09:35:12.480,4.816,4100
2020-10-20 09:35:12.480,4.816,3000
2020-10-20 09:35:12.480,4.817,5800
2020-10-20 09:35:13.630,4.816,23000
2020-10-20 09:35:14.590,4.816,200
2020-10-20 09:35:14.700,4.816,100
2020-10-20 09:35:16.960,4.816,2500
2020-10-20 09:35:18.200,4.816,100
2020-10-20 09:35:18.230,4.815,20000
2020-10-20 09:35:18.670,4.815,42500
2020-10-20 09:35:18.670,4.815,100
2020-10-20 09:35:18.670,4.815,5000
2020-10-20 09:35:18.670,4.815,300
2020-10-20 09:35:18.670,4.815,2500
2020-10-20 09:35:18.670,4.815,6100
2020-10-20 09:35:18.670,4.815,4000
2020-10-20 09:35:18.670,4.815,2500
2020-10-20 09:35:18.670,4.815,1800
2020-10-20 09:35:18.670,4.815,3000
2020-10-20 09:35:18.670,4.815,200
2020-10-20 09:35:18.670,4.815,100
2020-10-20 09:35:18.670,4.815,14000
2020-10-20 09:35:18.670,4.815,100
2020-10-20 09:35:18.670,4.815,900
2020-10-20 09:35:18.670,4.814,5000
2020-10-20 09:35:18.670,4.814,200
2020-10-20 09:35:18.670,4.814,7000
2020-10-20 09:35:18.670,4.814,16400
2020-10-20 09:35:18.670,4.814,7800
2020-10-20 09:35:18.670,4.814,2700
2020-10-20 09:35:18.670,4.814,10000
2020-10-20 09:35:18.670,4.814,300
2020-10-20 09:35:18.670,4.814,10000
2020-10-20 09:35:20.050,4.814,500
2020-10-20 09:35:20.540,4.814,1600
2020-10-20 09:35:20.600,4.814,11300
2020-10-20 09:35:21.190,4.814,10000
2020-10-20 09:35:21.220,4.814,100000
2020-10-20 09:35:21.580,4.814,30100
2020-10-20 09:35:21.580,4.814,5100
2020-10-20 09:35:22.120,4.815,5700
2020-10-20 09:35:22.150,4.815,100
2020-10-20 09:35:23.970,4.815,1000
2020-10-20 09:35:24.060,4.815,200
2020-10-20 09:35:24.220,4.815,10000
2020-10-20 09:35:24.940,4.814,25600
2020-10-20 09:35:26.480,4.815,3000
2020-10-20 09:35:27.100,4.814,300000
2020-10-20 09:35:27.240,4.815,60000
2020-10-20 09:35:27.600,4.814,2300
2020-10-20 09:35:27.820,4.815,1000
2020-10-20 09:35:28.230,4.815,100
2020-10-20 09:35:28.390,4.815,3000
2020-10-20 09:35:30.180,4.815,15900
2020-10-20 09:35:30.180,4.815,5200
2020-10-20 09:35:30.180,4.815,2100
2020-10-20 09:35:30.180,4.815,76800
2020-10-20 09:35:30.180,4.815,80000
2020-10-20 09:35:30.180,4.815,100000
2020-10-20 09:35:30.180,4.815,10000
2020-10-20 09:35:30.240,4.815,5000
2020-10-20 09:35:30.240,4.815,100000
2020-10-20 09:35:30.240,4.815,60000
2020-10-20 09:35:30.240,4.815,100000
2020-10-20 09:35:30.240,4.815,50000
2020-10-20 09:35:30.240,4.815,20000
2020-10-20 09:35:30.240,4.815,100000
2020-10-20 09:35:30.240,4.815,20000
2020-10-20 09:35:31.270,4.815,1000
2020-10-20 09:35:31.870,4.815,4000
2020-10-20 09:35:32.190,4.815,2000
2020-10-20 09:35:32.500,4.815,2000
2020-10-20 09:35:32.660,4.815,400
2020-10-20 09:35:33.190,4.815,20000
2020-10-20 09:35:33.190,4.815,100000
2020-10-20 09:35:33.190,4.815,90000
2020-10-20 09:35:33.490,4.815,58800
2020-10-20 09:35:33.490,4.815,1100
2020-10-20 09:35:34.070,4.815,10000
2020-10-20 09:35:34.600,4.816,10400
2020-10-20 09:35:35.150,4.816,10000
2020-10-20 09:35:35.780,4.816,2000
2020-10-20 09:35:36.770,4.815,5200
2020-10-20 09:35:37.000,4.816,100
2020-10-20 09:35:37.260,4.815,1000
2020-10-20 09:35:39.980,4.816,1000
2020-10-20 09:35:40.010,4.816,6000
2020-10-20 09:35:40.470,4.816,200
2020-10-20 09:35:43.190,4.815,10700
2020-10-20 09:35:44.600,4.816,1300
2020-10-20 09:35:48.270,4.816,200
2020-10-20 09:35:49.030,4.816,2000
2020-10-20 09:35:49.210,4.815,9300
2020-10-20 09:35:49.330,4.816,20000
2020-10-20 09:35:50.340,4.816,200
2020-10-20 09:35:50.820,4.816,1000
2020-10-20 09:35:51.820,4.816,700
2020-10-20 09:35:51.880,4.815,3900
2020-10-20 09:35:51.880,4.815,400
2020-10-20 09:35:51.880,4.815,3000
2020-10-20 09:35:51.880,4.815,1000
2020-10-20 09:35:51.880,4.815,41700
2020-10-20 09:35:52.020,4.816,900
2020-10-20 09:35:52.720,4.816,6800
2020-10-20 09:35:53.220,4.816,100
2020-10-20 09:35:54.070,4.816,500
2020-10-20 09:35:54.390,4.815,28200
2020-10-20 09:35:54.650,4.816,100
2020-10-20 09:35:54.740,4.816,300
2020-10-20 09:35:56.270,4.816,100
2020-10-20 09:35:56.560,4.816,500
2020-10-20 09:35:57.510,4.816,9700
2020-10-20 09:35:57.510,4.816,10000
2020-10-20 09:35:57.510,4.816,20300
2020-10-20 09:35:57.570,4.816,20000
2020-10-20 09:35:57.720,4.815,700
2020-10-20 09:36:01.010,4.815,700
2020-10-20 09:36:02.480,4.815,5000
2020-10-20 09:36:03.350,4.816,2000
2020-10-20 09:36:03.550,4.815,5400
2020-10-20 09:36:03.890,4.815,200
2020-10-20 09:36:04.530,4.816,1000
2020-10-20 09:36:06.070,4.816,2000
2020-10-20 09:36:06.450,4.815,18100
2020-10-20 09:36:06.450,4.815,1000
2020-10-20 09:36:06.450,4.815,100
2020-10-20 09:36:06.450,4.815,10000
2020-10-20 09:36:06.450,4.815,1100
2020-10-20 09:36:06.450,4.815,800
2020-10-20 09:36:06.450,4.815,3000
2020-10-20 09:36:06.450,4.815,500
2020-10-20 09:36:06.450,4.815,1000
2020-10-20 09:36:06.450,4.815,200
2020-10-20 09:36:06.450,4.815,400
2020-10-20 09:36:06.540,4.815,5000
2020-10-20 09:36:06.890,4.815,20000
2020-10-20 09:36:07.320,4.815,100
2020-10-20 09:36:07.580,4.815,5000
2020-10-20 09:36:08.180,4.815,51900
2020-10-20 09:36:08.660,4.815,100
2020-10-20 09:36:10.150,4.815,1000
2020-10-20 09:36:10.240,4.815,5000
2020-10-20 09:36:11.100,4.815,800
2020-10-20 09:36:11.160,4.815,5000
2020-10-20 09:36:12.830,4.815,5500
2020-10-20 09:36:12.900,4.815,400
2020-10-20 09:36:13.900,4.815,300
2020-10-20 09:36:15.170,4.815,100
2020-10-20 09:36:16.160,4.814,100
2020-10-20 09:36:16.160,4.814,2400
2020-10-20 09:36:16.390,4.815,400
2020-10-20 09:36:17.330,4.814,7600
2020-10-20 09:36:17.330,4.814,10600
2020-10-20 09:36:17.330,4.814,200
2020-10-20 09:36:17.330,4.814,3000
2020-10-20 09:36:17.330,4.814,2100
2020-10-20 09:36:17.330,4.814,10000
2020-10-20 09:36:17.330,4.814,100
2020-10-20 09:36:17.330,4.814,5000
2020-10-20 09:36:17.330,4.814,300
2020-10-20 09:36:17.330,4.814,100
2020-10-20 09:36:17.330,4.814,1000
2020-10-20 09:36:17.330,4.814,5000
2020-10-20 09:36:17.330,4.814,200
2020-10-20 09:36:17.330,4.814,3000
2020-10-20 09:36:17.330,4.814,2100
2020-10-20 09:36:17.330,4.814,10000
2020-10-20 09:36:17.330,4.814,1000
2020-10-20 09:36:17.330,4.814,10000
2020-10-20 09:36:17.330,4.814,1100
2020-10-20 09:36:17.440,4.814,14800
2020-10-20 09:36:18.000,4.814,1000
2020-10-20 09:36:18.660,4.814,100
2020-10-20 09:36:20.190,4.814,9000
2020-10-20 09:36:20.450,4.814,2100
2020-10-20 09:36:21.090,4.814,39000
2020-10-20 09:36:22.030,4.814,2500
2020-10-20 09:36:24.010,4.814,4000
2020-10-20 09:36:24.480,4.814,1000
2020-10-20 09:36:25.110,4.814,100
2020-10-20 09:36:25.240,4.814,5000
2020-10-20 09:36:26.020,4.814,1500
2020-10-20 09:36:26.650,4.814,2500
2020-10-20 09:36:27.740,4.814,600
2020-10-20 09:36:28.260,4.814,100
2020-10-20 09:36:28.830,4.814,1000
2020-10-20 09:36:29.000,4.813,8000
2020-10-20 09:36:29.060,4.814,1200
2020-10-20 09:36:29.170,4.814,100
2020-10-20 09:36:30.060,4.814,200
2020-10-20 09:36:30.270,4.814,500
2020-10-20 09:36:30.940,4.814,1000
2020-10-20 09:36:30.940,4.814,4000
2020-10-20 09:36:31.770,4.813,100
2020-10-20 09:36:32.160,4.814,1300
2020-10-20 09:36:32.300,4.814,100
2020-10-20 09:36:33.770,4.814,1400
2020-10-20 09:36:34.320,4.814,3000
2020-10-20 09:36:35.750,4.814,20000
2020-10-20 09:36:36.150,4.814,5000
2020-10-20 09:36:37.760,4.813,5900
2020-10-20 09:36:37.760,4.813,6100
2020-10-20 09:36:37.760,4.813,5300
2020-10-20 09:36:38.280,4.814,5000
2020-10-20 09:36:38.670,4.814,1000
2020-10-20 09:36:38.730,4.814,6500
2020-10-20 09:36:38.730,4.814,10000
2020-10-20 09:36:38.730,4.814,5400
2020-10-20 09:36:38.730,4.814,6300
2020-10-20 09:36:39.990,4.813,1000
2020-10-20 09:36:41.130,4.813,59000
2020-10-20 09:36:41.830,4.813,21400
2020-10-20 09:36:42.000,4.814,2000
2020-10-20 09:36:42.790,4.814,2000
2020-10-20 09:36:43.110,4.813,3300
2020-10-20 09:36:43.110,4.813,10000
2020-10-20 09:36:43.480,4.814,100
2020-10-20 09:36:43.790,4.814,20000
2020-10-20 09:36:43.870,4.814,10000
2020-10-20 09:36:44.290,4.813,5000
2020-10-20 09:36:44.630,4.814,100
2020-10-20 09:36:45.120,4.813,2000
2020-10-20 09:36:45.150,4.814,2000
2020-10-20 09:36:45.180,4.814,7400
2020-10-20 09:36:45.180,4.814,12600
2020-10-20 09:36:45.210,4.814,100000
2020-10-20 09:36:45.210,4.814,100000
2020-10-20 09:36:45.210,4.814,10000
2020-10-20 09:36:45.240,4.814,100000
2020-10-20 09:36:45.240,4.814,50000
2020-10-20 09:36:45.240,4.814,100000
2020-10-20 09:36:45.240,4.814,30000
2020-10-20 09:36:45.240,4.814,100000
2020-10-20 09:36:45.240,4.814,100000
2020-10-20 09:36:46.960,4.813,508600
2020-10-20 09:36:47.630,4.814,297400
2020-10-20 09:36:47.630,4.814,103800
2020-10-20 09:36:47.630,4.814,3000
2020-10-20 09:36:47.630,4.814,1000
2020-10-20 09:36:47.630,4.814,2000
2020-10-20 09:36:47.630,4.814,300
2020-10-20 09:36:47.630,4.814,1000
2020-10-20 09:36:47.630,4.814,6400
2020-10-20 09:36:48.290,4.814,2100
2020-10-20 09:36:49.930,4.814,1000
2020-10-20 09:36:50.530,4.814,1600
2020-10-20 09:36:51.230,4.814,2000
2020-10-20 09:36:51.450,4.814,300
2020-10-20 09:36:52.420,4.814,2000
2020-10-20 09:36:53.030,4.814,1000
2020-10-20 09:36:54.180,4.814,2000
2020-10-20 09:36:54.760,4.815,1000
2020-10-20 09:36:55.790,4.814,300
2020-10-20 09:36:55.990,4.814,100
2020-10-20 09:36:59.550,4.814,100
2020-10-20 09:37:00.030,4.815,20000
2020-10-20 09:37:00.700,4.814,2000
2020-10-20 09:37:00.700,4.815,15500
2020-10-20 09:37:01.840,4.814,7600
2020-10-20 09:37:01.840,4.814,5000
2020-10-20 09:37:01.840,4.814,800
2020-10-20 09:37:01.840,4.814,4000
2020-10-20 09:37:01.840,4.814,2000
2020-10-20 09:37:01.840,4.814,10000
2020-10-20 09:37:01.840,4.814,20200
2020-10-20 09:37:01.840,4.814,10000
2020-10-20 09:37:01.840,4.814,5000
2020-10-20 09:37:01.840,4.814,100
2020-10-20 09:37:01.840,4.814,300
2020-10-20 09:37:01.840,4.814,235000
2020-10-20 09:37:02.590,4.814,800
2020-10-20 09:37:02.620,4.814,10000
2020-10-20 09:37:02.700,4.815,2000
2020-10-20 09:37:02.850,4.814,300000
2020-10-20 09:37:03.110,4.815,15000
2020-10-20 09:37:03.220,4.814,10000
2020-10-20 09:37:03.280,4.814,700
2020-10-20 09:37:03.630,4.814,10000
2020-10-20 09:37:03.720,4.814,10600
2020-10-20 09:37:04.070,4.814,10000
2020-10-20 09:37:04.120,4.814,10000
2020-10-20 09:37:04.660,4.814,100
2020-10-20 09:37:04.980,4.815,10000
2020-10-20 09:37:05.030,4.814,10000
2020-10-20 09:37:05.030,4.814,10000
2020-10-20 09:37:05.660,4.814,300000
2020-10-20 09:37:05.690,4.814,10000
2020-10-20 09:37:05.690,4.814,10000
2020-10-20 09:37:06.250,4.814,62800
2020-10-20 09:37:06.250,4.814,5000
2020-10-20 09:37:06.250,4.814,100
2020-10-20 09:37:06.250,4.814,3000
2020-10-20 09:37:06.250,4.814,29100
2020-10-20 09:37:06.340,4.814,2400
2020-10-20 09:37:06.340,4.814,500
2020-10-20 09:37:06.340,4.814,7100
2020-10-20 09:37:06.340,4.814,1400
2020-10-20 09:37:06.420,4.814,2500
2020-10-20 09:37:07.080,4.813,10000
2020-10-20 09:37:07.170,4.814,5000
2020-10-20 09:37:07.170,4.814,100
2020-10-20 09:37:07.280,4.813,29384
2020-10-20 09:37:07.280,4.813,1000
2020-10-20 09:37:07.280,4.813,2000
2020-10-20 09:37:07.280,4.813,800
2020-10-20 09:37:07.280,4.813,10000
2020-10-20 09:37:07.280,4.813,2000
2020-10-20 09:37:07.280,4.813,500
2020-10-20 09:37:07.280,4.813,3000
2020-10-20 09:37:07.280,4.813,10000
2020-10-20 09:37:07.280,4.813,500
2020-10-20 09:37:07.280,4.813,500
2020-10-20 09:37:07.280,4.813,10000
2020-10-20 09:37:07.280,4.813,200
2020-10-20 09:37:07.280,4.813,500
2020-10-20 09:37:07.280,4.813,200
2020-10-20 09:37:07.280,4.813,300
2020-10-20 09:37:07.280,4.813,4000
2020-10-20 09:37:07.280,4.813,5000
2020-10-20 09:37:07.280,4.813,5000
2020-10-20 09:37:07.280,4.813,15116
2020-10-20 09:37:07.710,4.813,3884
2020-10-20 09:37:07.710,4.813,1000
2020-10-20 09:37:07.710,4.813,1000
2020-10-20 09:37:07.710,4.813,1000
2020-10-20 09:37:07.710,4.813,2000
2020-10-20 09:37:07.710,4.813,1116
2020-10-20 09:37:08.350,4.814,1000
2020-10-20 09:37:08.350,4.814,1000
2020-10-20 09:37:08.350,4.814,100000
2020-10-20 09:37:08.350,4.814,48700
2020-10-20 09:37:08.350,4.815,799700
2020-10-20 09:37:08.350,4.815,4800
2020-10-20 09:37:08.350,4.815,8400
2020-10-20 09:37:08.350,4.815,500
2020-10-20 09:37:08.350,4.815,1000
2020-10-20 09:37:08.350,4.815,100
2020-10-20 09:37:08.350,4.815,5100
2020-10-20 09:37:08.350,4.815,29700
2020-10-20 09:37:08.620,4.813,2084
2020-10-20 09:37:08.620,4.813,300
2020-10-20 09:37:08.620,4.813,500
2020-10-20 09:37:08.620,4.813,2000
2020-10-20 09:37:08.620,4.813,3000
2020-10-20 09:37:08.620,4.813,100
2020-10-20 09:37:09.460,4.813,900
2020-10-20 09:37:10.310,4.813,200
2020-10-20 09:37:10.370,4.813,500
2020-10-20 09:37:14.240,4.812,900
2020-10-20 09:37:14.240,4.812,100
2020-10-20 09:37:15.670,4.813,100
2020-10-20 09:37:16.880,4.813,2700
2020-10-20 09:37:17.040,4.813,5100
2020-10-20 09:37:17.150,4.813,1000
2020-10-20 09:37:18.280,4.813,7300
2020-10-20 09:37:18.890,4.813,200
2020-10-20 09:37:19.960,4.815,5000
2020-10-20 09:37:20.540,4.813,12600
2020-10-20 09:37:21.640,4.813,4000
2020-10-20 09:37:21.810,4.813,900
2020-10-20 09:37:23.540,4.815,31000
2020-10-20 09:37:24.540,4.814,3000
2020-10-20 09:37:24.540,4.814,1000
2020-10-20 09:37:24.540,4.813,66200
2020-10-20 09:37:24.540,4.813,500
2020-10-20 09:37:24.540,4.813,50000
2020-10-20 09:37:24.540,4.813,500
2020-10-20 09:37:24.540,4.813,133100
2020-10-20 09:37:26.620,4.814,900
2020-10-20 09:37:26.710,4.815,100
2020-10-20 09:37:26.990,4.815,14200
2020-10-20 09:37:26.990,4.815,100
2020-10-20 09:37:26.990,4.815,10000
2020-10-20 09:37:26.990,4.815,65700
2020-10-20 09:37:29.000,4.815,20000
2020-10-20 09:37:29.050,4.815,2100
2020-10-20 09:37:29.560,4.815,10000
2020-10-20 09:37:30.330,4.815,2200
2020-10-20 09:37:31.340,4.815,4900
2020-10-20 09:37:31.510,4.815,100
2020-10-20 09:37:33.530,4.815,400
2020-10-20 09:37:35.180,4.815,200
2020-10-20 09:37:35.970,4.816,10000
2020-10-20 09:37:36.090,4.816,10000
2020-10-20 09:37:37.090,4.816,10000
2020-10-20 09:37:37.320,4.816,400
2020-10-20 09:37:37.870,4.815,25200
2020-10-20 09:37:39.520,4.817,10000
2020-10-20 09:37:39.520,4.817,1500
2020-10-20 09:37:39.520,4.817,800
2020-10-20 09:37:39.520,4.817,15000
2020-10-20 09:37:39.520,4.817,10000
2020-10-20 09:37:39.520,4.817,2700
2020-10-20 09:37:40.430,4.817,47300
2020-10-20 09:37:41.710,4.818,9500
2020-10-20 09:37:41.710,4.818,100
2020-10-20 09:37:41.710,4.818,300
2020-10-20 09:37:41.710,4.818,50000
2020-10-20 09:37:41.710,4.818,100
2020-10-20 09:37:41.710,4.818,60000
2020-10-20 09:37:43.360,4.818,200
2020-10-20 09:37:43.820,4.819,9000
2020-10-20 09:37:43.820,4.819,500
2020-10-20 09:37:43.820,4.819,500
2020-10-20 09:37:43.820,4.819,100
2020-10-20 09:37:43.820,4.819,16700
2020-10-20 09:37:43.820,4.819,50000
2020-10-20 09:37:43.820,4.819,10000
2020-10-20 09:37:44.720,4.82,50000
2020-10-20 09:37:44.720,4.82,200
2020-10-20 09:37:44.720,4.82,15000
2020-10-20 09:37:44.720,4.82,2800
2020-10-20 09:37:44.720,4.82,6500
2020-10-20 09:37:44.720,4.82,5000
2020-10-20 09:37:44.720,4.82,100
2020-10-20 09:37:44.720,4.82,8400
2020-10-20 09:37:44.720,4.82,2000
2020-10-20 09:37:44.720,4.82,100
2020-10-20 09:37:44.720,4.82,10000
2020-10-20 09:37:44.720,4.82,10000
2020-10-20 09:37:44.950,4.82,69700
2020-10-20 09:37:44.950,4.819,13200
2020-10-20 09:37:45.580,4.819,500
2020-10-20 09:37:46.150,4.817,500
2020-10-20 09:37:47.680,4.817,295500
2020-10-20 09:37:48.690,4.819,4000
2020-10-20 09:37:51.470,4.818,1800
2020-10-20 09:37:55.130,4.819,52500
2020-10-20 09:37:55.820,4.819,500
2020-10-20 09:37:56.130,4.818,200
2020-10-20 09:37:56.130,4.818,10000
2020-10-20 09:37:56.220,4.818,9900
2020-10-20 09:37:57.450,4.818,5900
2020-10-20 09:37:57.670,4.817,9800
2020-10-20 09:37:57.670,4.817,200
2020-10-20 09:37:59.160,4.818,4100
2020-10-20 09:38:00.240,4.818,4500
2020-10-20 09:38:01.450,4.817,4900
2020-10-20 09:38:01.450,4.817,200
2020-10-20 09:38:01.450,4.817,100
2020-10-20 09:38:01.450,4.817,4900
2020-10-20 09:38:01.870,4.818,3000
2020-10-20 09:38:02.890,4.818,2200
2020-10-20 09:38:03.900,4.818,5000
2020-10-20 09:38:04.720,4.817,2100
2020-10-20 09:38:04.720,4.817,200
2020-10-20 09:38:04.720,4.817,100
2020-10-20 09:38:04.720,4.817,1000
2020-10-20 09:38:05.460,4.817,200
2020-10-20 09:38:05.950,4.817,1000
2020-10-20 09:38:06.040,4.817,99600
2020-10-20 09:38:07.070,4.817,13000
2020-10-20 09:38:07.590,4.816,300
2020-10-20 09:38:08.410,4.817,2000
2020-10-20 09:38:08.850,4.817,3100
2020-10-20 09:38:08.940,4.817,100
2020-10-20 09:38:09.120,4.817,800
2020-10-20 09:38:10.380,4.817,2000
2020-10-20 09:38:10.790,4.816,7800
2020-10-20 09:38:10.960,4.817,600
2020-10-20 09:38:10.990,4.817,1000
2020-10-20 09:38:11.330,4.816,900
2020-10-20 09:38:11.360,4.817,5000
2020-10-20 09:38:12.220,4.817,1000
2020-10-20 09:38:13.270,4.816,51000
2020-10-20 09:38:13.270,4.816,10000
2020-10-20 09:38:13.270,4.816,100
2020-10-20 09:38:13.270,4.816,5000
2020-10-20 09:38:13.270,4.816,1400
2020-10-20 09:38:13.270,4.816,100
2020-10-20 09:38:13.270,4.816,2000
2020-10-20 09:38:13.330,4.816,30400
2020-10-20 09:38:13.330,4.817,70600
2020-10-20 09:38:14.090,4.815,10000
2020-10-20 09:38:14.780,4.815,40000
2020-10-20 09:38:14.780,4.815,5000
2020-10-20 09:38:14.780,4.815,6800
2020-10-20 09:38:14.780,4.815,800
2020-10-20 09:38:14.780,4.815,1000
2020-10-20 09:38:14.780,4.815,6000
2020-10-20 09:38:14.780,4.815,6000
2020-10-20 09:38:14.780,4.815,3900
2020-10-20 09:38:14.780,4.815,1000
2020-10-20 09:38:14.890,4.815,2600
2020-10-20 09:38:15.010,4.815,6800
2020-10-20 09:38:15.640,4.815,300
2020-10-20 09:38:16.140,4.815,100
2020-10-20 09:38:16.450,4.815,100
2020-10-20 09:38:16.530,4.815,100
2020-10-20 09:38:17.520,4.815,200
2020-10-20 09:38:17.730,4.815,15000
2020-10-20 09:38:18.360,4.815,800
2020-10-20 09:38:18.750,4.815,2000
2020-10-20 09:38:19.560,4.815,100
2020-10-20 09:38:19.760,4.815,2000
2020-10-20 09:38:19.990,4.815,100
2020-10-20 09:38:20.110,4.815,400
2020-10-20 09:38:21.140,4.815,10000
2020-10-20 09:38:21.870,4.815,15000
2020-10-20 09:38:22.000,4.815,400
2020-10-20 09:38:22.650,4.815,1000
2020-10-20 09:38:23.570,4.815,10600
2020-10-20 09:38:23.790,4.814,2000
2020-10-20 09:38:24.080,4.814,1000
2020-10-20 09:38:24.550,4.815,1000
2020-10-20 09:38:26.540,4.815,500
2020-10-20 09:38:28.020,4.815,10000
2020-10-20 09:38:28.020,4.815,100000
2020-10-20 09:38:30.170,4.815,100
2020-10-20 09:38:30.510,4.815,100
2020-10-20 09:38:31.240,4.814,17000
2020-10-20 09:38:31.240,4.814,700
2020-10-20 09:38:31.240,4.814,1000
2020-10-20 09:38:31.240,4.814,100
2020-10-20 09:38:31.240,4.814,200
2020-10-20 09:38:31.240,4.814,200
2020-10-20 09:38:31.450,4.814,400
2020-10-20 09:38:31.910,4.814,2000
2020-10-20 09:38:32.710,4.814,2900
2020-10-20 09:38:32.710,4.815,7100
2020-10-20 09:38:34.520,4.815,1300
2020-10-20 09:38:35.090,4.815,3000
2020-10-20 09:38:35.540,4.814,1800
2020-10-20 09:38:35.770,4.814,8000
2020-10-20 09:38:36.370,4.815,1000
2020-10-20 09:38:37.230,4.814,200
2020-10-20 09:38:37.230,4.814,5700
2020-10-20 09:38:38.260,4.815,100
2020-10-20 09:38:38.380,4.815,2100
2020-10-20 09:38:39.070,4.814,14300
2020-10-20 09:38:39.070,4.814,1000
2020-10-20 09:38:39.070,4.813,1000
2020-10-20 09:38:39.070,4.813,20000
2020-10-20 09:38:39.070,4.813,300
2020-10-20 09:38:39.070,4.813,10000
2020-10-20 09:38:39.070,4.813,3000
2020-10-20 09:38:39.070,4.813,2200
2020-10-20 09:38:39.070,4.813,3000
2020-10-20 09:38:39.070,4.813,5000
2020-10-20 09:38:39.070,4.813,200
2020-10-20 09:38:39.070,4.813,5000
2020-10-20 09:38:39.070,4.813,20800
2020-10-20 09:38:39.070,4.813,14200
2020-10-20 09:38:39.150,4.815,100
2020-10-20 09:38:39.760,4.815,2500
2020-10-20 09:38:40.150,4.814,300
2020-10-20 09:38:40.150,4.814,2400
2020-10-20 09:38:41.640,4.814,500
2020-10-20 09:38:42.780,4.814,1100
2020-10-20 09:38:43.070,4.814,100
2020-10-20 09:38:45.660,4.814,100
2020-10-20 09:38:47.550,4.814,3000
2020-10-20 09:38:48.460,4.814,1000
2020-10-20 09:38:48.750,4.814,400
2020-10-20 09:38:50.250,4.814,1100
2020-10-20 09:38:50.250,4.814,60600
2020-10-20 09:38:50.510,4.814,100
2020-10-20 09:38:50.630,4.814,3200
2020-10-20 09:38:51.300,4.813,600
2020-10-20 09:38:52.190,4.813,29200
2020-10-20 09:38:53.010,4.814,1000
2020-10-20 09:38:53.290,4.813,1000
2020-10-20 09:38:54.780,4.813,500
2020-10-20 09:38:55.270,4.813,300
2020-10-20 09:38:55.850,4.814,300
2020-10-20 09:38:56.640,4.813,1600
2020-10-20 09:38:57.400,4.813,2600
2020-10-20 09:38:57.400,4.813,3600
2020-10-20 09:38:57.900,4.813,1400
2020-10-20 09:38:57.900,4.813,1000
2020-10-20 09:38:57.900,4.813,2300
2020-10-20 09:38:57.900,4.813,2000
2020-10-20 09:38:57.900,4.813,10000
2020-10-20 09:38:57.900,4.813,1000
2020-10-20 09:38:57.900,4.813,100
2020-10-20 09:38:58.130,4.813,400
2020-10-20 09:39:00.300,4.814,4000
2020-10-20 09:39:01.510,4.814,300
2020-10-20 09:39:02.710,4.813,1800
2020-10-20 09:39:02.710,4.813,5000
2020-10-20 09:39:03.710,4.813,2000
2020-10-20 09:39:04.700,4.813,1000
2020-10-20 09:39:05.770,4.813,2000
2020-10-20 09:39:06.240,4.813,600
2020-10-20 09:39:07.320,4.813,10000
2020-10-20 09:39:08.510,4.813,400
2020-10-20 09:39:09.180,4.813,5400
2020-10-20 09:39:10.400,4.813,3700
2020-10-20 09:39:10.640,4.813,1600
2020-10-20 09:39:10.640,4.813,1400
2020-10-20 09:39:11.700,4.812,1000
2020-10-20 09:39:11.950,4.813,1100
2020-10-20 09:39:13.570,4.813,20000
2020-10-20 09:39:13.570,4.813,27400
2020-10-20 09:39:13.570,4.813,1700
2020-10-20 09:39:13.570,4.813,8500
2020-10-20 09:39:13.570,4.813,100
2020-10-20 09:39:13.570,4.813,20000
2020-10-20 09:39:13.570,4.813,5200
2020-10-20 09:39:15.320,4.813,2500
2020-10-20 09:39:15.460,4.813,13000
2020-10-20 09:39:16.640,4.814,500
2020-10-20 09:39:17.290,4.813,10000
2020-10-20 09:39:20.550,4.814,2800
2020-10-20 09:39:20.690,4.813,100
2020-10-20 09:39:21.930,4.813,2000
2020-10-20 09:39:22.070,4.814,700
2020-10-20 09:39:22.280,4.813,4700
2020-10-20 09:39:22.560,4.813,4800
2020-10-20 09:39:22.560,4.813,10000
2020-10-20 09:39:22.560,4.813,1000
2020-10-20 09:39:22.560,4.813,500
2020-10-20 09:39:22.560,4.813,4600
2020-10-20 09:39:22.560,4.813,100
2020-10-20 09:39:22.560,4.813,2000
2020-10-20 09:39:22.560,4.813,3000
2020-10-20 09:39:22.560,4.813,3000
2020-10-20 09:39:22.560,4.813,500
2020-10-20 09:39:22.560,4.813,500
2020-10-20 09:39:22.560,4.813,3000
2020-10-20 09:39:22.560,4.813,5000
2020-10-20 09:39:22.560,4.813,1000
2020-10-20 09:39:24.460,4.813,1800
2020-10-20 09:39:24.570,4.813,1100
2020-10-20 09:39:24.790,4.813,4000
2020-10-20 09:39:25.270,4.813,100
2020-10-20 09:39:26.920,4.812,200
2020-10-20 09:39:28.630,4.813,3800
2020-10-20 09:39:31.460,4.813,500
2020-10-20 09:39:31.610,4.813,900
2020-10-20 09:39:34.280,4.813,20000
2020-10-20 09:39:36.550,4.813,500
2020-10-20 09:39:36.980,4.813,1000
2020-10-20 09:39:37.810,4.812,500
2020-10-20 09:39:37.810,4.813,500
2020-10-20 09:39:38.250,4.813,1200
2020-10-20 09:39:38.960,4.812,300
2020-10-20 09:39:38.960,4.812,4100
2020-10-20 09:39:38.960,4.812,2000
2020-10-20 09:39:38.960,4.812,100
2020-10-20 09:39:38.960,4.812,800
2020-10-20 09:39:38.960,4.812,2400
2020-10-20 09:39:38.960,4.812,300
2020-10-20 09:39:39.050,4.813,1000
2020-10-20 09:39:39.490,4.813,100
2020-10-20 09:39:40.470,4.812,2000
2020-10-20 09:39:40.760,4.813,100
2020-10-20 09:39:41.620,4.813,500
2020-10-20 09:39:42.010,4.813,70000
2020-10-20 09:39:44.240,4.812,3700
2020-10-20 09:39:45.940,4.812,4000
2020-10-20 09:39:45.940,4.812,800
2020-10-20 09:39:45.940,4.812,7300
2020-10-20 09:39:45.940,4.812,2000
2020-10-20 09:39:45.940,4.812,1000
2020-10-20 09:39:45.940,4.812,50000
2020-10-20 09:39:45.940,4.812,1000
2020-10-20 09:39:45.940,4.812,100
2020-10-20 09:39:45.940,4.812,6000
2020-10-20 09:39:45.940,4.812,10000
2020-10-20 09:39:45.940,4.812,6200
2020-10-20 09:39:45.940,4.812,211600
2020-10-20 09:39:46.650,4.813,15000
2020-10-20 09:39:46.750,4.813,500
2020-10-20 09:39:46.750,4.813,1000
2020-10-20 09:39:47.030,4.812,1000
2020-10-20 09:39:47.250,4.813,10000
2020-10-20 09:39:48.050,4.813,1000
2020-10-20 09:39:49.250,4.812,20000
2020-10-20 09:39:50.400,4.813,2100
2020-10-20 09:39:50.460,4.812,30000
2020-10-20 09:39:50.800,4.812,59100
2020-10-20 09:39:51.520,4.813,100
2020-10-20 09:39:52.770,4.813,10000
2020-10-20 09:39:52.890,4.813,100
2020-10-20 09:39:53.640,4.813,3400
2020-10-20 09:39:54.950,4.813,2000
2020-10-20 09:39:55.800,4.813,5000
2020-10-20 09:39:55.850,4.813,200
2020-10-20 09:39:56.330,4.813,3500
2020-10-20 09:39:56.330,4.813,100
2020-10-20 09:39:56.330,4.813,10000
2020-10-20 09:39:56.330,4.813,5100
2020-10-20 09:39:56.330,4.813,1300
2020-10-20 09:39:56.670,4.812,100000
2020-10-20 09:39:56.800,4.813,100
2020-10-20 09:39:56.800,4.812,200
2020-10-20 09:39:57.220,4.813,100
2020-10-20 09:39:57.900,4.813,200
2020-10-20 09:39:57.960,4.813,11200
2020-10-20 09:39:58.390,4.812,4900
2020-10-20 09:39:58.390,4.812,3000
2020-10-20 09:39:58.540,4.813,2100
2020-10-20 09:39:58.710,4.812,100
2020-10-20 09:39:59.630,4.813,100
2020-10-20 09:40:01.020,4.813,200
2020-10-20 09:40:01.020,4.813,200
2020-10-20 09:40:02.400,4.812,200
2020-10-20 09:40:02.500,4.812,24500
2020-10-20 09:40:03.600,4.813,800
2020-10-20 09:40:03.690,4.813,600
2020-10-20 09:40:05.990,4.812,1000
2020-10-20 09:40:06.070,4.812,44400
2020-10-20 09:40:06.070,4.812,5000
2020-10-20 09:40:06.070,4.812,2000
2020-10-20 09:40:06.070,4.812,2000
2020-10-20 09:40:06.070,4.812,3200
2020-10-20 09:40:06.070,4.812,2200
2020-10-20 09:40:06.070,4.812,20000
2020-10-20 09:40:06.070,4.812,100
2020-10-20 09:40:06.070,4.812,100
2020-10-20 09:40:06.070,4.812,300
2020-10-20 09:40:06.070,4.812,1000
2020-10-20 09:40:06.070,4.812,20000
2020-10-20 09:40:06.070,4.812,4200
2020-10-20 09:40:06.070,4.812,1000
2020-10-20 09:40:06.070,4.812,4100
2020-10-20 09:40:06.070,4.812,2000
2020-10-20 09:40:06.070,4.812,8000
2020-10-20 09:40:06.070,4.812,1100
2020-10-20 09:40:06.070,4.812,3000
2020-10-20 09:40:06.070,4.812,20000
2020-10-20 09:40:06.530,4.812,10000
2020-10-20 09:40:06.870,4.812,1000
2020-10-20 09:40:06.960,4.812,700
2020-10-20 09:40:07.080,4.812,100
2020-10-20 09:40:07.110,4.811,300
2020-10-20 09:40:07.110,4.811,1000
2020-10-20 09:40:07.110,4.811,2700
2020-10-20 09:40:07.330,4.812,12000
2020-10-20 09:40:08.470,4.812,5000
2020-10-20 09:40:08.900,4.812,28000
2020-10-20 09:40:09.270,4.812,100
2020-10-20 09:40:11.230,4.812,3100
2020-10-20 09:40:12.410,4.811,3300
2020-10-20 09:40:13.490,4.812,3000
2020-10-20 09:40:13.830,4.811,13100
2020-10-20 09:40:13.910,4.811,10900
2020-10-20 09:40:13.910,4.811,500
2020-10-20 09:40:13.910,4.811,100
2020-10-20 09:40:13.910,4.811,3000
2020-10-20 09:40:13.910,4.811,1000
2020-10-20 09:40:13.910,4.811,600
2020-10-20 09:40:13.910,4.811,100
2020-10-20 09:40:13.910,4.811,1000
2020-10-20 09:40:13.910,4.811,5000
2020-10-20 09:40:13.910,4.811,500
2020-10-20 09:40:13.910,4.811,2600
2020-10-20 09:40:13.910,4.811,10000
2020-10-20 09:40:13.910,4.811,400
2020-10-20 09:40:13.910,4.811,4000
2020-10-20 09:40:13.910,4.811,1300
2020-10-20 09:40:13.910,4.811,4200
2020-10-20 09:40:13.910,4.811,5800
2020-10-20 09:40:13.910,4.811,1000
2020-10-20 09:40:13.910,4.811,9100
2020-10-20 09:40:13.910,4.811,2000
2020-10-20 09:40:13.910,4.811,1000
2020-10-20 09:40:13.910,4.811,1000
2020-10-20 09:40:13.910,4.811,200
2020-10-20 09:40:13.910,4.811,2000
2020-10-20 09:40:13.910,4.811,15800
2020-10-20 09:40:14.260,4.811,4200
2020-10-20 09:40:14.260,4.811,1000
2020-10-20 09:40:14.260,4.811,1000
2020-10-20 09:40:15.970,4.811,500
2020-10-20 09:40:16.310,4.811,10000
2020-10-20 09:40:16.630,4.811,200
2020-10-20 09:40:16.770,4.81,3000
2020-10-20 09:40:16.770,4.81,700
2020-10-20 09:40:17.090,4.81,59300
2020-10-20 09:40:17.090,4.81,1000
2020-10-20 09:40:17.090,4.81,100
2020-10-20 09:40:17.090,4.81,100
2020-10-20 09:40:17.090,4.81,1000
2020-10-20 09:40:17.090,4.81,200
2020-10-20 09:40:17.090,4.81,10000
2020-10-20 09:40:17.090,4.81,1000
2020-10-20 09:40:17.090,4.81,7000
2020-10-20 09:40:17.090,4.81,1000
2020-10-20 09:40:17.090,4.81,1000
2020-10-20 09:40:17.090,4.81,200
2020-10-20 09:40:17.090,4.81,400
2020-10-20 09:40:17.090,4.81,2000
2020-10-20 09:40:17.090,4.81,10400
2020-10-20 09:40:17.090,4.81,6900
2020-10-20 09:40:17.090,4.81,800
2020-10-20 09:40:17.090,4.81,10000
2020-10-20 09:40:17.090,4.81,5000
2020-10-20 09:40:17.090,4.81,2000
2020-10-20 09:40:17.090,4.81,3000
2020-10-20 09:40:17.090,4.81,100
2020-10-20 09:40:17.090,4.81,20000
2020-10-20 09:40:17.090,4.81,10000
2020-10-20 09:40:17.090,4.81,100
2020-10-20 09:40:17.090,4.81,1000
2020-10-20 09:40:17.090,4.81,100
2020-10-20 09:40:17.090,4.81,3000
2020-10-20 09:40:17.090,4.81,1200
2020-10-20 09:40:17.090,4.81,4000
2020-10-20 09:40:17.090,4.81,5000
2020-10-20 09:40:17.090,4.81,100
2020-10-20 09:40:17.090,4.81,20000
2020-10-20 09:40:17.090,4.81,2000
2020-10-20 09:40:17.090,4.81,20000
2020-10-20 09:40:17.090,4.81,600
2020-10-20 09:40:17.090,4.81,700
2020-10-20 09:40:17.090,4.81,100
2020-10-20 09:40:17.090,4.81,100
2020-10-20 09:40:17.090,4.81,10400
2020-10-20 09:40:17.090,4.81,200
2020-10-20 09:40:17.090,4.81,600
2020-10-20 09:40:17.090,4.81,5000
2020-10-20 09:40:17.090,4.81,500
2020-10-20 09:40:17.090,4.81,300
2020-10-20 09:40:17.090,4.81,500
2020-10-20 09:40:17.090,4.81,100
2020-10-20 09:40:17.090,4.81,700
2020-10-20 09:40:17.090,4.81,500
2020-10-20 09:40:17.090,4.81,1500
2020-10-20 09:40:17.090,4.81,5300
2020-10-20 09:40:17.090,4.81,1000
2020-10-20 09:40:17.090,4.81,100
2020-10-20 09:40:17.090,4.81,5000
2020-10-20 09:40:17.090,4.81,200
2020-10-20 09:40:17.090,4.81,3000
2020-10-20 09:40:17.090,4.81,100
2020-10-20 09:40:17.090,4.81,600
2020-10-20 09:40:17.090,4.81,100
2020-10-20 09:40:17.090,4.81,4000
2020-10-20 09:40:17.090,4.81,15000
2020-10-20 09:40:17.090,4.81,500
2020-10-20 09:40:17.090,4.81,100
2020-10-20 09:40:17.090,4.81,5000
2020-10-20 09:40:17.090,4.81,300
2020-10-20 09:40:17.090,4.81,500
2020-10-20 09:40:17.090,4.81,28400
2020-10-20 09:40:17.340,4.811,6400
2020-10-20 09:40:17.340,4.811,500
2020-10-20 09:40:17.340,4.811,3100
2020-10-20 09:40:18.340,4.811,9800
2020-10-20 09:40:19.450,4.811,1000
2020-10-20 09:40:19.560,4.811,200
2020-10-20 09:40:19.730,4.811,1000
2020-10-20 09:40:20.010,4.811,1000
2020-10-20 09:40:21.240,4.812,30000
2020-10-20 09:40:21.950,4.812,1000
2020-10-20 09:40:22.760,4.812,3000
2020-10-20 09:40:22.950,4.812,5000
2020-10-20 09:40:23.310,4.812,700
2020-10-20 09:40:26.500,4.811,200
2020-10-20 09:40:26.500,4.811,100
2020-10-20 09:40:26.500,4.811,2300
2020-10-20 09:40:26.520,4.812,53600
2020-10-20 09:40:26.520,4.812,5000
2020-10-20 09:40:26.520,4.812,1100
2020-10-20 09:40:26.520,4.812,5800
2020-10-20 09:40:26.520,4.812,6200
2020-10-20 09:40:26.520,4.812,5200
2020-10-20 09:40:26.520,4.812,5500
2020-10-20 09:40:26.520,4.812,200
2020-10-20 09:40:26.520,4.812,2000
2020-10-20 09:40:26.520,4.812,2100
2020-10-20 09:40:26.520,4.812,1000
2020-10-20 09:40:27.030,4.812,400
2020-10-20 09:40:27.590,4.812,5200
2020-10-20 09:40:30.170,4.812,1000
2020-10-20 09:40:31.490,4.812,98800
2020-10-20 09:40:31.490,4.812,6400
2020-10-20 09:40:31.490,4.812,900
2020-10-20 09:40:31.510,4.812,100
2020-10-20 09:40:31.950,4.812,2000
2020-10-20 09:40:34.080,4.812,700
2020-10-20 09:40:34.170,4.812,1000
2020-10-20 09:40:34.350,4.812,20000
2020-10-20 09:40:34.410,4.811,2700
2020-10-20 09:40:34.410,4.811,1000
2020-10-20 09:40:34.410,4.811,100
2020-10-20 09:40:34.410,4.811,2000
2020-10-20 09:40:34.410,4.811,5000
2020-10-20 09:40:34.490,4.811,1000
2020-10-20 09:40:34.590,4.811,20000
2020-10-20 09:40:36.320,4.811,2300
2020-10-20 09:40:37.580,4.811,7000
2020-10-20 09:40:41.430,4.811,200
2020-10-20 09:40:41.480,4.811,7900
2020-10-20 09:40:42.880,4.811,2100
2020-10-20 09:40:43.440,4.81,31600
2020-10-20 09:40:43.440,4.81,700
2020-10-20 09:40:43.440,4.81,1000
2020-10-20 09:40:43.440,4.81,200
2020-10-20 09:40:43.440,4.81,200
2020-10-20 09:40:43.440,4.81,20000
2020-10-20 09:40:43.440,4.81,2000
2020-10-20 09:40:43.440,4.81,200
2020-10-20 09:40:43.440,4.81,200
2020-10-20 09:40:43.440,4.81,100
2020-10-20 09:40:43.440,4.81,10000
2020-10-20 09:40:43.440,4.81,2000
2020-10-20 09:40:43.440,4.81,300
2020-10-20 09:40:43.440,4.81,1000
2020-10-20 09:40:43.440,4.81,1000
2020-10-20 09:40:43.440,4.81,500
2020-10-20 09:40:43.440,4.81,200
2020-10-20 09:40:43.440,4.81,2000
2020-10-20 09:40:43.440,4.81,800
2020-10-20 09:40:43.440,4.81,100
2020-10-20 09:40:43.440,4.81,10000
2020-10-20 09:40:43.440,4.81,200
2020-10-20 09:40:43.440,4.81,4000
2020-10-20 09:40:43.440,4.81,5000
2020-10-20 09:40:43.440,4.81,1200
2020-10-20 09:40:43.440,4.81,100
2020-10-20 09:40:43.440,4.81,3000
2020-10-20 09:40:43.440,4.81,200
2020-10-20 09:40:43.440,4.81,3000
2020-10-20 09:40:43.440,4.81,5000
2020-10-20 09:40:43.440,4.81,59400
2020-10-20 09:40:43.440,4.81,300
2020-10-20 09:40:43.440,4.81,5000
2020-10-20 09:40:43.440,4.81,4000
2020-10-20 09:40:43.440,4.81,2100
2020-10-20 09:40:43.440,4.81,1000
2020-10-20 09:40:44.350,4.81,200
2020-10-20 09:40:45.080,4.81,1000
2020-10-20 09:40:45.310,4.81,100
2020-10-20 09:40:45.340,4.809,5000
2020-10-20 09:40:45.340,4.809,5000
2020-10-20 09:40:45.340,4.809,5000
2020-10-20 09:40:45.340,4.809,3000
2020-10-20 09:40:45.340,4.809,1000
2020-10-20 09:40:45.340,4.809,400
2020-10-20 09:40:45.340,4.809,2400
2020-10-20 09:40:45.340,4.809,1000
2020-10-20 09:40:45.340,4.809,5000
2020-10-20 09:40:45.340,4.809,2100
2020-10-20 09:40:45.340,4.809,1000
2020-10-20 09:40:45.340,4.809,5000
2020-10-20 09:40:45.340,4.809,100
2020-10-20 09:40:45.340,4.809,100
2020-10-20 09:40:45.340,4.809,4200
2020-10-20 09:40:45.340,4.809,2000
2020-10-20 09:40:45.340,4.809,2000
2020-10-20 09:40:45.340,4.809,500
2020-10-20 09:40:45.340,4.809,2500
2020-10-20 09:40:45.340,4.809,10000
2020-10-20 09:40:45.340,4.809,3000
2020-10-20 09:40:45.340,4.809,10000
2020-10-20 09:40:45.340,4.809,100
2020-10-20 09:40:45.340,4.808,300
2020-10-20 09:40:45.340,4.808,1000
2020-10-20 09:40:45.340,4.808,1000
2020-10-20 09:40:45.340,4.808,500
2020-10-20 09:40:45.340,4.808,1000
2020-10-20 09:40:45.340,4.808,200
2020-10-20 09:40:45.340,4.808,1000
2020-10-20 09:40:45.340,4.808,100
2020-10-20 09:40:45.340,4.808,5000
2020-10-20 09:40:45.340,4.808,5000
2020-10-20 09:40:45.340,4.808,1000
2020-10-20 09:40:45.340,4.808,500
2020-10-20 09:40:45.340,4.808,1000
2020-10-20 09:40:45.340,4.808,1500
2020-10-20 09:40:45.340,4.808,2200
2020-10-20 09:40:45.340,4.808,100
2020-10-20 09:40:45.340,4.808,1000
2020-10-20 09:40:45.340,4.808,500
2020-10-20 09:40:45.340,4.808,3300
2020-10-20 09:40:45.340,4.808,5000
2020-10-20 09:40:45.340,4.808,3000
2020-10-20 09:40:45.340,4.808,4000
2020-10-20 09:40:45.340,4.808,1000
2020-10-20 09:40:45.340,4.808,5000
2020-10-20 09:40:45.340,4.808,1000
2020-10-20 09:40:45.340,4.808,300
2020-10-20 09:40:45.340,4.808,5000
2020-10-20 09:40:45.340,4.808,200
2020-10-20 09:40:45.340,4.808,5000
2020-10-20 09:40:45.340,4.808,15000
2020-10-20 09:40:45.340,4.808,1200
2020-10-20 09:40:45.340,4.808,20000
2020-10-20 09:40:45.340,4.808,5000
2020-10-20 09:40:45.340,4.808,8800
2020-10-20 09:40:45.340,4.808,5900
2020-10-20 09:40:45.340,4.808,3200
2020-10-20 09:40:45.340,4.808,2100
2020-10-20 09:40:45.340,4.808,3000
2020-10-20 09:40:45.340,4.808,200
2020-10-20 09:40:45.340,4.808,5900
2020-10-20 09:40:45.340,4.808,2500
2020-10-20 09:40:45.340,4.808,500
2020-10-20 09:40:45.340,4.808,6000
2020-10-20 09:40:45.340,4.808,100
2020-10-20 09:40:45.340,4.808,100
2020-10-20 09:40:45.340,4.808,400
2020-10-20 09:40:45.340,4.808,2000
2020-10-20 09:40:45.340,4.808,500
2020-10-20 09:40:45.340,4.808,3500
2020-10-20 09:40:45.340,4.808,2300
2020-10-20 09:40:45.340,4.808,2000
2020-10-20 09:40:45.340,4.808,28400
2020-10-20 09:40:45.790,4.81,500
2020-10-20 09:40:46.300,4.81,100
2020-10-20 09:40:46.870,4.81,1000
2020-10-20 09:40:48.360,4.81,300
2020-10-20 09:40:48.760,4.81,100
2020-10-20 09:40:48.800,4.81,1000
2020-10-20 09:40:49.820,4.81,7000
2020-10-20 09:40:49.820,4.81,3000
2020-10-20 09:40:49.850,4.81,100
2020-10-20 09:40:50.190,4.81,500
2020-10-20 09:40:54.240,4.81,200
2020-10-20 09:40:55.230,4.809,100
2020-10-20 09:40:55.400,4.809,400
2020-10-20 09:40:55.400,4.809,700
2020-10-20 09:40:55.400,4.809,3900
2020-10-20 09:40:55.860,4.81,100
2020-10-20 09:40:56.070,4.809,1100
2020-10-20 09:40:56.630,4.809,1000
2020-10-20 09:40:57.230,4.809,1000
2020-10-20 09:40:57.310,4.809,1000
2020-10-20 09:40:57.400,4.809,3000
2020-10-20 09:40:57.480,4.809,2000
2020-10-20 09:40:57.630,4.809,500
2020-10-20 09:40:59.070,4.809,1000
2020-10-20 09:40:59.480,4.809,1000
2020-10-20 09:40:59.480,4.809,500
2020-10-20 09:40:59.730,4.809,300
2020-10-20 09:40:59.760,4.809,300
2020-10-20 09:41:00.010,4.809,3000
2020-10-20 09:41:00.610,4.809,2500
2020-10-20 09:41:00.610,4.809,2500
2020-10-20 09:41:00.610,4.809,4100
2020-10-20 09:41:00.780,4.81,3100
2020-10-20 09:41:01.260,4.81,5000
2020-10-20 09:41:01.620,4.81,1000
2020-10-20 09:41:04.670,4.809,10400
2020-10-20 09:41:05.750,4.809,50000
2020-10-20 09:41:06.050,4.809,20000
2020-10-20 09:41:06.230,4.81,100
2020-10-20 09:41:06.320,4.81,1900
2020-10-20 09:41:06.320,4.81,5000
2020-10-20 09:41:06.320,4.81,293100
2020-10-20 09:41:06.460,4.81,40000
2020-10-20 09:41:06.490,4.809,1700
2020-10-20 09:41:06.580,4.81,80000
2020-10-20 09:41:06.580,4.81,100000
2020-10-20 09:41:06.580,4.81,258700
2020-10-20 09:41:06.580,4.81,6400
2020-10-20 09:41:06.580,4.81,5000
2020-10-20 09:41:06.840,4.81,70100
2020-10-20 09:41:07.420,4.811,6000
2020-10-20 09:41:07.420,4.811,4000
2020-10-20 09:41:07.780,4.81,50000
2020-10-20 09:41:07.780,4.81,5200
2020-10-20 09:41:09.180,4.811,10000
2020-10-20 09:41:09.210,4.811,5000
2020-10-20 09:41:09.210,4.811,7100
2020-10-20 09:41:09.270,4.812,300
2020-10-20 09:41:09.530,4.812,700
2020-10-20 09:41:09.530,4.812,2000
2020-10-20 09:41:09.530,4.812,4200
2020-10-20 09:41:09.530,4.812,200
2020-10-20 09:41:09.530,4.812,13700
2020-10-20 09:41:09.530,4.812,300
2020-10-20 09:41:09.530,4.812,29800
2020-10-20 09:41:10.060,4.811,1100
2020-10-20 09:41:10.280,4.813,100
2020-10-20 09:41:10.280,4.813,4900
2020-10-20 09:41:10.420,4.811,700
2020-10-20 09:41:11.020,4.813,2300
2020-10-20 09:41:11.020,4.813,41200
2020-10-20 09:41:11.670,4.813,8800
2020-10-20 09:41:11.670,4.813,100
2020-10-20 09:41:11.670,4.813,12900
2020-10-20 09:41:11.670,4.813,28300
2020-10-20 09:41:11.670,4.813,200
2020-10-20 09:41:11.670,4.814,2200
2020-10-20 09:41:11.670,4.814,2100
2020-10-20 09:41:11.670,4.814,25000
2020-10-20 09:41:11.670,4.814,100
2020-10-20 09:41:11.760,4.814,100000
2020-10-20 09:41:11.820,4.814,60000
2020-10-20 09:41:12.230,4.814,600
2020-10-20 09:41:12.290,4.814,300
2020-10-20 09:41:12.830,4.814,100
2020-10-20 09:41:13.110,4.814,1000
2020-10-20 09:41:13.230,4.814,2900
2020-10-20 09:41:14.610,4.813,4000
2020-10-20 09:41:14.750,4.815,7000
2020-10-20 09:41:14.750,4.815,1000
2020-10-20 09:41:14.750,4.815,1100
2020-10-20 09:41:14.750,4.815,7000
2020-10-20 09:41:14.750,4.815,16000
2020-10-20 09:41:14.750,4.815,1000
2020-10-20 09:41:14.750,4.815,22300
2020-10-20 09:41:15.340,4.814,500
2020-10-20 09:41:15.340,4.815,27700
2020-10-20 09:41:15.400,4.815,1000
2020-10-20 09:41:16.950,4.815,15800
2020-10-20 09:41:16.950,4.814,2000
2020-10-20 09:41:16.950,4.813,10100
2020-10-20 09:41:19.070,4.815,200
2020-10-20 09:41:19.070,4.812,400
2020-10-20 09:41:19.150,4.816,1000
2020-10-20 09:41:19.150,4.816,50000
2020-10-20 09:41:19.150,4.816,60000
2020-10-20 09:41:19.150,4.817,200
2020-10-20 09:41:19.150,4.817,38900
2020-10-20 09:41:19.960,4.814,2300
2020-10-20 09:41:21.600,4.816,3000
2020-10-20 09:41:23.580,4.816,400
2020-10-20 09:41:23.580,4.815,30200
2020-10-20 09:41:24.260,4.815,69800
2020-10-20 09:41:24.260,4.814,57700
2020-10-20 09:41:24.260,4.814,100000
2020-10-20 09:41:24.260,4.813,60000
2020-10-20 09:41:24.260,4.813,8500
2020-10-20 09:41:24.860,4.815,2500
2020-10-20 09:41:26.050,4.815,2000
2020-10-20 09:41:27.880,4.815,1000
2020-10-20 09:41:27.970,4.815,5000
2020-10-20 09:41:28.620,4.815,3500
2020-10-20 09:41:28.810,4.815,5000
2020-10-20 09:41:29.080,4.815,28700
2020-10-20 09:41:31.090,4.815,100
2020-10-20 09:41:31.630,4.814,100
2020-10-20 09:41:31.660,4.815,2000
2020-10-20 09:41:32.120,4.814,900
2020-10-20 09:41:32.120,4.813,1100
2020-10-20 09:41:32.520,4.815,10200
2020-10-20 09:41:32.520,4.815,2000
2020-10-20 09:41:32.520,4.815,2000
2020-10-20 09:41:32.520,4.815,2000
2020-10-20 09:41:32.520,4.815,4900
2020-10-20 09:41:32.520,4.815,2000
2020-10-20 09:41:32.520,4.815,4800
2020-10-20 09:41:32.650,4.815,500
2020-10-20 09:41:33.410,4.815,3000
2020-10-20 09:41:33.530,4.815,1000
2020-10-20 09:41:33.610,4.815,16500
2020-10-20 09:41:33.870,4.814,700
2020-10-20 09:41:34.210,4.815,34200
2020-10-20 09:41:34.210,4.815,5000
2020-10-20 09:41:34.390,4.815,5000
2020-10-20 09:41:34.420,4.815,5800
2020-10-20 09:41:34.880,4.815,500
2020-10-20 09:41:34.880,4.816,19500
2020-10-20 09:41:34.920,4.814,9300
2020-10-20 09:41:34.920,4.814,1000
2020-10-20 09:41:35.380,4.814,200
2020-10-20 09:41:36.190,4.814,1000
2020-10-20 09:41:39.210,4.814,100
2020-10-20 09:41:39.750,4.814,900
2020-10-20 09:41:39.780,4.815,2300
2020-10-20 09:41:39.900,4.814,4100
2020-10-20 09:41:39.900,4.814,1000
2020-10-20 09:41:40.230,4.814,2000
2020-10-20 09:41:41.980,4.815,20000
2020-10-20 09:41:43.280,4.815,1000
2020-10-20 09:41:43.590,4.815,500
2020-10-20 09:41:44.570,4.814,1000
2020-10-20 09:41:45.550,4.815,2600
2020-10-20 09:41:45.720,4.815,2300
2020-10-20 09:41:48.710,4.814,4900
2020-10-20 09:41:48.990,4.815,10000
2020-10-20 09:41:51.780,4.815,500
2020-10-20 09:41:52.600,4.815,10500
2020-10-20 09:41:53.960,4.815,50000
2020-10-20 09:41:54.860,4.815,5000
2020-10-20 09:41:55.870,4.814,10000
2020-10-20 09:41:56.010,4.815,100
2020-10-20 09:41:57.080,4.815,10000
2020-10-20 09:41:57.080,4.815,185200
2020-10-20 09:41:57.080,4.815,1400
2020-10-20 09:41:57.080,4.815,5200
2020-10-20 09:41:57.080,4.815,300
2020-10-20 09:41:57.450,4.816,1500
2020-10-20 09:41:57.450,4.816,1000
2020-10-20 09:41:57.450,4.816,5000
2020-10-20 09:41:57.850,4.816,300
2020-10-20 09:41:58.690,4.816,5000
2020-10-20 09:41:59.470,4.817,11100
2020-10-20 09:41:59.470,4.817,100
2020-10-20 09:41:59.470,4.817,900
2020-10-20 09:41:59.470,4.817,100
2020-10-20 09:41:59.470,4.817,60000
2020-10-20 09:41:59.620,4.818,2000
2020-10-20 09:41:59.620,4.818,5000
2020-10-20 09:41:59.620,4.818,50000
2020-10-20 09:41:59.620,4.818,10000
2020-10-20 09:41:59.620,4.818,85800
2020-10-20 09:42:00.380,4.818,5000
2020-10-20 09:42:00.840,4.818,500
2020-10-20 09:42:01.480,4.818,500
2020-10-20 09:42:02.720,4.819,500
2020-10-20 09:42:02.720,4.819,10000
2020-10-20 09:42:02.720,4.819,500
2020-10-20 09:42:02.720,4.819,5000
2020-10-20 09:42:02.720,4.819,50000
2020-10-20 09:42:02.720,4.819,60000
2020-10-20 09:42:02.720,4.819,2400
2020-10-20 09:42:06.910,4.818,100
2020-10-20 09:42:08.070,4.818,30000
2020-10-20 09:42:08.450,4.818,2000
2020-10-20 09:42:08.480,4.818,35000
2020-10-20 09:42:08.590,4.818,500
2020-10-20 09:42:08.790,4.818,44400
2020-10-20 09:42:09.680,4.818,50000
2020-10-20 09:42:10.560,4.818,7900
2020-10-20 09:42:11.080,4.818,10000
2020-10-20 09:42:12.110,4.818,5000
2020-10-20 09:42:12.280,4.818,15100
2020-10-20 09:42:12.280,4.818,5600
2020-10-20 09:42:12.280,4.818,1800
2020-10-20 09:42:12.280,4.818,200
2020-10-20 09:42:12.780,4.819,500
2020-10-20 09:42:12.780,4.819,1500
2020-10-20 09:42:12.920,4.819,100
2020-10-20 09:42:13.480,4.819,38400
2020-10-20 09:42:14.260,4.819,30000
2020-10-20 09:42:14.710,4.819,200
2020-10-20 09:42:15.430,4.819,31400
2020-10-20 09:42:15.430,4.819,200
2020-10-20 09:42:15.430,4.818,18400
2020-10-20 09:42:17.440,4.819,100000
2020-10-20 09:42:17.530,4.818,1600
2020-10-20 09:42:17.610,4.819,2000
2020-10-20 09:42:17.690,4.819,10400
2020-10-20 09:42:19.370,4.819,100000
2020-10-20 09:42:20.200,4.819,700
2020-10-20 09:42:21.470,4.819,14100
2020-10-20 09:42:21.470,4.819,500
2020-10-20 09:42:21.470,4.819,5000
2020-10-20 09:42:21.470,4.82,100
2020-10-20 09:42:21.470,4.82,3000
2020-10-20 09:42:21.470,4.82,1200
2020-10-20 09:42:21.470,4.82,500
2020-10-20 09:42:21.470,4.82,15000
2020-10-20 09:42:21.470,4.82,40000
2020-10-20 09:42:21.470,4.82,28500
2020-10-20 09:42:22.100,4.819,200
2020-10-20 09:42:23.590,4.82,31500
2020-10-20 09:42:23.590,4.82,300
2020-10-20 09:42:25.220,4.82,100000
2020-10-20 09:42:26.170,4.82,100
2020-10-20 09:42:26.320,4.82,2000
2020-10-20 09:42:26.560,4.82,50000
2020-10-20 09:42:26.690,4.82,300000
2020-10-20 09:42:27.630,4.82,40000
2020-10-20 09:42:27.630,4.82,500
2020-10-20 09:42:29.090,4.821,500
2020-10-20 09:42:29.170,4.82,800
2020-10-20 09:42:31.200,4.821,2000
2020-10-20 09:42:31.890,4.82,4300
2020-10-20 09:42:31.970,4.82,17000
2020-10-20 09:42:33.360,4.82,42300
2020-10-20 09:42:33.530,4.821,100
2020-10-20 09:42:33.790,4.82,183000
2020-10-20 09:42:33.790,4.82,7000
2020-10-20 09:42:33.790,4.82,100
2020-10-20 09:42:33.790,4.82,600
2020-10-20 09:42:33.790,4.82,1000
2020-10-20 09:42:33.790,4.82,1200
2020-10-20 09:42:34.050,4.82,2400
2020-10-20 09:42:34.090,4.82,10000
2020-10-20 09:42:34.280,4.82,2000
2020-10-20 09:42:34.660,4.819,500
2020-10-20 09:42:34.660,4.819,1000
2020-10-20 09:42:34.660,4.819,12000
2020-10-20 09:42:34.660,4.819,4700
2020-10-20 09:42:34.660,4.819,10000
2020-10-20 09:42:34.660,4.819,5000
2020-10-20 09:42:34.660,4.819,1600
2020-10-20 09:42:34.660,4.818,35800
2020-10-20 09:42:34.660,4.818,30000
2020-10-20 09:42:34.660,4.82,5000
2020-10-20 09:42:34.910,4.82,5000
2020-10-20 09:42:35.540,4.82,200
2020-10-20 09:42:35.690,4.818,1000
2020-10-20 09:42:35.690,4.82,3000
2020-10-20 09:42:35.910,4.82,50000
2020-10-20 09:42:37.040,4.82,5000
2020-10-20 09:42:37.790,4.82,1000
2020-10-20 09:42:38.230,4.82,500
2020-10-20 09:42:38.280,4.82,10000
2020-10-20 09:42:39.590,4.819,5000
2020-10-20 09:42:39.700,4.818,2000
2020-10-20 09:42:39.700,4.818,5000
2020-10-20 09:42:39.700,4.818,1000
2020-10-20 09:42:39.700,4.818,1000
2020-10-20 09:42:39.700,4.818,1700
2020-10-20 09:42:39.700,4.818,1000
2020-10-20 09:42:39.700,4.818,5000
2020-10-20 09:42:39.700,4.818,400
2020-10-20 09:42:39.700,4.818,1000
2020-10-20 09:42:39.700,4.818,1000
2020-10-20 09:42:39.700,4.818,5000
2020-10-20 09:42:39.700,4.818,2000
2020-10-20 09:42:40.650,4.818,900
2020-10-20 09:42:41.260,4.818,200
2020-10-20 09:42:41.620,4.818,10000
2020-10-20 09:42:43.170,4.818,2800
2020-10-20 09:42:43.170,4.818,10000
2020-10-20 09:42:43.170,4.819,35000
2020-10-20 09:42:43.170,4.819,20000
2020-10-20 09:42:43.170,4.819,100000
2020-10-20 09:42:43.170,4.819,32200
2020-10-20 09:42:43.340,4.819,1000
2020-10-20 09:42:43.640,4.819,100
2020-10-20 09:42:43.780,4.819,100
2020-10-20 09:42:45.310,4.818,4900
2020-10-20 09:42:45.310,4.818,3300
2020-10-20 09:42:46.190,4.818,2200
2020-10-20 09:42:46.190,4.819,2800
2020-10-20 09:42:48.780,4.818,20000
2020-10-20 09:42:49.240,4.819,100
2020-10-20 09:42:49.300,4.818,13300
2020-10-20 09:42:49.300,4.819,800
2020-10-20 09:42:49.360,4.819,66300
2020-10-20 09:42:50.980,4.818,500
2020-10-20 09:42:51.650,4.818,11000
2020-10-20 09:42:51.720,4.817,100
2020-10-20 09:42:51.720,4.817,400
2020-10-20 09:42:52.930,4.818,5000
2020-10-20 09:42:53.620,4.818,5000
2020-10-20 09:42:54.740,4.818,1000
2020-10-20 09:42:54.740,4.817,15100
2020-10-20 09:42:54.740,4.817,6000
2020-10-20 09:42:54.740,4.817,100
2020-10-20 09:42:54.740,4.817,200
2020-10-20 09:42:54.740,4.817,2000
2020-10-20 09:42:54.740,4.817,2200
2020-10-20 09:42:54.740,4.817,2800
2020-10-20 09:42:54.740,4.817,1600
2020-10-20 09:42:55.230,4.818,100
2020-10-20 09:42:57.150,4.818,5000
2020-10-20 09:42:59.220,4.817,300
2020-10-20 09:42:59.800,4.818,1000
2020-10-20 09:43:00.160,4.818,2000
2020-10-20 09:43:01.300,4.818,1000
2020-10-20 09:43:01.660,4.818,4200
2020-10-20 09:43:02.010,4.818,4200
2020-10-20 09:43:02.010,4.818,10000
2020-10-20 09:43:02.010,4.818,800
2020-10-20 09:43:02.240,4.818,1200
2020-10-20 09:43:02.290,4.817,1000
2020-10-20 09:43:02.430,4.817,100
2020-10-20 09:43:02.910,4.817,21400
2020-10-20 09:43:02.910,4.817,13000
2020-10-20 09:43:02.910,4.817,500
2020-10-20 09:43:02.910,4.817,400
2020-10-20 09:43:02.910,4.817,10000
2020-10-20 09:43:04.460,4.817,300
2020-10-20 09:43:05.150,4.817,20000
2020-10-20 09:43:05.860,4.817,23000
2020-10-20 09:43:07.310,4.817,5000
2020-10-20 09:43:08.370,4.817,13300
2020-10-20 09:43:10.680,4.816,600
2020-10-20 09:43:10.680,4.816,100
2020-10-20 09:43:10.680,4.816,1000
2020-10-20 09:43:10.680,4.816,100
2020-10-20 09:43:10.680,4.816,1000
2020-10-20 09:43:10.680,4.816,3500
2020-10-20 09:43:10.810,4.816,340300
2020-10-20 09:43:11.120,4.817,40600
2020-10-20 09:43:13.170,4.817,10000
2020-10-20 09:43:14.120,4.816,2200
2020-10-20 09:43:14.460,4.816,100
2020-10-20 09:43:15.240,4.816,800
2020-10-20 09:43:15.300,4.816,200
2020-10-20 09:43:15.640,4.816,1000
2020-10-20 09:43:17.760,4.815,1200
2020-10-20 09:43:17.760,4.815,800
2020-10-20 09:43:18.100,4.816,2000
2020-10-20 09:43:18.330,4.816,2000
2020-10-20 09:43:19.870,4.816,200
2020-10-20 09:43:22.160,4.815,100
2020-10-20 09:43:22.740,4.816,300000
