Datetime,Price,Volume
2020-10-28 09:25:00.480,3.346,600
2020-10-28 09:25:00.480,3.346,2400
2020-10-28 09:25:00.480,3.346,5400
2020-10-28 09:25:00.480,3.346,100
2020-10-28 09:25:00.480,3.346,50000
2020-10-28 09:25:00.480,3.346,8500
2020-10-28 09:25:00.480,3.346,41500
2020-10-28 09:25:00.480,3.346,90000
2020-10-28 09:25:00.480,3.346,3200
2020-10-28 09:25:00.480,3.346,2100
2020-10-28 09:25:00.480,3.346,11600
2020-10-28 09:25:00.480,3.346,10000
2020-10-28 09:25:00.480,3.346,600
2020-10-28 09:25:00.480,3.346,4000
2020-10-28 09:25:00.480,3.346,10000
2020-10-28 09:25:00.480,3.346,1800
2020-10-28 09:25:00.480,3.346,10000
2020-10-28 09:25:00.480,3.346,12000
2020-10-28 09:25:00.480,3.346,10000
2020-10-28 09:25:00.480,3.346,100
2020-10-28 09:25:00.480,3.346,1200
2020-10-28 09:25:00.480,3.346,1800
2020-10-28 09:25:00.480,3.346,2000
2020-10-28 09:25:00.480,3.346,6000
2020-10-28 09:25:00.480,3.346,100
2020-10-28 09:25:00.480,3.346,15000
2020-10-28 09:25:00.480,3.346,100
2020-10-28 09:25:00.480,3.346,700
2020-10-28 09:25:00.480,3.346,100
2020-10-28 09:25:00.480,3.346,1000
2020-10-28 09:25:00.480,3.346,200
2020-10-28 09:25:00.480,3.346,300
2020-10-28 09:25:00.480,3.346,5000
2020-10-28 09:25:00.480,3.346,300
2020-10-28 09:25:00.480,3.346,500
2020-10-28 09:25:00.480,3.346,5000
2020-10-28 09:25:00.480,3.346,400
2020-10-28 09:25:00.480,3.346,3000
2020-10-28 09:25:00.480,3.346,2000
2020-10-28 09:25:00.480,3.346,5000
2020-10-28 09:25:00.480,3.346,10000
2020-10-28 09:25:00.480,3.346,16100
2020-10-28 09:25:00.480,3.346,3000
2020-10-28 09:25:00.480,3.346,100
2020-10-28 09:25:00.480,3.346,2000
2020-10-28 09:25:00.480,3.346,200
2020-10-28 09:25:00.480,3.346,7300
2020-10-28 09:25:00.480,3.346,2600
2020-10-28 09:25:00.480,3.346,100
2020-10-28 09:25:00.480,3.346,3700
2020-10-28 09:25:00.480,3.346,3800
2020-10-28 09:25:00.480,3.346,4100
2020-10-28 09:25:00.480,3.346,300
2020-10-28 09:25:00.480,3.346,1500
2020-10-28 09:25:00.480,3.346,3000
2020-10-28 09:25:00.480,3.346,5500
2020-10-28 09:25:00.480,3.346,700
2020-10-28 09:25:00.480,3.346,700
2020-10-28 09:25:00.480,3.346,300
2020-10-28 09:25:00.480,3.346,100
2020-10-28 09:25:00.480,3.346,100
2020-10-28 09:25:00.480,3.346,700
2020-10-28 09:25:00.480,3.346,2400
2020-10-28 09:25:00.480,3.346,100
2020-10-28 09:25:00.480,3.346,400
2020-10-28 09:25:00.480,3.346,3500
2020-10-28 09:25:00.480,3.346,3100
2020-10-28 09:25:00.480,3.346,600
2020-10-28 09:25:00.480,3.346,12700
2020-10-28 09:25:00.480,3.346,3600
2020-10-28 09:25:00.480,3.346,200
2020-10-28 09:25:00.480,3.346,700
2020-10-28 09:25:00.480,3.346,200
2020-10-28 09:25:00.480,3.346,1000
2020-10-28 09:25:00.480,3.346,6300
2020-10-28 09:25:00.480,3.346,7200
2020-10-28 09:25:00.480,3.346,6000
2020-10-28 09:25:00.480,3.346,4400
2020-10-28 09:25:00.480,3.346,3700
2020-10-28 09:25:00.480,3.346,3500
2020-10-28 09:25:00.480,3.346,6500
2020-10-28 09:25:00.480,3.346,11000
2020-10-28 09:25:00.480,3.346,10000
2020-10-28 09:25:00.480,3.346,15500
2020-10-28 09:25:00.480,3.346,4500
2020-10-28 09:25:00.480,3.346,5500
2020-10-28 09:25:00.480,3.346,2000
2020-10-28 09:25:00.480,3.346,2500
2020-10-28 09:25:00.480,3.346,1000
2020-10-28 09:25:00.480,3.346,200
2020-10-28 09:25:00.480,3.346,4100
2020-10-28 09:25:00.480,3.346,1000
2020-10-28 09:25:00.480,3.346,300
2020-10-28 09:25:00.480,3.346,100
2020-10-28 09:25:00.480,3.346,1800
2020-10-28 09:25:00.480,3.346,2900
2020-10-28 09:25:00.480,3.346,300
2020-10-28 09:25:00.480,3.346,100
2020-10-28 09:25:00.480,3.346,9100
2020-10-28 09:25:00.480,3.346,2700
2020-10-28 09:25:00.480,3.346,8200
2020-10-28 09:25:00.480,3.346,1800
2020-10-28 09:25:00.480,3.346,40000
2020-10-28 09:30:00.030,3.345,200
2020-10-28 09:30:00.030,3.345,100
2020-10-28 09:30:00.030,3.345,31100
2020-10-28 09:30:00.030,3.345,1500
2020-10-28 09:30:00.030,3.345,400
2020-10-28 09:30:00.030,3.345,300
2020-10-28 09:30:00.030,3.345,40600
2020-10-28 09:30:00.030,3.345,11000
2020-10-28 09:30:00.030,3.345,6000
2020-10-28 09:30:00.030,3.345,100
2020-10-28 09:30:00.030,3.345,1000
2020-10-28 09:30:00.030,3.345,3000
2020-10-28 09:30:00.030,3.345,3000
2020-10-28 09:30:00.030,3.345,100
2020-10-28 09:30:00.240,3.344,200
2020-10-28 09:30:00.240,3.344,1000
2020-10-28 09:30:00.240,3.344,300
2020-10-28 09:30:00.240,3.344,3900
2020-10-28 09:30:00.270,3.345,3800
2020-10-28 09:30:00.370,3.345,5000
2020-10-28 09:30:00.430,3.345,2000
2020-10-28 09:30:00.690,3.345,5100
2020-10-28 09:30:00.920,3.345,5000
2020-10-28 09:30:00.920,3.344,300
2020-10-28 09:30:00.990,3.345,5000
2020-10-28 09:30:01.090,3.345,3000
2020-10-28 09:30:01.170,3.345,1000
2020-10-28 09:30:01.240,3.345,10000
2020-10-28 09:30:01.240,3.345,2000
2020-10-28 09:30:01.330,3.345,10000
2020-10-28 09:30:01.390,3.345,1300
2020-10-28 09:30:01.530,3.345,4300
2020-10-28 09:30:01.610,3.345,3000
2020-10-28 09:30:01.610,3.345,1000
2020-10-28 09:30:01.690,3.345,400
2020-10-28 09:30:01.690,3.345,72700
2020-10-28 09:30:01.860,3.345,900
2020-10-28 09:30:01.920,3.345,10000
2020-10-28 09:30:01.980,3.345,1000
2020-10-28 09:30:02.040,3.345,55100
2020-10-28 09:30:02.040,3.345,5000
2020-10-28 09:30:02.040,3.345,34600
2020-10-28 09:30:02.040,3.345,1000
2020-10-28 09:30:02.040,3.345,4500
2020-10-28 09:30:02.040,3.345,14100
2020-10-28 09:30:02.200,3.346,1200
2020-10-28 09:30:02.310,3.346,36200
2020-10-28 09:30:02.310,3.346,10000
2020-10-28 09:30:02.310,3.346,1700
2020-10-28 09:30:02.350,3.346,300
2020-10-28 09:30:02.540,3.346,3000
2020-10-28 09:30:02.540,3.346,19400
2020-10-28 09:30:02.620,3.345,17300
2020-10-28 09:30:02.660,3.346,65600
2020-10-28 09:30:02.660,3.346,6600
2020-10-28 09:30:02.660,3.346,17800
2020-10-28 09:30:02.660,3.346,500
2020-10-28 09:30:02.840,3.345,14700
2020-10-28 09:30:02.910,3.346,400
2020-10-28 09:30:02.910,3.345,3000
2020-10-28 09:30:02.910,3.346,11300
2020-10-28 09:30:02.910,3.346,900
2020-10-28 09:30:02.910,3.346,2800
2020-10-28 09:30:03.100,3.345,1000
2020-10-28 09:30:03.180,3.346,200
2020-10-28 09:30:03.180,3.346,14900
2020-10-28 09:30:03.180,3.345,50200
2020-10-28 09:30:03.350,3.345,23600
2020-10-28 09:30:03.350,3.344,1400
2020-10-28 09:30:03.580,3.345,100
2020-10-28 09:30:03.670,3.346,2200
2020-10-28 09:30:03.870,3.346,10000
2020-10-28 09:30:04.100,3.346,500
2020-10-28 09:30:04.100,3.346,5600
2020-10-28 09:30:04.450,3.345,700
2020-10-28 09:30:04.450,3.345,11000
2020-10-28 09:30:04.450,3.344,5000
2020-10-28 09:30:04.670,3.345,10000
2020-10-28 09:30:04.840,3.344,400
2020-10-28 09:30:04.840,3.344,100
2020-10-28 09:30:04.840,3.344,3000
2020-10-28 09:30:04.840,3.344,9200
2020-10-28 09:30:04.840,3.344,1000
2020-10-28 09:30:04.840,3.344,100
2020-10-28 09:30:04.840,3.344,10000
2020-10-28 09:30:04.840,3.344,5000
2020-10-28 09:30:04.840,3.344,1500
2020-10-28 09:30:04.840,3.344,1400
2020-10-28 09:30:05.100,3.344,18300
2020-10-28 09:30:05.100,3.345,6500
2020-10-28 09:30:05.170,3.345,1000
2020-10-28 09:30:05.440,3.344,4000
2020-10-28 09:30:05.510,3.344,40000
2020-10-28 09:30:05.510,3.344,200
2020-10-28 09:30:06.250,3.343,200
2020-10-28 09:30:06.250,3.343,3000
2020-10-28 09:30:06.250,3.343,11000
2020-10-28 09:30:06.250,3.343,500
2020-10-28 09:30:06.250,3.343,100
2020-10-28 09:30:06.250,3.343,100000
2020-10-28 09:30:06.250,3.343,30000
2020-10-28 09:30:06.250,3.343,20000
2020-10-28 09:30:06.250,3.343,4900
2020-10-28 09:30:06.570,3.343,12000
2020-10-28 09:30:06.710,3.343,12100
2020-10-28 09:30:06.710,3.343,7000
2020-10-28 09:30:08.400,3.342,100
2020-10-28 09:30:08.400,3.342,200
2020-10-28 09:30:08.400,3.342,5000
2020-10-28 09:30:08.400,3.342,100
2020-10-28 09:30:08.400,3.342,11000
2020-10-28 09:30:08.400,3.342,50000
2020-10-28 09:30:08.400,3.342,10000
2020-10-28 09:30:08.400,3.342,4000
2020-10-28 09:30:08.400,3.342,50000
2020-10-28 09:30:08.400,3.342,14100
2020-10-28 09:30:08.400,3.342,5000
2020-10-28 09:30:09.410,3.342,30400
2020-10-28 09:30:12.310,3.342,2300
2020-10-28 09:30:12.380,3.342,11800
2020-10-28 09:30:12.430,3.342,50000
2020-10-28 09:30:12.890,3.342,1700
2020-10-28 09:30:12.890,3.342,2000
2020-10-28 09:30:13.300,3.342,2100
2020-10-28 09:30:13.550,3.342,4900
2020-10-28 09:30:13.580,3.342,10000
2020-10-28 09:30:14.390,3.342,2400
2020-10-28 09:30:14.430,3.342,1800
2020-10-28 09:30:15.560,3.341,200
2020-10-28 09:30:15.560,3.341,3800
2020-10-28 09:30:15.560,3.341,2000
2020-10-28 09:30:15.560,3.341,5000
2020-10-28 09:30:15.560,3.341,3000
2020-10-28 09:30:15.560,3.341,43400
2020-10-28 09:30:15.560,3.341,11000
2020-10-28 09:30:15.560,3.341,100
2020-10-28 09:30:15.560,3.341,100
2020-10-28 09:30:15.560,3.341,2000
2020-10-28 09:30:15.560,3.341,2000
2020-10-28 09:30:15.560,3.341,5000
2020-10-28 09:30:15.560,3.341,5000
2020-10-28 09:30:15.560,3.341,30000
2020-10-28 09:30:15.560,3.341,3100
2020-10-28 09:30:15.560,3.341,10000
2020-10-28 09:30:15.560,3.341,11100
2020-10-28 09:30:15.920,3.341,100
2020-10-28 09:30:15.920,3.341,18800
2020-10-28 09:30:15.920,3.341,30000
2020-10-28 09:30:15.920,3.341,30000
2020-10-28 09:30:16.370,3.341,10000
2020-10-28 09:30:16.950,3.341,14800
2020-10-28 09:30:17.690,3.342,300
2020-10-28 09:30:17.690,3.341,9900
2020-10-28 09:30:18.790,3.342,6800
2020-10-28 09:30:19.940,3.343,400
2020-10-28 09:30:24.290,3.343,143500
2020-10-28 09:30:26.780,3.344,3000
2020-10-28 09:30:26.780,3.344,3000
2020-10-28 09:30:27.630,3.345,500
2020-10-28 09:30:27.630,3.346,1400
2020-10-28 09:30:27.630,3.346,900
2020-10-28 09:30:27.980,3.344,200
2020-10-28 09:30:30.130,3.344,122200
2020-10-28 09:30:32.420,3.345,1000
2020-10-28 09:30:34.870,3.344,5000
2020-10-28 09:30:35.780,3.344,4000
2020-10-28 09:30:37.390,3.344,10600
2020-10-28 09:30:37.390,3.345,28400
2020-10-28 09:30:38.020,3.345,3600
2020-10-28 09:30:38.900,3.345,36000
2020-10-28 09:30:39.760,3.345,16700
2020-10-28 09:30:39.790,3.346,1100
2020-10-28 09:30:44.010,3.346,118000
2020-10-28 09:30:44.010,3.346,6000
2020-10-28 09:30:44.010,3.346,5000
2020-10-28 09:30:44.010,3.346,4200
2020-10-28 09:30:44.010,3.346,300
2020-10-28 09:30:44.010,3.346,2000
2020-10-28 09:30:45.520,3.346,11000
2020-10-28 09:30:47.600,3.346,400
2020-10-28 09:30:51.990,3.347,100
2020-10-28 09:30:51.990,3.347,5000
2020-10-28 09:30:51.990,3.347,48300
2020-10-28 09:30:51.990,3.347,10000
2020-10-28 09:30:51.990,3.347,22200
2020-10-28 09:30:51.990,3.347,100
2020-10-28 09:30:53.980,3.347,11000
2020-10-28 09:30:55.540,3.347,78800
2020-10-28 09:30:55.620,3.348,200
2020-10-28 09:30:55.620,3.348,5000
2020-10-28 09:30:55.620,3.348,1900
2020-10-28 09:30:59.050,3.348,2600
2020-10-28 09:31:00.840,3.348,3200
2020-10-28 09:31:00.840,3.348,8900
2020-10-28 09:31:01.080,3.348,1100
2020-10-28 09:31:01.080,3.348,2500
2020-10-28 09:31:01.080,3.348,1400
2020-10-28 09:31:02.640,3.348,8600
2020-10-28 09:31:02.640,3.348,100000
2020-10-28 09:31:02.640,3.348,16800
2020-10-28 09:31:02.640,3.348,7000
2020-10-28 09:31:02.640,3.348,91700
2020-10-28 09:31:03.250,3.347,5000
2020-10-28 09:31:05.770,3.348,1300
2020-10-28 09:31:06.180,3.348,1000
2020-10-28 09:31:09.190,3.348,5000
2020-10-28 09:31:10.460,3.347,3000
2020-10-28 09:31:10.700,3.348,500
2020-10-28 09:31:11.070,3.348,500
2020-10-28 09:31:11.070,3.348,100
2020-10-28 09:31:11.070,3.348,100
2020-10-28 09:31:11.070,3.348,600
2020-10-28 09:31:11.070,3.348,3700
2020-10-28 09:31:11.130,3.348,5000
2020-10-28 09:31:11.430,3.348,2300
2020-10-28 09:31:11.430,3.348,5000
2020-10-28 09:31:11.430,3.348,600
2020-10-28 09:31:14.150,3.349,3300
2020-10-28 09:31:14.910,3.349,6700
2020-10-28 09:31:14.910,3.349,10000
2020-10-28 09:31:14.910,3.349,5000
2020-10-28 09:31:14.910,3.349,1200
2020-10-28 09:31:14.910,3.349,171300
2020-10-28 09:31:14.910,3.349,5800
2020-10-28 09:31:15.090,3.348,3000
2020-10-28 09:31:15.270,3.349,44200
2020-10-28 09:31:15.270,3.349,50000
2020-10-28 09:31:15.270,3.349,5000
2020-10-28 09:31:15.270,3.349,50000
2020-10-28 09:31:15.270,3.349,49600
2020-10-28 09:31:15.510,3.349,400
2020-10-28 09:31:15.510,3.349,6000
2020-10-28 09:31:15.510,3.349,1000
2020-10-28 09:31:15.510,3.349,2000
2020-10-28 09:31:15.510,3.349,1500
2020-10-28 09:31:15.510,3.349,10000
2020-10-28 09:31:15.510,3.349,100
2020-10-28 09:31:15.510,3.349,11000
2020-10-28 09:31:15.510,3.349,3000
2020-10-28 09:31:15.510,3.349,124700
2020-10-28 09:31:15.670,3.35,20000
2020-10-28 09:31:15.670,3.35,2000
2020-10-28 09:31:15.670,3.35,278000
2020-10-28 09:31:16.910,3.349,1700
2020-10-28 09:31:18.370,3.349,5000
2020-10-28 09:31:18.940,3.349,1000
2020-10-28 09:31:22.730,3.35,300
2020-10-28 09:31:22.730,3.35,1000
2020-10-28 09:31:22.730,3.35,1700
2020-10-28 09:31:23.790,3.35,7200
2020-10-28 09:31:26.310,3.35,5000
2020-10-28 09:31:26.720,3.349,300
2020-10-28 09:31:27.150,3.35,1100
2020-10-28 09:31:27.150,3.35,50100
2020-10-28 09:31:27.150,3.35,10000
2020-10-28 09:31:27.150,3.35,20700
2020-10-28 09:31:27.150,3.35,600
2020-10-28 09:31:27.150,3.35,7500
2020-10-28 09:31:27.790,3.349,5000
2020-10-28 09:31:28.530,3.349,3000
2020-10-28 09:31:28.930,3.35,3500
2020-10-28 09:31:28.930,3.35,3000
2020-10-28 09:31:28.930,3.35,3500
2020-10-28 09:31:29.280,3.35,2500
2020-10-28 09:31:29.280,3.35,500
2020-10-28 09:31:29.750,3.349,15500
2020-10-28 09:31:29.750,3.349,6000
2020-10-28 09:31:29.930,3.35,1600
2020-10-28 09:31:29.960,3.35,900
2020-10-28 09:31:29.960,3.35,100
2020-10-28 09:31:31.700,3.35,200
2020-10-28 09:31:32.250,3.35,1700
2020-10-28 09:31:32.250,3.35,6000
2020-10-28 09:31:32.250,3.35,12300
2020-10-28 09:31:32.450,3.349,100
2020-10-28 09:31:32.890,3.35,4400
2020-10-28 09:31:34.490,3.35,4300
2020-10-28 09:31:35.280,3.349,10000
2020-10-28 09:31:35.400,3.349,254100
2020-10-28 09:31:35.400,3.349,30000
2020-10-28 09:31:35.400,3.349,3000
2020-10-28 09:31:35.400,3.349,12900
2020-10-28 09:31:35.490,3.35,400
2020-10-28 09:31:36.610,3.35,30000
2020-10-28 09:31:37.610,3.35,600
2020-10-28 09:31:38.370,3.35,248000
2020-10-28 09:31:38.370,3.35,5300
2020-10-28 09:31:38.370,3.35,20000
2020-10-28 09:31:38.370,3.35,7000
2020-10-28 09:31:38.810,3.35,19700
2020-10-28 09:31:38.810,3.35,1500
2020-10-28 09:31:38.810,3.35,1000
2020-10-28 09:31:38.810,3.349,7100
2020-10-28 09:31:38.810,3.349,500
2020-10-28 09:31:38.810,3.349,500
2020-10-28 09:31:41.310,3.35,2000
2020-10-28 09:31:41.310,3.35,5000
2020-10-28 09:31:41.310,3.35,200
2020-10-28 09:31:41.310,3.349,17800
2020-10-28 09:31:42.010,3.35,40000
2020-10-28 09:31:42.870,3.351,1000
2020-10-28 09:31:42.870,3.351,300
2020-10-28 09:31:44.180,3.35,1000
2020-10-28 09:31:44.530,3.351,1000
2020-10-28 09:31:44.530,3.351,3500
2020-10-28 09:31:44.530,3.351,100
2020-10-28 09:31:44.530,3.351,11000
2020-10-28 09:31:44.530,3.351,60100
2020-10-28 09:31:44.530,3.351,100000
2020-10-28 09:31:44.530,3.351,100000
2020-10-28 09:31:44.700,3.352,10000
2020-10-28 09:31:44.700,3.352,10000
2020-10-28 09:31:44.700,3.352,50000
2020-10-28 09:31:44.700,3.352,20000
2020-10-28 09:31:44.700,3.352,11000
2020-10-28 09:31:44.700,3.352,16800
2020-10-28 09:31:44.700,3.352,2000
2020-10-28 09:31:44.700,3.352,93000
2020-10-28 09:31:44.700,3.352,20000
2020-10-28 09:31:44.700,3.352,67200
2020-10-28 09:31:44.940,3.351,17300
2020-10-28 09:31:45.060,3.351,7000
2020-10-28 09:31:45.060,3.351,30100
2020-10-28 09:31:45.210,3.352,86900
2020-10-28 09:31:46.900,3.352,5000
2020-10-28 09:31:48.270,3.353,1000
2020-10-28 09:31:48.270,3.353,3100
2020-10-28 09:31:48.270,3.353,3100
2020-10-28 09:31:48.270,3.353,3100
2020-10-28 09:31:48.270,3.353,3100
2020-10-28 09:31:48.270,3.353,10000
2020-10-28 09:31:48.270,3.353,1200
2020-10-28 09:31:48.270,3.353,10100
2020-10-28 09:31:48.270,3.353,8600
2020-10-28 09:31:48.270,3.353,11000
2020-10-28 09:31:48.270,3.353,60000
2020-10-28 09:31:48.270,3.353,50000
2020-10-28 09:31:48.270,3.353,500
2020-10-28 09:31:48.270,3.353,5000
2020-10-28 09:31:48.270,3.353,424200
2020-10-28 09:31:49.430,3.352,80000
2020-10-28 09:31:49.550,3.352,10000
2020-10-28 09:31:49.940,3.353,75800
2020-10-28 09:31:49.940,3.354,12000
2020-10-28 09:31:49.940,3.354,5000
2020-10-28 09:31:49.940,3.354,5000
2020-10-28 09:31:49.940,3.354,10000
2020-10-28 09:31:49.940,3.354,5000
2020-10-28 09:31:49.940,3.354,10000
2020-10-28 09:31:49.940,3.354,1800
2020-10-28 09:31:49.940,3.354,1500
2020-10-28 09:31:49.940,3.354,6500
2020-10-28 09:31:49.940,3.354,11000
2020-10-28 09:31:49.940,3.354,14000
2020-10-28 09:31:49.940,3.354,100
2020-10-28 09:31:49.940,3.354,47300
2020-10-28 09:31:50.000,3.352,59700
2020-10-28 09:31:51.270,3.352,240300
2020-10-28 09:31:51.270,3.352,30000
2020-10-28 09:31:51.270,3.352,30000
2020-10-28 09:31:52.610,3.352,300
2020-10-28 09:31:53.330,3.352,1000
2020-10-28 09:31:53.950,3.352,2000
2020-10-28 09:31:53.980,3.352,1700
2020-10-28 09:31:53.980,3.352,3300
2020-10-28 09:31:54.370,3.352,5800
2020-10-28 09:31:54.550,3.353,6200
2020-10-28 09:31:54.550,3.353,200
2020-10-28 09:31:54.550,3.352,26500
2020-10-28 09:32:00.470,3.352,100
2020-10-28 09:32:00.470,3.352,20000
2020-10-28 09:32:00.470,3.352,40000
2020-10-28 09:32:00.470,3.352,200
2020-10-28 09:32:00.470,3.352,4300
2020-10-28 09:32:00.470,3.353,203100
2020-10-28 09:32:02.560,3.352,3000
2020-10-28 09:32:02.560,3.352,2000
2020-10-28 09:32:03.780,3.352,3000
2020-10-28 09:32:03.780,3.352,1000
2020-10-28 09:32:03.780,3.352,20100
2020-10-28 09:32:04.580,3.352,9900
2020-10-28 09:32:04.580,3.352,40100
2020-10-28 09:32:04.720,3.352,9900
2020-10-28 09:32:04.720,3.352,6800
2020-10-28 09:32:04.720,3.352,4900
2020-10-28 09:32:04.720,3.352,41300
2020-10-28 09:32:04.720,3.353,237100
2020-10-28 09:32:05.150,3.353,59800
2020-10-28 09:32:05.150,3.353,23400
2020-10-28 09:32:05.150,3.353,3000
2020-10-28 09:32:05.150,3.353,122200
2020-10-28 09:32:05.150,3.353,1000
2020-10-28 09:32:05.150,3.353,5000
2020-10-28 09:32:05.150,3.353,300
2020-10-28 09:32:05.860,3.353,20000
2020-10-28 09:32:05.860,3.354,10000
2020-10-28 09:32:07.010,3.353,65300
2020-10-28 09:32:07.010,3.353,74700
2020-10-28 09:32:07.040,3.353,3000
2020-10-28 09:32:07.440,3.353,100
2020-10-28 09:32:08.190,3.353,10000
2020-10-28 09:32:09.090,3.353,6000
2020-10-28 09:32:10.270,3.354,42700
2020-10-28 09:32:10.270,3.354,10000
2020-10-28 09:32:10.270,3.354,56900
2020-10-28 09:32:10.270,3.354,100
2020-10-28 09:32:10.270,3.354,2000
2020-10-28 09:32:10.270,3.354,135500
2020-10-28 09:32:10.270,3.354,1500
2020-10-28 09:32:10.270,3.354,3000
2020-10-28 09:32:10.270,3.354,3100
2020-10-28 09:32:10.270,3.354,5000
2020-10-28 09:32:10.270,3.354,30000
2020-10-28 09:32:10.270,3.354,10200
2020-10-28 09:32:12.030,3.353,1300
2020-10-28 09:32:12.030,3.352,48600
2020-10-28 09:32:12.150,3.354,1500
2020-10-28 09:32:13.620,3.353,200
2020-10-28 09:32:14.930,3.353,9800
2020-10-28 09:32:14.930,3.353,200
2020-10-28 09:32:15.440,3.353,3000
2020-10-28 09:32:16.940,3.352,50000
2020-10-28 09:32:18.700,3.352,2000
2020-10-28 09:32:18.760,3.353,8600
2020-10-28 09:32:18.760,3.353,4000
2020-10-28 09:32:18.760,3.353,3000
2020-10-28 09:32:18.760,3.353,7200
2020-10-28 09:32:19.090,3.352,168000
2020-10-28 09:32:19.210,3.353,7800
2020-10-28 09:32:19.210,3.353,13200
2020-10-28 09:32:20.330,3.352,400
2020-10-28 09:32:20.890,3.353,2800
2020-10-28 09:32:20.890,3.353,6900
2020-10-28 09:32:20.890,3.353,3000
2020-10-28 09:32:20.890,3.353,62100
2020-10-28 09:32:20.890,3.353,10000
2020-10-28 09:32:20.890,3.353,2000
2020-10-28 09:32:20.890,3.353,1000
2020-10-28 09:32:20.890,3.353,10000
2020-10-28 09:32:20.890,3.353,4900
2020-10-28 09:32:20.890,3.353,3500
2020-10-28 09:32:20.890,3.353,7400
2020-10-28 09:32:20.890,3.354,6400
2020-10-28 09:32:21.670,3.353,6000
2020-10-28 09:32:22.390,3.354,200
2020-10-28 09:32:22.710,3.353,4000
2020-10-28 09:32:22.710,3.353,14900
2020-10-28 09:32:22.790,3.353,18700
2020-10-28 09:32:23.540,3.353,19400
2020-10-28 09:32:26.030,3.353,300
2020-10-28 09:32:26.070,3.353,20000
2020-10-28 09:32:26.530,3.353,2000
2020-10-28 09:32:27.050,3.354,1000
2020-10-28 09:32:27.150,3.353,14800
2020-10-28 09:32:27.920,3.353,50000
2020-10-28 09:32:28.610,3.353,7000
2020-10-28 09:32:28.780,3.353,1000
2020-10-28 09:32:29.870,3.353,5000
2020-10-28 09:32:29.900,3.353,80000
2020-10-28 09:32:30.960,3.353,9600
2020-10-28 09:32:31.790,3.354,20700
2020-10-28 09:32:31.790,3.354,279300
2020-10-28 09:32:33.190,3.353,900
2020-10-28 09:32:33.190,3.353,8300
2020-10-28 09:32:33.880,3.353,100
2020-10-28 09:32:34.430,3.353,30000
2020-10-28 09:32:34.780,3.353,10000
2020-10-28 09:32:35.390,3.353,40000
2020-10-28 09:32:36.010,3.354,5000
2020-10-28 09:32:36.640,3.354,3000
2020-10-28 09:32:36.790,3.354,212700
2020-10-28 09:32:36.790,3.354,200
2020-10-28 09:32:36.790,3.354,200
2020-10-28 09:32:36.790,3.354,6900
2020-10-28 09:32:36.790,3.354,10000
2020-10-28 09:32:36.790,3.354,5000
2020-10-28 09:32:36.790,3.354,5000
2020-10-28 09:32:36.790,3.354,20000
2020-10-28 09:32:36.790,3.354,20000
2020-10-28 09:32:36.790,3.354,20000
2020-10-28 09:32:36.910,3.353,30000
2020-10-28 09:32:38.250,3.353,100000
2020-10-28 09:32:39.600,3.353,50000
2020-10-28 09:32:39.970,3.353,10400
2020-10-28 09:32:39.970,3.353,4700
2020-10-28 09:32:40.240,3.354,900
2020-10-28 09:32:40.510,3.353,1000
2020-10-28 09:32:40.540,3.353,900
2020-10-28 09:32:40.950,3.353,5000
2020-10-28 09:32:41.150,3.353,20000
2020-10-28 09:32:41.150,3.353,7000
2020-10-28 09:32:41.490,3.353,10000
2020-10-28 09:32:41.810,3.354,500
2020-10-28 09:32:43.020,3.353,30000
2020-10-28 09:32:43.050,3.353,145000
2020-10-28 09:32:43.500,3.354,5000
2020-10-28 09:32:43.890,3.353,76400
2020-10-28 09:32:43.890,3.353,300
2020-10-28 09:32:43.890,3.353,3000
2020-10-28 09:32:46.040,3.353,1000
2020-10-28 09:32:46.100,3.353,5400
2020-10-28 09:32:46.340,3.352,30000
2020-10-28 09:32:47.820,3.352,1000
2020-10-28 09:32:47.820,3.352,10000
2020-10-28 09:32:47.820,3.352,1400
2020-10-28 09:32:47.820,3.352,8000
2020-10-28 09:32:47.820,3.352,30000
2020-10-28 09:32:47.820,3.352,10000
2020-10-28 09:32:49.120,3.352,1100
2020-10-28 09:32:50.850,3.352,5100
2020-10-28 09:32:52.320,3.352,30000
2020-10-28 09:32:52.350,3.351,7400
2020-10-28 09:32:52.350,3.351,84600
2020-10-28 09:32:54.300,3.352,10000
2020-10-28 09:32:54.510,3.352,8000
2020-10-28 09:32:54.510,3.351,73600
2020-10-28 09:32:55.710,3.351,15100
2020-10-28 09:32:59.590,3.351,4900
2020-10-28 09:32:59.860,3.352,6100
2020-10-28 09:32:59.940,3.352,3500
2020-10-28 09:33:00.260,3.351,26500
2020-10-28 09:33:00.320,3.352,2000
2020-10-28 09:33:00.350,3.351,8300
2020-10-28 09:33:01.290,3.352,3800
2020-10-28 09:33:01.500,3.351,1000
2020-10-28 09:33:01.610,3.351,40000
2020-10-28 09:33:01.750,3.351,27100
2020-10-28 09:33:01.810,3.351,18900
2020-10-28 09:33:01.810,3.351,4200
2020-10-28 09:33:01.810,3.351,6000
2020-10-28 09:33:02.150,3.351,900
2020-10-28 09:33:02.150,3.352,7100
2020-10-28 09:33:02.750,3.35,100
2020-10-28 09:33:02.750,3.35,500
2020-10-28 09:33:02.750,3.35,93000
2020-10-28 09:33:02.750,3.35,2900
2020-10-28 09:33:02.750,3.35,100
2020-10-28 09:33:02.750,3.35,3300
2020-10-28 09:33:02.750,3.35,20000
2020-10-28 09:33:02.750,3.35,3000
2020-10-28 09:33:02.750,3.35,2000
2020-10-28 09:33:03.650,3.35,1500
2020-10-28 09:33:06.750,3.349,15000
2020-10-28 09:33:06.750,3.349,2000
2020-10-28 09:33:06.750,3.349,3000
2020-10-28 09:33:06.750,3.349,11000
2020-10-28 09:33:06.750,3.349,93800
2020-10-28 09:33:10.160,3.351,100000
2020-10-28 09:33:10.160,3.351,20000
2020-10-28 09:33:10.160,3.351,3000
2020-10-28 09:33:10.160,3.351,7000
2020-10-28 09:33:10.310,3.351,3000
2020-10-28 09:33:11.450,3.351,80800
2020-10-28 09:33:11.480,3.351,60000
2020-10-28 09:33:12.980,3.351,1000
2020-10-28 09:33:13.150,3.351,4000
2020-10-28 09:33:15.810,3.351,100
2020-10-28 09:33:17.090,3.351,2000
2020-10-28 09:33:17.750,3.351,5000
2020-10-28 09:33:18.040,3.351,10000
2020-10-28 09:33:18.150,3.352,10000
2020-10-28 09:33:18.330,3.352,2000
2020-10-28 09:33:18.330,3.352,46400
2020-10-28 09:33:18.330,3.352,5000
2020-10-28 09:33:18.330,3.352,36600
2020-10-28 09:33:18.510,3.352,84200
2020-10-28 09:33:18.510,3.352,215800
2020-10-28 09:33:19.200,3.352,84200
2020-10-28 09:33:19.200,3.352,2000
2020-10-28 09:33:19.710,3.351,10000
2020-10-28 09:33:20.220,3.351,600
2020-10-28 09:33:20.610,3.351,70000
2020-10-28 09:33:22.500,3.352,50000
2020-10-28 09:33:23.330,3.353,300000
2020-10-28 09:33:23.530,3.352,30000
2020-10-28 09:33:24.720,3.352,10000
2020-10-28 09:33:25.370,3.352,100000
2020-10-28 09:33:25.430,3.352,60000
2020-10-28 09:33:25.600,3.352,2500
2020-10-28 09:33:26.260,3.352,100
2020-10-28 09:33:26.290,3.352,900
2020-10-28 09:33:26.290,3.352,400
2020-10-28 09:33:26.290,3.352,1500
2020-10-28 09:33:26.290,3.352,100
2020-10-28 09:33:27.520,3.351,1000
2020-10-28 09:33:28.380,3.351,200
2020-10-28 09:33:29.680,3.351,52300
2020-10-28 09:33:29.680,3.351,300
2020-10-28 09:33:29.680,3.351,70100
2020-10-28 09:33:31.800,3.352,100
2020-10-28 09:33:31.800,3.352,9900
2020-10-28 09:33:32.480,3.352,100
2020-10-28 09:33:32.480,3.352,9500
2020-10-28 09:33:32.510,3.352,1000
2020-10-28 09:33:32.510,3.352,100
2020-10-28 09:33:32.510,3.352,1000
2020-10-28 09:33:32.510,3.353,900
2020-10-28 09:33:32.760,3.351,3000
2020-10-28 09:33:35.810,3.352,200
2020-10-28 09:33:35.810,3.352,8000
2020-10-28 09:33:40.260,3.352,10000
2020-10-28 09:33:40.260,3.352,10000
2020-10-28 09:33:40.260,3.352,2500
2020-10-28 09:33:40.260,3.352,5000
2020-10-28 09:33:40.260,3.352,200
2020-10-28 09:33:40.620,3.352,5000
2020-10-28 09:33:40.620,3.352,15000
2020-10-28 09:33:41.730,3.352,5000
2020-10-28 09:33:42.490,3.352,300
2020-10-28 09:33:42.490,3.352,20000
2020-10-28 09:33:42.600,3.352,10000
2020-10-28 09:33:42.660,3.352,13700
2020-10-28 09:33:42.770,3.352,6300
2020-10-28 09:33:43.440,3.352,5000
2020-10-28 09:33:44.720,3.353,5200
2020-10-28 09:33:44.990,3.352,2000
2020-10-28 09:33:45.290,3.352,10000
2020-10-28 09:33:45.760,3.352,200
2020-10-28 09:33:45.880,3.353,293900
2020-10-28 09:33:45.880,3.353,2000
2020-10-28 09:33:45.880,3.353,4100
2020-10-28 09:33:47.650,3.352,7400
2020-10-28 09:33:48.290,3.352,13200
2020-10-28 09:33:49.070,3.352,13700
2020-10-28 09:33:49.200,3.353,900
2020-10-28 09:33:49.200,3.353,6000
2020-10-28 09:33:49.200,3.353,5000
2020-10-28 09:33:49.200,3.353,5000
2020-10-28 09:33:49.200,3.353,16900
2020-10-28 09:33:49.200,3.353,40000
2020-10-28 09:33:49.200,3.353,60000
2020-10-28 09:33:49.200,3.353,64000
2020-10-28 09:33:51.120,3.353,81900
2020-10-28 09:33:51.120,3.353,900
2020-10-28 09:33:51.120,3.353,10000
2020-10-28 09:33:51.120,3.353,5000
2020-10-28 09:33:51.120,3.353,7500
2020-10-28 09:33:51.120,3.353,94700
2020-10-28 09:33:51.120,3.352,6000
2020-10-28 09:33:51.190,3.353,5300
2020-10-28 09:33:51.190,3.353,11500
2020-10-28 09:33:51.190,3.353,41400
2020-10-28 09:33:51.190,3.353,1100
2020-10-28 09:33:51.190,3.353,1600
2020-10-28 09:33:51.190,3.353,43500
2020-10-28 09:33:51.190,3.353,60000
2020-10-28 09:33:51.190,3.353,6400
2020-10-28 09:33:51.220,3.353,500
2020-10-28 09:33:51.740,3.353,2100
2020-10-28 09:33:52.750,3.353,10000
2020-10-28 09:33:52.800,3.353,60000
2020-10-28 09:33:52.970,3.353,30000
2020-10-28 09:33:53.930,3.353,21300
2020-10-28 09:33:55.560,3.354,600
2020-10-28 09:33:55.560,3.354,500
2020-10-28 09:33:55.560,3.354,300
2020-10-28 09:33:55.560,3.354,10000
2020-10-28 09:33:55.560,3.354,8600
2020-10-28 09:33:55.560,3.354,11400
2020-10-28 09:33:55.560,3.354,5000
2020-10-28 09:33:55.560,3.354,1200
2020-10-28 09:33:55.560,3.354,1000
2020-10-28 09:33:55.560,3.354,1600
2020-10-28 09:33:55.560,3.354,50000
2020-10-28 09:33:55.560,3.354,5000
2020-10-28 09:33:55.560,3.354,30000
2020-10-28 09:33:55.560,3.354,1500
2020-10-28 09:33:55.560,3.354,20000
2020-10-28 09:33:55.560,3.354,4300
2020-10-28 09:33:55.560,3.354,15000
2020-10-28 09:33:55.560,3.354,3300
2020-10-28 09:33:55.560,3.354,100000
2020-10-28 09:33:55.560,3.354,20000
2020-10-28 09:33:55.560,3.354,30000
2020-10-28 09:33:55.560,3.354,700
2020-10-28 09:33:55.760,3.353,5300
2020-10-28 09:33:55.760,3.353,24200
2020-10-28 09:33:55.760,3.353,70500
2020-10-28 09:33:55.790,3.354,315000
2020-10-28 09:33:55.790,3.354,10000
2020-10-28 09:33:55.790,3.354,20000
2020-10-28 09:33:55.790,3.354,2000
2020-10-28 09:33:55.790,3.354,40000
2020-10-28 09:33:55.790,3.354,10000
2020-10-28 09:33:55.790,3.354,10000
2020-10-28 09:33:55.900,3.355,300
2020-10-28 09:33:56.620,3.354,800
2020-10-28 09:33:56.800,3.354,100
2020-10-28 09:33:56.800,3.354,70000
2020-10-28 09:33:57.790,3.354,10000
2020-10-28 09:33:58.320,3.354,40000
2020-10-28 09:33:59.100,3.355,3900
2020-10-28 09:33:59.380,3.354,100000
2020-10-28 09:33:59.530,3.354,150000
2020-10-28 09:33:59.530,3.354,130000
2020-10-28 09:33:59.890,3.353,5000
2020-10-28 09:34:01.420,3.354,20000
2020-10-28 09:34:01.420,3.354,8100
2020-10-28 09:34:02.780,3.354,200
2020-10-28 09:34:03.290,3.353,1000
2020-10-28 09:34:03.620,3.353,100000
2020-10-28 09:34:04.970,3.354,7100
2020-10-28 09:34:06.440,3.353,100
2020-10-28 09:34:06.560,3.353,9900
2020-10-28 09:34:06.560,3.353,70100
2020-10-28 09:34:06.760,3.353,10000
2020-10-28 09:34:06.860,3.354,84600
2020-10-28 09:34:06.860,3.354,1000
2020-10-28 09:34:06.860,3.354,14400
2020-10-28 09:34:08.310,3.354,20000
2020-10-28 09:34:08.350,3.354,5600
2020-10-28 09:34:08.350,3.354,100
2020-10-28 09:34:08.350,3.354,100
2020-10-28 09:34:08.350,3.354,5900
2020-10-28 09:34:10.340,3.353,10000
2020-10-28 09:34:11.670,3.353,200
2020-10-28 09:34:11.880,3.354,1600
2020-10-28 09:34:11.880,3.354,20000
2020-10-28 09:34:11.880,3.354,3000
2020-10-28 09:34:11.880,3.354,5000
2020-10-28 09:34:11.880,3.354,3000
2020-10-28 09:34:11.880,3.354,40000
2020-10-28 09:34:11.880,3.354,10000
2020-10-28 09:34:11.880,3.354,78700
2020-10-28 09:34:11.880,3.354,300
2020-10-28 09:34:12.170,3.354,3000
2020-10-28 09:34:12.390,3.354,100
2020-10-28 09:34:14.110,3.354,1100
2020-10-28 09:34:14.450,3.354,58300
2020-10-28 09:34:14.450,3.354,3000
2020-10-28 09:34:14.450,3.354,100
2020-10-28 09:34:14.690,3.353,1000
2020-10-28 09:34:14.930,3.353,100000
2020-10-28 09:34:15.250,3.354,18100
2020-10-28 09:34:15.730,3.354,4200
2020-10-28 09:34:16.700,3.354,3700
2020-10-28 09:34:16.760,3.354,13400
2020-10-28 09:34:18.250,3.353,33300
2020-10-28 09:34:18.570,3.354,600
2020-10-28 09:34:18.720,3.353,3400
2020-10-28 09:34:18.720,3.353,200
2020-10-28 09:34:18.720,3.353,1400
2020-10-28 09:34:18.780,3.353,60600
2020-10-28 09:34:20.960,3.353,4400
2020-10-28 09:34:21.300,3.353,300
2020-10-28 09:34:24.030,3.353,70000
2020-10-28 09:34:28.150,3.354,2800
2020-10-28 09:34:28.260,3.353,2200
2020-10-28 09:34:29.510,3.353,5500
2020-10-28 09:34:30.230,3.353,2300
2020-10-28 09:34:30.230,3.353,15000
2020-10-28 09:34:30.230,3.354,195800
2020-10-28 09:34:30.230,3.354,16900
2020-10-28 09:34:31.340,3.353,200
2020-10-28 09:34:32.470,3.353,19800
2020-10-28 09:34:32.470,3.353,6000
2020-10-28 09:34:32.950,3.354,3100
2020-10-28 09:34:32.950,3.354,1300
2020-10-28 09:34:34.620,3.353,50000
2020-10-28 09:34:35.310,3.353,500
2020-10-28 09:34:35.840,3.353,1800
2020-10-28 09:34:35.910,3.353,200
2020-10-28 09:34:36.050,3.353,3000
2020-10-28 09:34:36.350,3.353,1000
2020-10-28 09:34:37.640,3.353,3000
2020-10-28 09:34:40.200,3.353,10000
2020-10-28 09:34:41.240,3.353,7000
2020-10-28 09:34:43.300,3.354,3000
2020-10-28 09:34:43.300,3.354,2900
2020-10-28 09:34:44.140,3.353,100
2020-10-28 09:34:45.220,3.354,2000
2020-10-28 09:34:45.810,3.354,100
2020-10-28 09:34:45.810,3.354,2600
2020-10-28 09:34:46.330,3.353,30000
2020-10-28 09:34:48.140,3.353,8000
2020-10-28 09:34:49.550,3.353,2000
2020-10-28 09:34:49.600,3.353,113400
2020-10-28 09:34:49.600,3.353,1100
2020-10-28 09:34:50.320,3.353,500
2020-10-28 09:34:51.170,3.354,5000
2020-10-28 09:34:51.950,3.353,600
2020-10-28 09:34:52.300,3.353,800
2020-10-28 09:34:52.300,3.353,1000
2020-10-28 09:34:52.300,3.353,100
2020-10-28 09:34:52.860,3.353,8100
2020-10-28 09:34:52.860,3.353,6000
2020-10-28 09:34:52.860,3.353,7200
2020-10-28 09:34:52.860,3.354,22400
2020-10-28 09:34:52.860,3.354,9900
2020-10-28 09:34:52.860,3.354,30000
2020-10-28 09:34:52.860,3.354,30000
2020-10-28 09:34:52.860,3.354,17000
2020-10-28 09:34:52.860,3.354,5000
2020-10-28 09:34:52.860,3.354,5000
2020-10-28 09:34:52.860,3.354,14500
2020-10-28 09:34:52.860,3.354,30000
2020-10-28 09:34:52.860,3.354,5000
2020-10-28 09:34:52.860,3.354,200
2020-10-28 09:34:52.860,3.354,5000
2020-10-28 09:34:52.860,3.354,14000
2020-10-28 09:34:52.860,3.354,31700
2020-10-28 09:34:52.860,3.354,40000
2020-10-28 09:34:52.860,3.354,5000
2020-10-28 09:34:52.860,3.354,14000
2020-10-28 09:34:53.890,3.353,3000
2020-10-28 09:34:53.890,3.354,46000
2020-10-28 09:34:53.890,3.354,100000
2020-10-28 09:34:53.890,3.354,200
2020-10-28 09:34:53.890,3.354,100
2020-10-28 09:34:53.890,3.354,1600
2020-10-28 09:34:53.890,3.354,148800
2020-10-28 09:34:54.650,3.353,27000
2020-10-28 09:34:54.850,3.353,3000
2020-10-28 09:34:55.080,3.353,10900
2020-10-28 09:34:56.240,3.354,100
2020-10-28 09:34:56.430,3.353,100000
2020-10-28 09:34:56.430,3.354,1000
2020-10-28 09:34:56.490,3.354,4000
2020-10-28 09:34:57.680,3.353,15000
2020-10-28 09:34:59.210,3.353,100
2020-10-28 09:34:59.800,3.353,10000
2020-10-28 09:34:59.830,3.354,100
2020-10-28 09:35:00.470,3.353,10000
2020-10-28 09:35:00.470,3.354,100000
2020-10-28 09:35:02.190,3.353,100
2020-10-28 09:35:02.370,3.353,10000
2020-10-28 09:35:03.000,3.353,8700
2020-10-28 09:35:03.030,3.353,10000
2020-10-28 09:35:03.030,3.353,5000
2020-10-28 09:35:03.190,3.353,90200
2020-10-28 09:35:04.760,3.353,200
2020-10-28 09:35:04.760,3.353,500
2020-10-28 09:35:06.070,3.352,2000
2020-10-28 09:35:06.070,3.352,4000
2020-10-28 09:35:08.130,3.353,1100
2020-10-28 09:35:08.830,3.353,8000
2020-10-28 09:35:08.830,3.353,22000
2020-10-28 09:35:09.640,3.353,107600
2020-10-28 09:35:09.640,3.353,10000
2020-10-28 09:35:09.640,3.353,5000
2020-10-28 09:35:10.670,3.353,21600
2020-10-28 09:35:11.230,3.353,155800
2020-10-28 09:35:11.230,3.352,6000
2020-10-28 09:35:11.230,3.352,200
2020-10-28 09:35:11.230,3.352,300
2020-10-28 09:35:11.230,3.352,2000
2020-10-28 09:35:11.230,3.352,2000
2020-10-28 09:35:11.230,3.352,22800
2020-10-28 09:35:11.230,3.352,4700
2020-10-28 09:35:11.230,3.352,1000
2020-10-28 09:35:11.230,3.352,500
2020-10-28 09:35:11.230,3.352,3000
2020-10-28 09:35:11.230,3.352,9900
2020-10-28 09:35:11.230,3.352,124000
2020-10-28 09:35:12.500,3.352,4000
2020-10-28 09:35:12.500,3.352,2000
2020-10-28 09:35:16.790,3.351,200
2020-10-28 09:35:17.270,3.352,100
2020-10-28 09:35:18.400,3.351,2900
2020-10-28 09:35:19.830,3.351,23800
2020-10-28 09:35:19.830,3.351,12700
2020-10-28 09:35:19.830,3.351,200
2020-10-28 09:35:19.830,3.351,6000
2020-10-28 09:35:19.830,3.351,1300
2020-10-28 09:35:19.830,3.351,10000
2020-10-28 09:35:19.830,3.351,2500
2020-10-28 09:35:19.830,3.351,3500
2020-10-28 09:35:19.970,3.351,600
2020-10-28 09:35:21.280,3.351,400
2020-10-28 09:35:21.300,3.352,1200
2020-10-28 09:35:22.230,3.351,3000
2020-10-28 09:35:22.510,3.351,2500
2020-10-28 09:35:22.510,3.351,100
2020-10-28 09:35:22.510,3.351,26100
2020-10-28 09:35:22.590,3.351,30000
2020-10-28 09:35:25.170,3.352,11400
2020-10-28 09:35:25.170,3.352,3000
2020-10-28 09:35:25.170,3.352,285600
2020-10-28 09:35:25.170,3.351,11000
2020-10-28 09:35:25.750,3.352,14400
2020-10-28 09:35:25.750,3.352,200
2020-10-28 09:35:25.750,3.352,120300
2020-10-28 09:35:25.750,3.352,10000
2020-10-28 09:35:25.750,3.352,4000
2020-10-28 09:35:25.750,3.352,291300
2020-10-28 09:35:25.750,3.352,10000
2020-10-28 09:35:25.790,3.353,20000
2020-10-28 09:35:25.790,3.353,10000
2020-10-28 09:35:25.790,3.353,6500
2020-10-28 09:35:26.740,3.353,100
2020-10-28 09:35:27.770,3.353,5100
2020-10-28 09:35:31.320,3.353,57600
2020-10-28 09:35:32.180,3.353,700
2020-10-28 09:35:35.520,3.352,1000
2020-10-28 09:35:35.520,3.352,13000
2020-10-28 09:35:37.050,3.352,2000
2020-10-28 09:35:37.070,3.353,1300
2020-10-28 09:35:37.070,3.353,1000
2020-10-28 09:35:37.070,3.353,2800
2020-10-28 09:35:37.070,3.353,4900
2020-10-28 09:35:38.460,3.352,20000
2020-10-28 09:35:39.830,3.353,300
2020-10-28 09:35:39.970,3.352,1000
2020-10-28 09:35:40.270,3.352,8700
2020-10-28 09:35:40.270,3.351,3000
2020-10-28 09:35:40.720,3.351,59700
2020-10-28 09:35:41.580,3.351,100
2020-10-28 09:35:42.900,3.351,10000
2020-10-28 09:35:44.010,3.351,13600
2020-10-28 09:35:44.010,3.351,200
2020-10-28 09:35:44.010,3.351,600
2020-10-28 09:35:46.620,3.351,1000
2020-10-28 09:35:46.880,3.351,2000
2020-10-28 09:35:47.510,3.351,400
2020-10-28 09:35:49.670,3.352,50000
2020-10-28 09:35:49.670,3.352,5000
2020-10-28 09:35:49.670,3.352,700
2020-10-28 09:35:49.670,3.352,300
2020-10-28 09:35:49.670,3.352,276200
2020-10-28 09:35:49.970,3.352,23800
2020-10-28 09:35:51.450,3.351,800
2020-10-28 09:35:51.640,3.351,2000
2020-10-28 09:35:52.250,3.352,124900
2020-10-28 09:35:52.250,3.352,81700
2020-10-28 09:35:54.570,3.352,10000
2020-10-28 09:35:56.400,3.351,8000
2020-10-28 09:35:56.510,3.352,1000
2020-10-28 09:35:57.930,3.352,500
2020-10-28 09:35:57.930,3.352,500
2020-10-28 09:35:58.300,3.353,3000
2020-10-28 09:35:58.760,3.353,4500
2020-10-28 09:35:58.760,3.353,20000
2020-10-28 09:35:58.760,3.353,2500
2020-10-28 09:35:58.760,3.353,2000
2020-10-28 09:35:58.760,3.353,200
2020-10-28 09:35:58.760,3.353,4600
2020-10-28 09:35:58.760,3.353,100
2020-10-28 09:35:58.760,3.353,500
2020-10-28 09:35:58.760,3.353,3000
2020-10-28 09:35:58.760,3.353,13800
2020-10-28 09:35:58.760,3.353,10000
2020-10-28 09:35:58.760,3.353,20000
2020-10-28 09:35:58.760,3.353,2200
2020-10-28 09:35:59.600,3.352,99500
2020-10-28 09:35:59.600,3.351,30500
2020-10-28 09:36:00.480,3.353,50000
2020-10-28 09:36:00.680,3.352,5000
2020-10-28 09:36:01.750,3.352,10000
2020-10-28 09:36:01.890,3.353,3500
2020-10-28 09:36:02.570,3.352,3100
2020-10-28 09:36:03.170,3.352,2000
2020-10-28 09:36:06.470,3.352,500
2020-10-28 09:36:07.450,3.352,100
2020-10-28 09:36:08.510,3.352,300
2020-10-28 09:36:11.760,3.353,23400
2020-10-28 09:36:11.760,3.353,5000
2020-10-28 09:36:11.760,3.353,1000
2020-10-28 09:36:11.760,3.353,10000
2020-10-28 09:36:11.760,3.353,1500
2020-10-28 09:36:11.760,3.353,10000
2020-10-28 09:36:11.760,3.353,10000
2020-10-28 09:36:11.760,3.353,36000
2020-10-28 09:36:11.760,3.353,10000
2020-10-28 09:36:11.760,3.353,15100
2020-10-28 09:36:11.760,3.353,4000
2020-10-28 09:36:11.760,3.353,5500
2020-10-28 09:36:14.740,3.353,900
2020-10-28 09:36:15.620,3.353,9000
2020-10-28 09:36:15.770,3.353,20000
2020-10-28 09:36:15.990,3.354,300000
2020-10-28 09:36:16.480,3.354,300000
2020-10-28 09:36:17.520,3.354,146000
2020-10-28 09:36:17.520,3.354,20000
2020-10-28 09:36:17.520,3.354,5800
2020-10-28 09:36:17.520,3.354,1200
2020-10-28 09:36:17.520,3.354,1300
2020-10-28 09:36:17.520,3.354,4800
2020-10-28 09:36:17.520,3.354,3300
2020-10-28 09:36:17.520,3.354,15000
2020-10-28 09:36:17.520,3.354,6900
2020-10-28 09:36:17.520,3.354,2000
2020-10-28 09:36:17.520,3.354,400
2020-10-28 09:36:17.520,3.354,5000
2020-10-28 09:36:17.520,3.354,2000
2020-10-28 09:36:17.520,3.354,5800
2020-10-28 09:36:17.520,3.354,26700
2020-10-28 09:36:17.520,3.354,50000
2020-10-28 09:36:17.520,3.354,3500
2020-10-28 09:36:18.260,3.354,1000
2020-10-28 09:36:18.260,3.354,100
2020-10-28 09:36:18.760,3.354,48300
2020-10-28 09:36:19.050,3.354,50000
2020-10-28 09:36:19.510,3.354,800
2020-10-28 09:36:19.510,3.354,300
2020-10-28 09:36:20.030,3.354,18900
2020-10-28 09:36:20.540,3.354,50000
2020-10-28 09:36:21.160,3.354,1000
2020-10-28 09:36:22.640,3.354,50000
2020-10-28 09:36:23.420,3.354,4000
2020-10-28 09:36:25.050,3.355,6800
2020-10-28 09:36:25.050,3.355,2000
2020-10-28 09:36:25.050,3.355,10000
2020-10-28 09:36:25.050,3.355,6300
2020-10-28 09:36:25.050,3.355,1200
2020-10-28 09:36:25.050,3.355,19400
2020-10-28 09:36:25.050,3.355,22000
2020-10-28 09:36:25.050,3.355,100
2020-10-28 09:36:25.050,3.355,12000
2020-10-28 09:36:25.100,3.355,18000
2020-10-28 09:36:25.100,3.355,11000
2020-10-28 09:36:25.100,3.355,21000
2020-10-28 09:36:25.300,3.354,10000
2020-10-28 09:36:27.270,3.354,2000
2020-10-28 09:36:27.920,3.354,500
2020-10-28 09:36:29.480,3.355,200
2020-10-28 09:36:29.760,3.355,3400
2020-10-28 09:36:30.520,3.355,224100
2020-10-28 09:36:30.800,3.354,300
2020-10-28 09:36:31.590,3.355,1800
2020-10-28 09:36:31.740,3.355,1300
2020-10-28 09:36:32.590,3.354,2000
2020-10-28 09:36:32.620,3.354,35100
2020-10-28 09:36:33.310,3.355,900
2020-10-28 09:36:40.120,3.354,5000
2020-10-28 09:36:40.350,3.355,47300
2020-10-28 09:36:40.350,3.355,2100
2020-10-28 09:36:40.350,3.355,8200
2020-10-28 09:36:40.350,3.355,1000
2020-10-28 09:36:40.350,3.355,1000
2020-10-28 09:36:40.350,3.355,3600
2020-10-28 09:36:40.350,3.355,10000
2020-10-28 09:36:40.350,3.355,14900
2020-10-28 09:36:40.350,3.355,5000
2020-10-28 09:36:40.350,3.355,50000
2020-10-28 09:36:40.350,3.355,50000
2020-10-28 09:36:40.350,3.355,200
2020-10-28 09:36:40.350,3.355,10000
2020-10-28 09:36:40.350,3.355,3300
2020-10-28 09:36:40.350,3.355,900
2020-10-28 09:36:40.350,3.355,1400
2020-10-28 09:36:40.350,3.355,1000
2020-10-28 09:36:40.350,3.355,3000
2020-10-28 09:36:40.350,3.355,2500
2020-10-28 09:36:40.350,3.355,2900
2020-10-28 09:36:40.350,3.355,5000
2020-10-28 09:36:40.350,3.355,5100
2020-10-28 09:36:40.350,3.355,5000
2020-10-28 09:36:40.350,3.355,10000
2020-10-28 09:36:40.350,3.355,10000
2020-10-28 09:36:40.350,3.355,8000
2020-10-28 09:36:40.350,3.355,1000
2020-10-28 09:36:40.350,3.355,500
2020-10-28 09:36:40.350,3.355,3000
2020-10-28 09:36:40.350,3.355,10000
2020-10-28 09:36:40.350,3.355,6000
2020-10-28 09:36:40.350,3.355,10000
2020-10-28 09:36:40.350,3.355,4800
2020-10-28 09:36:40.350,3.355,3300
2020-10-28 09:36:41.300,3.354,30000
2020-10-28 09:36:41.500,3.355,1400
2020-10-28 09:36:41.500,3.355,5000
2020-10-28 09:36:41.500,3.355,20000
2020-10-28 09:36:41.500,3.355,300
2020-10-28 09:36:41.500,3.355,17900
2020-10-28 09:36:41.500,3.355,10000
2020-10-28 09:36:41.500,3.355,1000
2020-10-28 09:36:41.500,3.355,10000
2020-10-28 09:36:41.500,3.355,4000
2020-10-28 09:36:41.500,3.355,3000
2020-10-28 09:36:41.500,3.355,5000
2020-10-28 09:36:41.500,3.355,15000
2020-10-28 09:36:41.500,3.355,30000
2020-10-28 09:36:41.500,3.355,17400
2020-10-28 09:36:41.780,3.355,106800
2020-10-28 09:36:41.780,3.355,10000
2020-10-28 09:36:41.780,3.355,200
2020-10-28 09:36:41.780,3.355,15400
2020-10-28 09:36:46.410,3.355,3000
2020-10-28 09:36:47.770,3.355,10000
2020-10-28 09:36:50.200,3.355,134600
2020-10-28 09:36:50.200,3.355,500
2020-10-28 09:36:50.200,3.355,5000
2020-10-28 09:36:50.200,3.355,4400
2020-10-28 09:36:50.200,3.355,1500
2020-10-28 09:36:50.200,3.355,1000
2020-10-28 09:36:50.200,3.355,1000
2020-10-28 09:36:50.200,3.355,30000
2020-10-28 09:36:51.090,3.355,9700
2020-10-28 09:36:51.090,3.355,20300
2020-10-28 09:36:51.150,3.355,1700
2020-10-28 09:36:52.090,3.355,30000
2020-10-28 09:36:53.020,3.355,30000
2020-10-28 09:36:53.410,3.355,2700
2020-10-28 09:36:54.020,3.355,15300
2020-10-28 09:36:54.020,3.355,3200
2020-10-28 09:36:54.020,3.355,11500
2020-10-28 09:36:55.030,3.355,30000
2020-10-28 09:36:55.990,3.355,5000
2020-10-28 09:36:56.240,3.355,3000
2020-10-28 09:36:57.490,3.355,9800
2020-10-28 09:36:58.790,3.355,5000
2020-10-28 09:36:59.780,3.356,200
2020-10-28 09:36:59.780,3.356,200
2020-10-28 09:36:59.780,3.356,700
2020-10-28 09:36:59.780,3.356,10000
2020-10-28 09:36:59.780,3.356,35000
2020-10-28 09:36:59.780,3.356,1000
2020-10-28 09:36:59.780,3.356,700
2020-10-28 09:36:59.780,3.356,25000
2020-10-28 09:36:59.780,3.356,11000
2020-10-28 09:36:59.780,3.356,60000
2020-10-28 09:36:59.780,3.356,500
2020-10-28 09:36:59.780,3.356,5000
2020-10-28 09:36:59.780,3.356,1500
2020-10-28 09:36:59.780,3.356,30000
2020-10-28 09:36:59.780,3.356,50000
2020-10-28 09:36:59.780,3.356,10000
2020-10-28 09:36:59.780,3.356,1600
2020-10-28 09:36:59.780,3.356,2000
2020-10-28 09:36:59.780,3.356,15700
2020-10-28 09:36:59.780,3.356,10000
2020-10-28 09:36:59.780,3.356,2000
2020-10-28 09:36:59.780,3.356,5000
2020-10-28 09:36:59.780,3.356,1400
2020-10-28 09:36:59.780,3.356,15000
2020-10-28 09:36:59.780,3.356,200
2020-10-28 09:36:59.780,3.356,600
2020-10-28 09:36:59.780,3.356,5700
2020-10-28 09:36:59.840,3.355,5500
2020-10-28 09:36:59.840,3.355,1500
2020-10-28 09:37:00.430,3.355,5000
2020-10-28 09:37:01.450,3.356,4000
2020-10-28 09:37:01.660,3.356,10300
2020-10-28 09:37:01.660,3.356,9700
2020-10-28 09:37:01.660,3.356,200
2020-10-28 09:37:01.660,3.356,10000
2020-10-28 09:37:01.660,3.356,3000
2020-10-28 09:37:01.660,3.356,1000
2020-10-28 09:37:01.660,3.356,4000
2020-10-28 09:37:01.660,3.356,8000
2020-10-28 09:37:01.770,3.356,10000
2020-10-28 09:37:02.420,3.356,5000
2020-10-28 09:37:03.080,3.356,5000
2020-10-28 09:37:05.720,3.356,500
2020-10-28 09:37:06.060,3.356,5000
2020-10-28 09:37:08.160,3.356,100
2020-10-28 09:37:08.910,3.356,40000
2020-10-28 09:37:09.490,3.356,500
2020-10-28 09:37:10.140,3.357,7600
2020-10-28 09:37:10.140,3.357,3600
2020-10-28 09:37:10.360,3.356,187800
2020-10-28 09:37:10.360,3.356,70000
2020-10-28 09:37:10.360,3.356,42200
2020-10-28 09:37:10.640,3.356,69600
2020-10-28 09:37:10.640,3.356,30400
2020-10-28 09:37:10.640,3.356,20000
2020-10-28 09:37:11.200,3.356,39000
2020-10-28 09:37:13.320,3.356,79900
2020-10-28 09:37:14.210,3.356,112800
2020-10-28 09:37:14.240,3.355,4600
2020-10-28 09:37:14.240,3.355,5400
2020-10-28 09:37:15.540,3.356,51900
2020-10-28 09:37:15.560,3.356,500
2020-10-28 09:37:18.150,3.356,15900
2020-10-28 09:37:18.150,3.356,14100
2020-10-28 09:37:18.660,3.355,36700
2020-10-28 09:37:20.790,3.355,14300
2020-10-28 09:37:21.080,3.356,15400
2020-10-28 09:37:21.160,3.355,184600
2020-10-28 09:37:21.160,3.355,200
2020-10-28 09:37:21.160,3.355,5000
2020-10-28 09:37:21.160,3.355,3000
2020-10-28 09:37:21.680,3.355,1700
2020-10-28 09:37:22.300,3.355,5000
2020-10-28 09:37:23.550,3.355,30000
2020-10-28 09:37:23.610,3.355,800
2020-10-28 09:37:24.230,3.355,300000
2020-10-28 09:37:24.510,3.355,30000
2020-10-28 09:37:24.730,3.355,22900
2020-10-28 09:37:24.820,3.355,300000
2020-10-28 09:37:25.750,3.355,2000
2020-10-28 09:37:26.120,3.355,114800
2020-10-28 09:37:26.120,3.355,3000
2020-10-28 09:37:26.120,3.355,17700
2020-10-28 09:37:26.120,3.355,130100
2020-10-28 09:37:26.120,3.355,10000
2020-10-28 09:37:26.150,3.355,3000
2020-10-28 09:37:29.290,3.355,500
2020-10-28 09:37:29.570,3.355,3900
2020-10-28 09:37:29.570,3.355,11100
2020-10-28 09:37:30.870,3.355,10000
2020-10-28 09:37:31.560,3.355,20000
2020-10-28 09:37:31.560,3.355,61700
2020-10-28 09:37:31.960,3.355,10000
2020-10-28 09:37:33.350,3.356,4600
2020-10-28 09:37:34.840,3.355,1000
2020-10-28 09:37:34.840,3.355,9000
2020-10-28 09:37:35.200,3.356,3000
2020-10-28 09:37:35.610,3.355,1000
2020-10-28 09:37:36.110,3.355,12200
2020-10-28 09:37:36.320,3.356,1500
2020-10-28 09:37:37.290,3.355,1000
2020-10-28 09:37:38.440,3.356,15000
2020-10-28 09:37:39.290,3.355,10000
2020-10-28 09:37:39.420,3.355,6800
2020-10-28 09:37:39.420,3.355,10000
2020-10-28 09:37:39.420,3.355,3200
2020-10-28 09:37:39.950,3.355,200
2020-10-28 09:37:40.060,3.355,500
2020-10-28 09:37:41.140,3.355,10000
2020-10-28 09:37:41.540,3.356,20000
2020-10-28 09:37:47.910,3.355,286100
2020-10-28 09:37:47.910,3.355,13900
2020-10-28 09:37:48.150,3.355,10000
2020-10-28 09:37:51.450,3.356,11900
2020-10-28 09:37:51.480,3.355,6100
2020-10-28 09:37:51.480,3.355,43900
2020-10-28 09:37:51.980,3.356,14500
2020-10-28 09:37:51.980,3.356,10000
2020-10-28 09:37:51.980,3.356,5000
2020-10-28 09:37:51.980,3.356,120600
2020-10-28 09:37:51.980,3.356,30000
2020-10-28 09:37:51.980,3.356,10000
2020-10-28 09:37:51.980,3.356,50000
2020-10-28 09:37:51.980,3.356,59900
2020-10-28 09:37:52.010,3.356,10000
2020-10-28 09:37:52.210,3.356,30100
2020-10-28 09:37:52.210,3.356,75000
2020-10-28 09:37:52.210,3.356,1800
2020-10-28 09:37:52.210,3.356,6800
2020-10-28 09:37:52.210,3.356,10800
2020-10-28 09:37:52.210,3.356,10000
2020-10-28 09:37:52.210,3.356,1600
2020-10-28 09:37:52.210,3.356,800
2020-10-28 09:37:52.210,3.356,5000
2020-10-28 09:37:54.140,3.357,6400
2020-10-28 09:37:54.140,3.357,5400
2020-10-28 09:37:55.060,3.356,3000
2020-10-28 09:37:57.460,3.357,5600
2020-10-28 09:37:57.460,3.357,3900
2020-10-28 09:37:57.490,3.357,96100
2020-10-28 09:37:57.490,3.357,100
2020-10-28 09:37:57.490,3.357,6200
2020-10-28 09:37:57.490,3.357,13400
2020-10-28 09:37:57.490,3.357,5000
2020-10-28 09:37:57.490,3.357,5000
2020-10-28 09:37:57.490,3.357,3100
2020-10-28 09:37:57.490,3.357,50000
2020-10-28 09:37:57.490,3.357,10000
2020-10-28 09:37:57.490,3.357,4000
2020-10-28 09:37:57.490,3.357,5000
2020-10-28 09:37:57.490,3.357,2000
2020-10-28 09:37:57.490,3.357,3500
2020-10-28 09:37:57.490,3.357,30000
2020-10-28 09:37:57.490,3.357,1700
2020-10-28 09:37:57.490,3.357,1000
2020-10-28 09:37:57.490,3.357,100
2020-10-28 09:37:57.490,3.357,5000
2020-10-28 09:37:57.490,3.357,14600
2020-10-28 09:37:57.490,3.357,10000
2020-10-28 09:37:57.490,3.357,8700
2020-10-28 09:37:57.490,3.357,5000
2020-10-28 09:37:57.490,3.357,300
2020-10-28 09:37:57.490,3.357,17500
2020-10-28 09:37:57.490,3.357,3000
2020-10-28 09:37:57.490,3.357,4000
2020-10-28 09:37:57.490,3.357,10000
2020-10-28 09:37:57.490,3.357,100
2020-10-28 09:37:57.490,3.357,75000
2020-10-28 09:37:57.490,3.357,700
2020-10-28 09:37:57.490,3.357,3000
2020-10-28 09:37:57.490,3.357,4300
2020-10-28 09:37:57.490,3.357,6000
2020-10-28 09:37:57.490,3.357,10000
2020-10-28 09:37:57.630,3.357,2000
2020-10-28 09:37:57.850,3.357,20000
2020-10-28 09:37:58.660,3.358,2000
2020-10-28 09:37:58.660,3.358,7400
2020-10-28 09:38:00.000,3.357,50000
2020-10-28 09:38:00.540,3.358,500
2020-10-28 09:38:00.620,3.358,2100
2020-10-28 09:38:00.620,3.358,9800
2020-10-28 09:38:01.720,3.358,200
2020-10-28 09:38:01.720,3.358,3800
2020-10-28 09:38:01.820,3.357,700
2020-10-28 09:38:02.760,3.358,1200
2020-10-28 09:38:02.760,3.358,11000
2020-10-28 09:38:02.760,3.358,3000
2020-10-28 09:38:02.760,3.358,5000
2020-10-28 09:38:02.760,3.358,10000
2020-10-28 09:38:02.760,3.358,8000
2020-10-28 09:38:02.760,3.358,2000
2020-10-28 09:38:02.760,3.358,20000
2020-10-28 09:38:02.760,3.358,800
2020-10-28 09:38:02.760,3.358,5000
2020-10-28 09:38:02.760,3.358,10000
2020-10-28 09:38:02.760,3.358,50000
2020-10-28 09:38:02.760,3.358,10000
2020-10-28 09:38:02.760,3.358,10900
2020-10-28 09:38:02.760,3.358,10000
2020-10-28 09:38:02.760,3.358,10000
2020-10-28 09:38:02.760,3.358,10000
2020-10-28 09:38:02.760,3.358,15000
2020-10-28 09:38:02.760,3.358,2000
2020-10-28 09:38:02.760,3.358,3000
2020-10-28 09:38:02.760,3.358,500
2020-10-28 09:38:02.760,3.358,3000
2020-10-28 09:38:02.760,3.358,16400
2020-10-28 09:38:02.760,3.358,4400
2020-10-28 09:38:02.760,3.358,11200
2020-10-28 09:38:02.760,3.358,2000
2020-10-28 09:38:02.760,3.358,1000
2020-10-28 09:38:02.760,3.358,10000
2020-10-28 09:38:02.760,3.358,100
2020-10-28 09:38:02.760,3.358,7000
2020-10-28 09:38:02.760,3.358,3000
2020-10-28 09:38:02.760,3.358,5000
2020-10-28 09:38:02.760,3.358,10000
2020-10-28 09:38:02.760,3.358,6100
2020-10-28 09:38:02.760,3.358,600
2020-10-28 09:38:02.760,3.358,6000
2020-10-28 09:38:02.760,3.358,30000
2020-10-28 09:38:02.760,3.358,1000
2020-10-28 09:38:02.760,3.358,50100
2020-10-28 09:38:02.760,3.358,36100
2020-10-28 09:38:02.760,3.358,6000
2020-10-28 09:38:03.390,3.358,7900
2020-10-28 09:38:03.390,3.358,4000
2020-10-28 09:38:03.630,3.358,71000
2020-10-28 09:38:03.950,3.358,3000
2020-10-28 09:38:04.380,3.358,100000
2020-10-28 09:38:05.080,3.358,1000
2020-10-28 09:38:05.080,3.359,1000
2020-10-28 09:38:05.080,3.359,9400
2020-10-28 09:38:05.190,3.358,50000
2020-10-28 09:38:05.360,3.359,10400
2020-10-28 09:38:05.630,3.359,5500
2020-10-28 09:38:06.520,3.358,2000
2020-10-28 09:38:06.600,3.359,6900
2020-10-28 09:38:06.690,3.358,73000
2020-10-28 09:38:06.690,3.358,45200
2020-10-28 09:38:06.710,3.359,6800
2020-10-28 09:38:08.560,3.359,93700
2020-10-28 09:38:08.560,3.359,5000
2020-10-28 09:38:08.560,3.359,10000
2020-10-28 09:38:08.560,3.359,11100
2020-10-28 09:38:08.560,3.359,14000
2020-10-28 09:38:08.560,3.359,1000
2020-10-28 09:38:08.560,3.359,3000
2020-10-28 09:38:08.560,3.359,145400
2020-10-28 09:38:08.560,3.359,16900
2020-10-28 09:38:08.560,3.359,1000
2020-10-28 09:38:08.560,3.359,1000
2020-10-28 09:38:08.640,3.358,1000
2020-10-28 09:38:10.910,3.358,20000
2020-10-28 09:38:11.300,3.359,19200
2020-10-28 09:38:11.300,3.359,2000
2020-10-28 09:38:11.300,3.359,11000
2020-10-28 09:38:11.300,3.359,500
2020-10-28 09:38:11.300,3.359,3000
2020-10-28 09:38:11.300,3.359,5000
2020-10-28 09:38:11.300,3.359,100
2020-10-28 09:38:11.300,3.359,2000
2020-10-28 09:38:11.300,3.359,5000
2020-10-28 09:38:11.300,3.359,5000
2020-10-28 09:38:11.300,3.359,400
2020-10-28 09:38:11.300,3.359,50000
2020-10-28 09:38:11.300,3.359,50000
2020-10-28 09:38:11.300,3.359,200
2020-10-28 09:38:11.300,3.359,1000
2020-10-28 09:38:11.300,3.359,1200
2020-10-28 09:38:11.300,3.359,1000
2020-10-28 09:38:11.300,3.359,3000
2020-10-28 09:38:11.300,3.359,300
2020-10-28 09:38:11.300,3.359,6000
2020-10-28 09:38:11.300,3.359,2000
2020-10-28 09:38:11.300,3.359,4300
2020-10-28 09:38:11.300,3.359,500
2020-10-28 09:38:11.300,3.359,30000
2020-10-28 09:38:11.300,3.359,2900
2020-10-28 09:38:11.300,3.359,30000
2020-10-28 09:38:11.300,3.359,50000
2020-10-28 09:38:11.300,3.359,2000
2020-10-28 09:38:11.300,3.359,100000
2020-10-28 09:38:11.620,3.359,200
2020-10-28 09:38:11.760,3.359,40000
2020-10-28 09:38:12.530,3.359,30000
2020-10-28 09:38:12.530,3.359,40000
2020-10-28 09:38:12.530,3.36,5000
2020-10-28 09:38:12.530,3.36,9000
2020-10-28 09:38:12.530,3.36,5000
2020-10-28 09:38:12.530,3.36,10000
2020-10-28 09:38:12.530,3.36,2000
2020-10-28 09:38:12.530,3.36,10000
2020-10-28 09:38:12.530,3.36,3000
2020-10-28 09:38:12.530,3.36,300
2020-10-28 09:38:12.530,3.36,1000
2020-10-28 09:38:12.530,3.36,100
2020-10-28 09:38:12.530,3.36,200
2020-10-28 09:38:12.530,3.36,500
2020-10-28 09:38:12.530,3.36,10000
2020-10-28 09:38:12.530,3.36,6000
2020-10-28 09:38:12.530,3.36,500
2020-10-28 09:38:12.530,3.36,11000
2020-10-28 09:38:12.530,3.36,1100
2020-10-28 09:38:12.530,3.36,100000
2020-10-28 09:38:12.530,3.36,200
2020-10-28 09:38:12.530,3.36,3000
2020-10-28 09:38:12.530,3.36,25000
2020-10-28 09:38:12.530,3.36,10000
2020-10-28 09:38:12.530,3.36,15000
2020-10-28 09:38:12.530,3.36,100
2020-10-28 09:38:12.530,3.36,2900
2020-10-28 09:38:12.530,3.36,1500
2020-10-28 09:38:12.530,3.36,100000
2020-10-28 09:38:12.530,3.36,30000
2020-10-28 09:38:12.530,3.36,5000
2020-10-28 09:38:12.530,3.36,1500
2020-10-28 09:38:12.530,3.36,20000
2020-10-28 09:38:12.530,3.36,10000
2020-10-28 09:38:12.530,3.36,20000
2020-10-28 09:38:12.530,3.36,800
2020-10-28 09:38:12.530,3.36,300
2020-10-28 09:38:12.530,3.36,3000
2020-10-28 09:38:12.530,3.36,9200
2020-10-28 09:38:12.530,3.36,10000
2020-10-28 09:38:12.530,3.36,1900
2020-10-28 09:38:12.530,3.36,100
2020-10-28 09:38:12.530,3.36,10000
2020-10-28 09:38:12.530,3.36,50000
2020-10-28 09:38:12.530,3.36,100
2020-10-28 09:38:12.530,3.36,10000
2020-10-28 09:38:12.530,3.36,40000
2020-10-28 09:38:12.530,3.36,30000
2020-10-28 09:38:12.530,3.36,20000
2020-10-28 09:38:12.530,3.36,5000
2020-10-28 09:38:12.530,3.361,3100
2020-10-28 09:38:12.530,3.361,3100
2020-10-28 09:38:12.530,3.361,10000
2020-10-28 09:38:12.530,3.361,1000
2020-10-28 09:38:12.530,3.361,500
2020-10-28 09:38:12.530,3.361,10500
2020-10-28 09:38:12.530,3.361,20000
2020-10-28 09:38:12.530,3.361,5000
2020-10-28 09:38:12.530,3.361,100000
2020-10-28 09:38:12.530,3.361,11000
2020-10-28 09:38:12.530,3.361,20000
2020-10-28 09:38:12.530,3.361,36500
2020-10-28 09:38:12.810,3.359,5000
2020-10-28 09:38:13.290,3.359,3800
2020-10-28 09:38:13.860,3.359,1200
2020-10-28 09:38:13.860,3.359,4000
2020-10-28 09:38:13.860,3.359,30000
2020-10-28 09:38:13.860,3.359,50000
2020-10-28 09:38:13.860,3.359,3500
2020-10-28 09:38:14.560,3.359,10000
2020-10-28 09:38:14.640,3.36,3000
2020-10-28 09:38:14.760,3.36,3700
2020-10-28 09:38:14.760,3.36,3700
2020-10-28 09:38:15.040,3.359,50000
2020-10-28 09:38:15.810,3.359,1000
2020-10-28 09:38:16.260,3.36,11700
2020-10-28 09:38:16.370,3.36,11700
2020-10-28 09:38:16.840,3.36,1000
2020-10-28 09:38:17.420,3.359,24100
2020-10-28 09:38:17.530,3.359,500
2020-10-28 09:38:17.580,3.359,30000
2020-10-28 09:38:17.800,3.36,11800
2020-10-28 09:38:17.960,3.359,100
2020-10-28 09:38:18.020,3.36,11800
2020-10-28 09:38:19.100,3.359,30000
2020-10-28 09:38:19.560,3.36,6000
2020-10-28 09:38:20.350,3.36,300
2020-10-28 09:38:20.820,3.359,1000
2020-10-28 09:38:20.990,3.359,40000
2020-10-28 09:38:21.450,3.359,4300
2020-10-28 09:38:21.450,3.359,6300
2020-10-28 09:38:21.450,3.359,2900
2020-10-28 09:38:22.510,3.359,7100
2020-10-28 09:38:22.510,3.359,2900
2020-10-28 09:38:23.460,3.359,7100
2020-10-28 09:38:23.460,3.359,1000
2020-10-28 09:38:23.460,3.359,300
2020-10-28 09:38:24.470,3.359,5800
2020-10-28 09:38:24.620,3.358,100900
2020-10-28 09:38:24.710,3.358,2000
2020-10-28 09:38:24.860,3.358,2800
2020-10-28 09:38:26.600,3.358,3000
2020-10-28 09:38:27.030,3.358,10000
2020-10-28 09:38:27.290,3.358,10000
2020-10-28 09:38:27.610,3.358,17700
2020-10-28 09:38:28.110,3.358,9400
2020-10-28 09:38:28.890,3.357,1000
2020-10-28 09:38:28.890,3.357,1000
2020-10-28 09:38:28.890,3.357,2000
2020-10-28 09:38:29.490,3.358,30000
2020-10-28 09:38:29.540,3.358,300
2020-10-28 09:38:29.680,3.358,2700
2020-10-28 09:38:29.870,3.358,16500
2020-10-28 09:38:29.930,3.357,10000
2020-10-28 09:38:30.090,3.358,23100
2020-10-28 09:38:30.180,3.358,9500
2020-10-28 09:38:30.230,3.358,30000
2020-10-28 09:38:31.640,3.358,11900
2020-10-28 09:38:31.720,3.357,400000
2020-10-28 09:38:31.970,3.357,63000
2020-10-28 09:38:32.080,3.358,15400
2020-10-28 09:38:32.270,3.358,1000
2020-10-28 09:38:32.550,3.357,90000
2020-10-28 09:38:32.970,3.358,3800
2020-10-28 09:38:32.970,3.358,1200
2020-10-28 09:38:33.270,3.358,11900
2020-10-28 09:38:34.450,3.358,1400
2020-10-28 09:38:34.510,3.357,3300
2020-10-28 09:38:34.510,3.356,6700
2020-10-28 09:38:34.740,3.357,2000
2020-10-28 09:38:34.970,3.357,200
2020-10-28 09:38:35.170,3.357,23600
2020-10-28 09:38:35.170,3.358,16400
2020-10-28 09:38:35.340,3.358,600
2020-10-28 09:38:35.640,3.358,11800
2020-10-28 09:38:35.700,3.358,18200
2020-10-28 09:38:35.700,3.358,13300
2020-10-28 09:38:35.820,3.358,4200
2020-10-28 09:38:36.320,3.357,10000
2020-10-28 09:38:36.320,3.358,5000
2020-10-28 09:38:37.650,3.357,100
2020-10-28 09:38:38.420,3.357,1700
2020-10-28 09:38:38.420,3.357,4300
2020-10-28 09:38:41.810,3.357,5700
2020-10-28 09:38:41.810,3.357,21600
2020-10-28 09:38:41.810,3.357,22700
2020-10-28 09:38:42.100,3.357,10000
2020-10-28 09:38:42.270,3.357,17300
2020-10-28 09:38:42.270,3.357,6000
2020-10-28 09:38:42.270,3.358,5000
2020-10-28 09:38:42.270,3.358,200
2020-10-28 09:38:42.270,3.358,6800
2020-10-28 09:38:42.270,3.358,500
2020-10-28 09:38:42.270,3.358,28300
2020-10-28 09:38:42.270,3.358,5000
2020-10-28 09:38:42.270,3.358,2900
2020-10-28 09:38:42.270,3.358,128000
2020-10-28 09:38:42.650,3.358,34500
2020-10-28 09:38:42.790,3.358,11900
2020-10-28 09:38:43.040,3.356,600
2020-10-28 09:38:43.850,3.357,50000
2020-10-28 09:38:44.660,3.357,50000
2020-10-28 09:38:45.130,3.357,10300
2020-10-28 09:38:45.460,3.357,2000
2020-10-28 09:38:45.890,3.357,2000
2020-10-28 09:38:47.780,3.358,1500
2020-10-28 09:38:48.460,3.357,1000
2020-10-28 09:38:48.600,3.357,3000
2020-10-28 09:38:48.710,3.357,1500
2020-10-28 09:38:51.380,3.357,10000
2020-10-28 09:38:51.600,3.358,2100
2020-10-28 09:38:51.950,3.357,50000
2020-10-28 09:38:52.160,3.358,2000
2020-10-28 09:38:52.500,3.357,10000
2020-10-28 09:38:52.890,3.357,2000
2020-10-28 09:38:53.510,3.357,90000
2020-10-28 09:38:54.110,3.357,18200
2020-10-28 09:38:54.110,3.357,10000
2020-10-28 09:38:54.110,3.357,2000
2020-10-28 09:38:54.570,3.356,10000
2020-10-28 09:38:55.400,3.356,2000
2020-10-28 09:38:55.940,3.357,6800
2020-10-28 09:38:56.490,3.356,100000
2020-10-28 09:38:56.490,3.356,35900
2020-10-28 09:38:56.490,3.356,1500
2020-10-28 09:38:56.490,3.356,12600
2020-10-28 09:38:57.490,3.356,11600
2020-10-28 09:38:57.490,3.356,100
2020-10-28 09:38:57.490,3.356,10000
2020-10-28 09:38:57.490,3.356,11600
2020-10-28 09:38:57.490,3.356,3000
2020-10-28 09:38:57.490,3.356,5000
2020-10-28 09:38:57.600,3.356,2000
2020-10-28 09:38:58.690,3.355,100
2020-10-28 09:38:59.480,3.355,900
2020-10-28 09:38:59.480,3.355,900
2020-10-28 09:38:59.480,3.355,3000
2020-10-28 09:38:59.480,3.355,10000
2020-10-28 09:38:59.480,3.355,900
2020-10-28 09:38:59.480,3.355,900
2020-10-28 09:38:59.480,3.355,2000
2020-10-28 09:38:59.480,3.355,1400
2020-10-28 09:38:59.960,3.355,3500
2020-10-28 09:38:59.960,3.355,500
2020-10-28 09:38:59.960,3.355,1000
2020-10-28 09:38:59.960,3.355,4000
2020-10-28 09:39:01.020,3.355,300
2020-10-28 09:39:01.550,3.354,15100
2020-10-28 09:39:01.940,3.355,5000
2020-10-28 09:39:04.690,3.355,10000
2020-10-28 09:39:05.120,3.355,275700
2020-10-28 09:39:05.120,3.355,140800
2020-10-28 09:39:05.460,3.356,20000
2020-10-28 09:39:05.760,3.355,2000
2020-10-28 09:39:09.760,3.355,10000
2020-10-28 09:39:10.260,3.356,700
2020-10-28 09:39:10.450,3.355,70000
2020-10-28 09:39:11.530,3.355,70000
2020-10-28 09:39:11.530,3.355,10000
2020-10-28 09:39:11.530,3.355,50000
2020-10-28 09:39:11.530,3.355,100000
2020-10-28 09:39:11.530,3.355,90000
2020-10-28 09:39:11.530,3.355,2600
2020-10-28 09:39:12.060,3.355,78900
2020-10-28 09:39:13.560,3.355,1500
2020-10-28 09:39:14.920,3.354,80000
2020-10-28 09:39:15.860,3.355,1000
2020-10-28 09:39:17.210,3.355,500
2020-10-28 09:39:17.210,3.355,2500
2020-10-28 09:39:17.540,3.354,900
2020-10-28 09:39:18.050,3.355,22000
2020-10-28 09:39:20.710,3.355,2000
2020-10-28 09:39:21.630,3.355,10000
2020-10-28 09:39:21.680,3.354,14800
2020-10-28 09:39:21.680,3.354,45200
2020-10-28 09:39:23.630,3.355,5300
2020-10-28 09:39:24.480,3.355,1500
2020-10-28 09:39:24.680,3.355,500
2020-10-28 09:39:25.520,3.355,80000
2020-10-28 09:39:26.900,3.354,10200
2020-10-28 09:39:26.900,3.354,5000
2020-10-28 09:39:26.900,3.354,10000
2020-10-28 09:39:26.900,3.354,5000
2020-10-28 09:39:26.900,3.354,10000
2020-10-28 09:39:26.900,3.354,30000
2020-10-28 09:39:26.900,3.354,100
2020-10-28 09:39:26.900,3.354,11000
2020-10-28 09:39:26.900,3.354,1600
2020-10-28 09:39:26.900,3.354,15000
2020-10-28 09:39:26.900,3.353,5000
2020-10-28 09:39:26.900,3.353,4500
2020-10-28 09:39:26.900,3.353,10000
2020-10-28 09:39:26.900,3.353,1600
2020-10-28 09:39:26.900,3.353,800
2020-10-28 09:39:26.900,3.353,180200
2020-10-28 09:39:27.470,3.354,300
2020-10-28 09:39:29.250,3.355,100
2020-10-28 09:39:30.170,3.355,2500
2020-10-28 09:39:33.260,3.354,7300
2020-10-28 09:39:33.260,3.354,30000
2020-10-28 09:39:33.660,3.354,1600
2020-10-28 09:39:36.560,3.354,10000
2020-10-28 09:39:36.560,3.354,2000
2020-10-28 09:39:36.560,3.354,5000
2020-10-28 09:39:36.750,3.354,83000
2020-10-28 09:39:38.010,3.354,1200
2020-10-28 09:39:39.080,3.355,198100
2020-10-28 09:39:39.080,3.355,600
2020-10-28 09:39:39.080,3.355,400
2020-10-28 09:39:39.080,3.355,25500
2020-10-28 09:39:39.080,3.355,5300
2020-10-28 09:39:39.080,3.355,20000
2020-10-28 09:39:39.080,3.355,17200
2020-10-28 09:39:39.080,3.355,15000
2020-10-28 09:39:39.080,3.355,400
2020-10-28 09:39:39.080,3.355,8000
2020-10-28 09:39:39.080,3.355,9500
2020-10-28 09:39:39.990,3.354,17300
2020-10-28 09:39:40.650,3.354,10000
2020-10-28 09:39:41.070,3.355,40000
2020-10-28 09:39:44.030,3.355,40000
2020-10-28 09:39:44.110,3.355,10500
2020-10-28 09:39:44.110,3.355,50000
2020-10-28 09:39:44.110,3.355,100
2020-10-28 09:39:44.110,3.355,39400
2020-10-28 09:39:44.400,3.355,50000
2020-10-28 09:39:44.970,3.355,8800
2020-10-28 09:39:45.000,3.355,8900
2020-10-28 09:39:45.780,3.354,100
2020-10-28 09:39:46.250,3.355,8900
2020-10-28 09:39:46.880,3.355,5100
2020-10-28 09:39:46.880,3.355,3800
2020-10-28 09:39:47.230,3.355,100
2020-10-28 09:39:48.020,3.355,117100
2020-10-28 09:39:48.020,3.355,50000
2020-10-28 09:39:48.020,3.355,50000
2020-10-28 09:39:48.590,3.355,32800
2020-10-28 09:39:48.590,3.355,400
2020-10-28 09:39:49.610,3.354,40000
2020-10-28 09:39:49.610,3.354,5000
2020-10-28 09:39:49.610,3.354,100
2020-10-28 09:39:52.290,3.353,11000
2020-10-28 09:39:52.290,3.353,2300
2020-10-28 09:39:52.290,3.353,40000
2020-10-28 09:39:54.290,3.353,1600
2020-10-28 09:39:54.520,3.353,16100
2020-10-28 09:39:54.550,3.353,9400
2020-10-28 09:39:54.760,3.353,1800
2020-10-28 09:39:54.810,3.353,6500
2020-10-28 09:39:55.090,3.353,10000
2020-10-28 09:39:55.210,3.353,12000
2020-10-28 09:39:55.950,3.353,2700
2020-10-28 09:39:56.770,3.353,9500
2020-10-28 09:39:58.850,3.353,230400
2020-10-28 09:39:58.850,3.353,69600
2020-10-28 09:39:59.000,3.353,2400
2020-10-28 09:39:59.800,3.352,9000
2020-10-28 09:40:01.230,3.352,1000
2020-10-28 09:40:02.690,3.352,20000
2020-10-28 09:40:02.690,3.352,10000
2020-10-28 09:40:02.690,3.352,30000
2020-10-28 09:40:02.690,3.352,6000
2020-10-28 09:40:02.690,3.352,800
2020-10-28 09:40:02.690,3.352,11000
2020-10-28 09:40:02.690,3.352,1000
2020-10-28 09:40:02.690,3.352,200
2020-10-28 09:40:02.690,3.352,10000
2020-10-28 09:40:02.690,3.352,11000
2020-10-28 09:40:03.600,3.353,5600
2020-10-28 09:40:06.340,3.352,14700
2020-10-28 09:40:06.730,3.352,2200
2020-10-28 09:40:06.990,3.352,40000
2020-10-28 09:40:07.980,3.352,2200
2020-10-28 09:40:08.390,3.352,1200
2020-10-28 09:40:10.030,3.352,9000
2020-10-28 09:40:10.290,3.352,180000
2020-10-28 09:40:10.390,3.352,50700
2020-10-28 09:40:10.390,3.352,2000
2020-10-28 09:40:10.390,3.352,2200
2020-10-28 09:40:10.520,3.352,5000
2020-10-28 09:40:10.640,3.352,9100
2020-10-28 09:40:11.470,3.353,5000
2020-10-28 09:40:11.470,3.353,4000
2020-10-28 09:40:11.470,3.353,1000
2020-10-28 09:40:11.470,3.353,5000
2020-10-28 09:40:11.760,3.353,8300
2020-10-28 09:40:12.890,3.353,16700
2020-10-28 09:40:13.330,3.352,7000
2020-10-28 09:40:13.740,3.352,2700
2020-10-28 09:40:14.050,3.353,40000
2020-10-28 09:40:14.530,3.353,3300
2020-10-28 09:40:17.280,3.353,50000
2020-10-28 09:40:17.740,3.353,800
2020-10-28 09:40:20.580,3.353,2000
2020-10-28 09:40:21.550,3.354,200
2020-10-28 09:40:21.580,3.354,11800
2020-10-28 09:40:23.060,3.353,3000
2020-10-28 09:40:24.080,3.353,600
2020-10-28 09:40:25.460,3.353,3200
2020-10-28 09:40:26.470,3.353,20000
2020-10-28 09:40:27.490,3.354,1500
2020-10-28 09:40:27.960,3.353,3000
2020-10-28 09:40:30.270,3.353,200
2020-10-28 09:40:30.270,3.353,7400
2020-10-28 09:40:30.270,3.353,2000
2020-10-28 09:40:31.230,3.354,7500
2020-10-28 09:40:33.370,3.353,3000
2020-10-28 09:40:33.370,3.353,300
2020-10-28 09:40:33.370,3.353,3000
2020-10-28 09:40:35.860,3.353,13600
2020-10-28 09:40:36.560,3.352,7000
2020-10-28 09:40:36.980,3.353,28100
2020-10-28 09:40:37.540,3.354,10000
2020-10-28 09:40:40.010,3.353,1700
2020-10-28 09:40:40.400,3.354,269000
2020-10-28 09:40:40.400,3.354,3000
2020-10-28 09:40:40.400,3.354,8900
2020-10-28 09:40:40.400,3.354,400
2020-10-28 09:40:40.400,3.354,8700
2020-10-28 09:40:40.460,3.354,116400
2020-10-28 09:40:40.460,3.354,24000
2020-10-28 09:40:40.460,3.354,2000
2020-10-28 09:40:41.510,3.355,266800
2020-10-28 09:40:41.510,3.355,10500
2020-10-28 09:40:41.510,3.355,1300
2020-10-28 09:40:41.510,3.355,16300
2020-10-28 09:40:41.510,3.355,19800
2020-10-28 09:40:43.300,3.354,8000
2020-10-28 09:40:43.380,3.354,37300
2020-10-28 09:40:46.730,3.356,5000
2020-10-28 09:40:48.650,3.356,500
2020-10-28 09:40:50.240,3.354,10000
2020-10-28 09:40:50.420,3.355,100
2020-10-28 09:40:50.500,3.356,15000
2020-10-28 09:40:50.840,3.355,4900
2020-10-28 09:40:50.840,3.354,19100
2020-10-28 09:40:52.270,3.355,300
2020-10-28 09:40:54.920,3.355,4700
2020-10-28 09:40:56.150,3.355,5300
2020-10-28 09:40:56.150,3.355,6200
2020-10-28 09:40:56.150,3.355,38500
2020-10-28 09:40:57.610,3.356,600
2020-10-28 09:40:59.180,3.356,5900
2020-10-28 09:40:59.180,3.356,209000
2020-10-28 09:40:59.180,3.356,2000
2020-10-28 09:40:59.180,3.356,3300
2020-10-28 09:41:04.330,3.355,200
2020-10-28 09:41:05.210,3.356,5000
2020-10-28 09:41:05.810,3.355,24000
2020-10-28 09:41:06.010,3.356,8500
2020-10-28 09:41:06.270,3.355,5000
2020-10-28 09:41:06.430,3.356,3900
2020-10-28 09:41:07.530,3.356,1200
2020-10-28 09:41:07.850,3.356,3000
2020-10-28 09:41:09.160,3.355,1900
2020-10-28 09:41:14.630,3.355,2700
2020-10-28 09:41:14.630,3.355,300
2020-10-28 09:41:17.300,3.355,5000
2020-10-28 09:41:17.300,3.355,3000
2020-10-28 09:41:17.950,3.354,1600
2020-10-28 09:41:17.950,3.354,20000
2020-10-28 09:41:17.950,3.354,300
2020-10-28 09:41:17.950,3.354,1900
2020-10-28 09:41:18.770,3.355,200
2020-10-28 09:41:19.120,3.355,20000
2020-10-28 09:41:19.660,3.355,1200
2020-10-28 09:41:19.690,3.354,5000
2020-10-28 09:41:23.080,3.355,3000
2020-10-28 09:41:25.320,3.354,900
2020-10-28 09:41:25.510,3.355,28300
2020-10-28 09:41:25.510,3.355,50000
2020-10-28 09:41:25.510,3.355,10000
2020-10-28 09:41:25.510,3.355,20000
2020-10-28 09:41:25.510,3.355,100
2020-10-28 09:41:25.510,3.355,117600
2020-10-28 09:41:25.510,3.355,42000
2020-10-28 09:41:25.510,3.355,32000
2020-10-28 09:41:27.470,3.354,500
2020-10-28 09:41:27.470,3.355,8400
2020-10-28 09:41:35.700,3.355,5000
2020-10-28 09:41:35.980,3.355,600
2020-10-28 09:41:35.980,3.355,2400
2020-10-28 09:41:36.350,3.355,4000
2020-10-28 09:41:40.030,3.355,1800
2020-10-28 09:41:41.120,3.355,3000
2020-10-28 09:41:41.200,3.355,5200
2020-10-28 09:41:41.200,3.355,1000
2020-10-28 09:41:41.200,3.355,3800
2020-10-28 09:41:41.420,3.355,2900
2020-10-28 09:41:41.420,3.355,5000
2020-10-28 09:41:41.420,3.355,400
2020-10-28 09:41:41.420,3.355,5000
2020-10-28 09:41:41.420,3.355,43600
2020-10-28 09:41:41.420,3.355,100
2020-10-28 09:41:41.420,3.355,10000
2020-10-28 09:41:42.500,3.355,15000
2020-10-28 09:41:42.530,3.356,1000
2020-10-28 09:41:43.390,3.355,43800
2020-10-28 09:41:43.470,3.355,10000
2020-10-28 09:41:44.430,3.355,1000
2020-10-28 09:41:44.490,3.356,2500
2020-10-28 09:41:45.220,3.355,3800
2020-10-28 09:41:46.260,3.356,1600
2020-10-28 09:41:46.260,3.356,1000
2020-10-28 09:41:46.260,3.356,10000
2020-10-28 09:41:46.260,3.356,2400
2020-10-28 09:41:46.260,3.356,600
2020-10-28 09:41:46.260,3.356,10000
2020-10-28 09:41:46.260,3.356,1000
2020-10-28 09:41:46.260,3.356,81700
2020-10-28 09:41:46.260,3.356,400
2020-10-28 09:41:46.260,3.356,400
2020-10-28 09:41:46.260,3.356,10000
2020-10-28 09:41:46.260,3.356,10000
2020-10-28 09:41:46.260,3.356,10000
2020-10-28 09:41:46.260,3.356,5000
2020-10-28 09:41:46.260,3.356,1000
2020-10-28 09:41:46.260,3.356,24000
2020-10-28 09:41:46.260,3.356,4300
2020-10-28 09:41:46.260,3.356,3000
2020-10-28 09:41:46.260,3.356,1500
2020-10-28 09:41:46.260,3.356,5000
2020-10-28 09:41:46.260,3.356,10000
2020-10-28 09:41:46.260,3.356,30000
2020-10-28 09:41:46.260,3.356,33200
2020-10-28 09:41:46.450,3.356,16800
2020-10-28 09:41:47.510,3.356,12000
2020-10-28 09:41:48.140,3.356,50000
2020-10-28 09:41:48.700,3.356,221200
2020-10-28 09:41:48.700,3.356,78800
2020-10-28 09:41:49.570,3.356,1000
2020-10-28 09:41:50.660,3.356,1500
2020-10-28 09:41:50.970,3.357,263000
2020-10-28 09:41:50.970,3.357,5000
2020-10-28 09:41:50.970,3.357,3000
2020-10-28 09:41:50.970,3.357,10000
2020-10-28 09:41:50.970,3.357,100
2020-10-28 09:41:50.970,3.357,18900
2020-10-28 09:41:50.970,3.356,100
2020-10-28 09:41:51.310,3.357,181100
2020-10-28 09:41:51.310,3.357,1600
2020-10-28 09:41:51.310,3.357,20000
2020-10-28 09:41:51.310,3.357,2000
2020-10-28 09:41:51.310,3.357,10000
2020-10-28 09:41:51.310,3.357,10100
2020-10-28 09:41:51.310,3.357,3000
2020-10-28 09:41:51.310,3.357,50000
2020-10-28 09:41:51.310,3.357,22200
2020-10-28 09:41:51.420,3.356,188600
2020-10-28 09:41:51.420,3.356,5000
2020-10-28 09:41:51.420,3.356,300000
2020-10-28 09:41:51.420,3.356,500
2020-10-28 09:41:51.420,3.356,5900
2020-10-28 09:41:51.660,3.356,1500
2020-10-28 09:41:51.750,3.357,37800
2020-10-28 09:41:51.750,3.357,50000
2020-10-28 09:41:53.170,3.357,50000
2020-10-28 09:41:53.280,3.357,21600
2020-10-28 09:41:53.280,3.356,58400
2020-10-28 09:41:54.160,3.357,14900
2020-10-28 09:41:54.460,3.356,100000
2020-10-28 09:41:55.010,3.356,100
2020-10-28 09:41:55.660,3.357,100
2020-10-28 09:41:55.880,3.356,2000
2020-10-28 09:41:55.920,3.356,10000
2020-10-28 09:41:56.350,3.356,75000
2020-10-28 09:41:56.680,3.356,200
2020-10-28 09:41:56.960,3.356,20000
2020-10-28 09:41:57.220,3.356,3300
2020-10-28 09:41:57.660,3.357,1200
2020-10-28 09:41:57.660,3.357,35100
2020-10-28 09:41:57.660,3.357,5400
2020-10-28 09:41:57.950,3.356,100000
2020-10-28 09:41:57.950,3.356,80000
2020-10-28 09:41:57.950,3.356,60000
2020-10-28 09:41:57.980,3.356,3100
2020-10-28 09:41:57.980,3.356,31700
2020-10-28 09:41:57.980,3.356,2000
2020-10-28 09:41:57.980,3.355,10800
2020-10-28 09:41:59.580,3.355,5000
2020-10-28 09:41:59.580,3.355,5600
2020-10-28 09:41:59.580,3.355,12500
2020-10-28 09:41:59.720,3.355,26900
2020-10-28 09:42:00.730,3.356,1500
2020-10-28 09:42:01.110,3.356,400
2020-10-28 09:42:01.110,3.356,200
2020-10-28 09:42:01.110,3.356,14400
2020-10-28 09:42:05.450,3.355,2300
2020-10-28 09:42:06.100,3.356,270000
2020-10-28 09:42:06.690,3.356,15600
2020-10-28 09:42:06.690,3.356,50000
2020-10-28 09:42:06.690,3.356,100000
2020-10-28 09:42:06.690,3.356,50000
2020-10-28 09:42:06.690,3.356,82700
2020-10-28 09:42:06.980,3.356,17300
2020-10-28 09:42:06.980,3.356,9200
2020-10-28 09:42:06.980,3.356,5300
2020-10-28 09:42:07.380,3.356,4700
2020-10-28 09:42:07.380,3.356,15000
2020-10-28 09:42:07.550,3.356,1000
2020-10-28 09:42:07.960,3.357,500
2020-10-28 09:42:08.540,3.356,50000
2020-10-28 09:42:08.820,3.356,10000
2020-10-28 09:42:09.580,3.356,217600
2020-10-28 09:42:09.580,3.356,124400
2020-10-28 09:42:09.930,3.356,120200
2020-10-28 09:42:10.280,3.356,5600
2020-10-28 09:42:12.180,3.356,49800
2020-10-28 09:42:12.180,3.356,40000
2020-10-28 09:42:12.180,3.356,27900
2020-10-28 09:42:12.990,3.356,70000
2020-10-28 09:42:13.400,3.357,3000
2020-10-28 09:42:13.740,3.356,200
2020-10-28 09:42:14.590,3.355,37700
2020-10-28 09:42:14.590,3.355,12300
2020-10-28 09:42:15.750,3.355,300000
2020-10-28 09:42:17.340,3.356,22900
2020-10-28 09:42:18.360,3.355,10000
2020-10-28 09:42:19.130,3.356,1500
2020-10-28 09:42:19.220,3.356,9400
2020-10-28 09:42:20.400,3.356,10000
2020-10-28 09:42:20.510,3.356,9500
2020-10-28 09:42:21.790,3.356,17100
2020-10-28 09:42:22.140,3.356,29600
2020-10-28 09:42:22.140,3.356,12300
2020-10-28 09:42:22.140,3.356,214500
2020-10-28 09:42:22.140,3.356,900
2020-10-28 09:42:22.140,3.356,42700
2020-10-28 09:42:22.170,3.356,7300
2020-10-28 09:42:22.170,3.356,1000
2020-10-28 09:42:22.200,3.355,400
2020-10-28 09:42:23.810,3.356,3000
2020-10-28 09:42:23.810,3.356,9900
2020-10-28 09:42:25.910,3.355,1000
2020-10-28 09:42:26.160,3.356,100
2020-10-28 09:42:26.160,3.356,5000
2020-10-28 09:42:26.160,3.356,50000
2020-10-28 09:42:26.160,3.356,4000
2020-10-28 09:42:26.160,3.357,96500
2020-10-28 09:42:26.160,3.357,5000
2020-10-28 09:42:26.160,3.357,9400
2020-10-28 09:42:27.140,3.356,100
2020-10-28 09:42:28.950,3.356,14100
2020-10-28 09:42:28.950,3.356,5900
2020-10-28 09:42:29.270,3.356,9000
2020-10-28 09:42:29.270,3.356,1000
2020-10-28 09:42:29.560,3.356,50000
2020-10-28 09:42:29.820,3.357,500
2020-10-28 09:42:30.510,3.356,10000
2020-10-28 09:42:30.590,3.356,80000
2020-10-28 09:42:31.440,3.356,40000
2020-10-28 09:42:31.840,3.356,50000
2020-10-28 09:42:32.850,3.356,260000
2020-10-28 09:42:32.870,3.356,50000
2020-10-28 09:42:32.900,3.356,70000
2020-10-28 09:42:32.900,3.356,70000
2020-10-28 09:42:32.900,3.356,80000
2020-10-28 09:42:32.900,3.356,100000
2020-10-28 09:42:32.900,3.356,39000
2020-10-28 09:42:32.900,3.356,800
2020-10-28 09:42:32.900,3.356,60200
2020-10-28 09:42:32.930,3.356,20000
2020-10-28 09:42:32.930,3.356,10000
2020-10-28 09:42:32.930,3.356,100000
2020-10-28 09:42:32.930,3.356,10000
2020-10-28 09:42:32.930,3.356,100000
2020-10-28 09:42:32.930,3.356,100000
2020-10-28 09:42:32.930,3.356,100000
2020-10-28 09:42:32.930,3.356,100000
2020-10-28 09:42:32.930,3.356,80000
2020-10-28 09:42:32.930,3.356,40000
2020-10-28 09:42:32.930,3.356,40000
2020-10-28 09:42:32.930,3.356,80000
2020-10-28 09:42:33.930,3.356,59800
2020-10-28 09:42:33.930,3.356,300
2020-10-28 09:42:33.930,3.356,1800
2020-10-28 09:42:33.930,3.356,900
2020-10-28 09:42:34.120,3.355,2500
2020-10-28 09:42:34.120,3.355,1600
2020-10-28 09:42:34.120,3.355,45900
2020-10-28 09:42:37.460,3.356,2000
2020-10-28 09:42:38.610,3.355,800
2020-10-28 09:42:39.190,3.356,500
2020-10-28 09:42:39.490,3.356,200
2020-10-28 09:42:40.180,3.356,30000
2020-10-28 09:42:42.790,3.356,3500
2020-10-28 09:42:44.170,3.355,22000
2020-10-28 09:42:44.660,3.356,1000
2020-10-28 09:42:44.660,3.356,9000
2020-10-28 09:42:47.000,3.355,6800
2020-10-28 09:42:47.350,3.355,3000
2020-10-28 09:42:48.440,3.355,2000
2020-10-28 09:42:48.770,3.356,50000
2020-10-28 09:42:48.770,3.356,100000
2020-10-28 09:42:48.770,3.356,40000
2020-10-28 09:42:48.770,3.356,10000
2020-10-28 09:42:48.770,3.356,70900
2020-10-28 09:42:48.770,3.356,3000
2020-10-28 09:42:48.770,3.356,1000
2020-10-28 09:42:48.770,3.356,10000
2020-10-28 09:42:48.770,3.356,500
2020-10-28 09:42:48.770,3.356,1800
2020-10-28 09:42:48.770,3.356,41000
2020-10-28 09:42:48.770,3.356,100000
2020-10-28 09:42:48.930,3.356,10000
2020-10-28 09:42:50.120,3.356,50000
2020-10-28 09:42:50.120,3.356,50000
2020-10-28 09:42:50.510,3.356,100000
2020-10-28 09:42:50.510,3.356,80000
2020-10-28 09:42:50.510,3.356,100000
2020-10-28 09:42:51.330,3.356,81800
2020-10-28 09:42:51.520,3.355,50000
2020-10-28 09:42:52.480,3.355,50000
2020-10-28 09:42:53.140,3.356,3000
2020-10-28 09:42:53.140,3.355,50000
2020-10-28 09:42:53.530,3.356,113900
2020-10-28 09:42:53.530,3.356,300000
2020-10-28 09:42:53.530,3.356,6000
2020-10-28 09:42:53.530,3.356,100000
2020-10-28 09:42:53.530,3.356,1000
2020-10-28 09:42:53.530,3.356,5000
2020-10-28 09:42:53.530,3.356,35000
2020-10-28 09:42:53.530,3.356,300000
2020-10-28 09:42:53.750,3.356,5000
2020-10-28 09:42:53.950,3.356,34100
2020-10-28 09:42:54.140,3.355,50000
2020-10-28 09:42:54.500,3.355,10000
2020-10-28 09:42:55.510,3.355,80000
2020-10-28 09:42:55.550,3.356,300
2020-10-28 09:42:55.960,3.355,100000
2020-10-28 09:42:56.480,3.355,20000
2020-10-28 09:42:56.540,3.355,80000
2020-10-28 09:42:56.800,3.355,429500
2020-10-28 09:42:56.800,3.355,216400
2020-10-28 09:42:56.990,3.355,50000
2020-10-28 09:42:57.590,3.355,300000
2020-10-28 09:42:57.830,3.355,1500
2020-10-28 09:42:59.500,3.355,3000
2020-10-28 09:42:59.500,3.355,700
2020-10-28 09:42:59.500,3.355,86300
2020-10-28 09:42:59.530,3.355,13700
2020-10-28 09:42:59.530,3.355,6300
2020-10-28 09:42:59.530,3.355,1200
2020-10-28 09:42:59.530,3.355,1000
2020-10-28 09:42:59.530,3.355,10000
2020-10-28 09:42:59.940,3.354,3000
2020-10-28 09:42:59.940,3.354,1000
2020-10-28 09:42:59.940,3.354,23200
2020-10-28 09:42:59.940,3.354,1000
2020-10-28 09:42:59.940,3.354,1500
2020-10-28 09:43:00.430,3.354,2000
2020-10-28 09:43:00.940,3.354,1900
2020-10-28 09:43:01.480,3.354,2000
2020-10-28 09:43:01.500,3.354,2400
2020-10-28 09:43:01.500,3.354,1100
2020-10-28 09:43:02.000,3.354,2000
2020-10-28 09:43:02.430,3.354,600
2020-10-28 09:43:02.430,3.355,1400
2020-10-28 09:43:02.860,3.355,2000
2020-10-28 09:43:02.970,3.355,2500
2020-10-28 09:43:03.080,3.355,2500
2020-10-28 09:43:03.360,3.354,2000
2020-10-28 09:43:03.850,3.354,10000
2020-10-28 09:43:03.870,3.354,1700
2020-10-28 09:43:04.350,3.354,10000
2020-10-28 09:43:04.540,3.354,40000
2020-10-28 09:43:04.610,3.354,11900
2020-10-28 09:43:04.750,3.354,600
2020-10-28 09:43:05.340,3.354,58000
2020-10-28 09:43:05.340,3.354,50000
2020-10-28 09:43:05.340,3.354,50000
2020-10-28 09:43:06.240,3.355,12000
2020-10-28 09:43:06.260,3.355,12000
2020-10-28 09:43:06.500,3.355,22400
2020-10-28 09:43:06.580,3.355,6500
2020-10-28 09:43:07.850,3.355,11700
2020-10-28 09:43:07.930,3.355,11700
2020-10-28 09:43:07.980,3.354,6700
2020-10-28 09:43:10.300,3.354,100
2020-10-28 09:43:11.330,3.354,100
2020-10-28 09:43:12.290,3.355,215300
2020-10-28 09:43:12.290,3.355,300000
2020-10-28 09:43:12.290,3.355,3000
2020-10-28 09:43:12.290,3.355,29900
2020-10-28 09:43:12.290,3.355,100000
2020-10-28 09:43:12.290,3.355,12400
2020-10-28 09:43:12.290,3.355,50000
2020-10-28 09:43:12.370,3.355,33900
2020-10-28 09:43:12.630,3.355,50000
2020-10-28 09:43:13.170,3.356,6600
2020-10-28 09:43:14.140,3.355,100000
2020-10-28 09:43:14.250,3.356,17000
2020-10-28 09:43:14.450,3.356,9400
2020-10-28 09:43:14.570,3.355,5500
2020-10-28 09:43:14.570,3.355,44500
2020-10-28 09:43:14.570,3.355,50000
2020-10-28 09:43:14.710,3.356,7000
2020-10-28 09:43:14.710,3.356,4900
2020-10-28 09:43:15.550,3.355,100000
2020-10-28 09:43:15.660,3.355,300000
2020-10-28 09:43:15.780,3.355,50000
2020-10-28 09:43:16.090,3.355,150000
2020-10-28 09:43:16.310,3.356,16900
2020-10-28 09:43:17.500,3.355,90000
2020-10-28 09:43:17.500,3.355,10000
2020-10-28 09:43:17.770,3.356,8200
2020-10-28 09:43:17.770,3.356,20000
2020-10-28 09:43:17.770,3.356,5000
2020-10-28 09:43:17.770,3.356,10000
2020-10-28 09:43:17.770,3.356,10000
2020-10-28 09:43:17.770,3.356,36300
2020-10-28 09:43:17.770,3.356,37400
2020-10-28 09:43:17.770,3.356,50000
2020-10-28 09:43:17.770,3.356,1000
2020-10-28 09:43:17.770,3.356,40000
2020-10-28 09:43:18.100,3.356,50000
2020-10-28 09:43:18.270,3.356,100000
2020-10-28 09:43:18.520,3.356,300000
2020-10-28 09:43:18.550,3.356,30000
2020-10-28 09:43:18.660,3.356,20000
2020-10-28 09:43:19.070,3.356,50000
2020-10-28 09:43:19.290,3.356,1000
2020-10-28 09:43:19.400,3.356,100000
2020-10-28 09:43:19.450,3.356,10000
2020-10-28 09:43:19.570,3.356,21100
2020-10-28 09:43:19.570,3.356,8900
2020-10-28 09:43:20.020,3.356,8700
2020-10-28 09:43:20.100,3.355,50000
2020-10-28 09:43:20.210,3.355,6600
2020-10-28 09:43:20.490,3.355,10000
2020-10-28 09:43:20.580,3.355,38900
2020-10-28 09:43:20.580,3.355,1800
2020-10-28 09:43:20.580,3.355,9300
2020-10-28 09:43:20.580,3.355,25000
2020-10-28 09:43:21.350,3.355,20000
2020-10-28 09:43:21.830,3.355,300
2020-10-28 09:43:23.180,3.356,1100
2020-10-28 09:43:24.270,3.356,16500
2020-10-28 09:43:26.450,3.356,12400
2020-10-28 09:43:26.450,3.356,5200
2020-10-28 09:43:26.990,3.356,34800
2020-10-28 09:43:26.990,3.356,265200
2020-10-28 09:43:28.210,3.356,3000
2020-10-28 09:43:28.560,3.356,15800
2020-10-28 09:43:28.650,3.355,3300
2020-10-28 09:43:29.090,3.355,8800
2020-10-28 09:43:30.450,3.356,10000
2020-10-28 09:43:30.510,3.355,10000
2020-10-28 09:43:31.650,3.355,20000
2020-10-28 09:43:32.000,3.355,100000
2020-10-28 09:43:32.000,3.355,10000
2020-10-28 09:43:32.000,3.355,60000
2020-10-28 09:43:32.000,3.355,20000
2020-10-28 09:43:32.000,3.355,100000
2020-10-28 09:43:32.000,3.355,100000
2020-10-28 09:43:32.000,3.355,20000
2020-10-28 09:43:32.310,3.355,10000
2020-10-28 09:43:32.510,3.355,50000
2020-10-28 09:43:33.520,3.355,100000
2020-10-28 09:43:33.540,3.355,80000
2020-10-28 09:43:33.540,3.355,80000
2020-10-28 09:43:33.540,3.355,73300
2020-10-28 09:43:33.540,3.355,4300
2020-10-28 09:43:33.540,3.355,22400
2020-10-28 09:43:33.540,3.355,20000
2020-10-28 09:43:33.540,3.355,60000
2020-10-28 09:43:33.540,3.355,90000
2020-10-28 09:43:33.540,3.355,100000
2020-10-28 09:43:33.540,3.355,60000
2020-10-28 09:43:33.540,3.355,100000
2020-10-28 09:43:33.540,3.355,100000
2020-10-28 09:43:33.540,3.355,100000
2020-10-28 09:43:33.540,3.355,100000
2020-10-28 09:43:33.780,3.355,50000
2020-10-28 09:43:33.950,3.355,97600
2020-10-28 09:43:33.950,3.355,1400
2020-10-28 09:43:33.950,3.355,2000
2020-10-28 09:43:33.950,3.355,10000
2020-10-28 09:43:34.200,3.354,50000
2020-10-28 09:43:35.240,3.354,50000
2020-10-28 09:43:36.040,3.355,15100
2020-10-28 09:43:38.220,3.355,17500
2020-10-28 09:43:39.790,3.355,6500
2020-10-28 09:43:40.210,3.355,900
2020-10-28 09:43:40.210,3.355,400
2020-10-28 09:43:40.210,3.355,3800
2020-10-28 09:43:40.210,3.355,11400
2020-10-28 09:43:40.270,3.355,17000
2020-10-28 09:43:40.330,3.355,12000
2020-10-28 09:43:40.360,3.355,9600
2020-10-28 09:43:40.360,3.355,2300
2020-10-28 09:43:41.390,3.355,2700
2020-10-28 09:43:41.630,3.355,5900
2020-10-28 09:43:41.630,3.354,20000
2020-10-28 09:43:41.670,3.355,12000
2020-10-28 09:43:41.670,3.355,11100
2020-10-28 09:43:41.670,3.355,800
2020-10-28 09:43:41.920,3.355,400
2020-10-28 09:43:42.180,3.355,98800
2020-10-28 09:43:42.180,3.355,100000
2020-10-28 09:43:42.180,3.355,47700
2020-10-28 09:43:42.180,3.355,50000
2020-10-28 09:43:42.690,3.355,15100
2020-10-28 09:43:42.880,3.355,5000
2020-10-28 09:43:43.150,3.355,12000
2020-10-28 09:43:44.490,3.354,50000
2020-10-28 09:43:44.860,3.355,15800
2020-10-28 09:43:45.920,3.354,3000
2020-10-28 09:43:46.120,3.354,100000
2020-10-28 09:43:46.380,3.355,9400
2020-10-28 09:43:46.380,3.355,12000
2020-10-28 09:43:47.380,3.354,93100
2020-10-28 09:43:48.960,3.355,17500
2020-10-28 09:43:49.270,3.354,200
2020-10-28 09:43:49.330,3.355,31700
2020-10-28 09:43:50.670,3.355,500
2020-10-28 09:43:50.940,3.355,15400
2020-10-28 09:43:51.240,3.354,100000
2020-10-28 09:43:52.120,3.354,268800
2020-10-28 09:43:52.120,3.354,6100
2020-10-28 09:43:52.120,3.354,10000
2020-10-28 09:43:52.120,3.354,115100
2020-10-28 09:43:52.950,3.354,100000
2020-10-28 09:43:52.950,3.354,60000
2020-10-28 09:43:53.060,3.355,15700
2020-10-28 09:43:53.630,3.355,2800
2020-10-28 09:43:55.230,3.355,17500
2020-10-28 09:43:55.270,3.354,3000
2020-10-28 09:43:55.720,3.354,34000
2020-10-28 09:43:56.080,3.355,129600
2020-10-28 09:43:56.080,3.355,300000
2020-10-28 09:43:56.080,3.355,3500
2020-10-28 09:43:56.080,3.355,466900
2020-10-28 09:43:57.520,3.355,17600
2020-10-28 09:43:57.650,3.354,100000
2020-10-28 09:43:57.650,3.355,9500
2020-10-28 09:43:58.050,3.355,11900
2020-10-28 09:43:59.780,3.354,5000
2020-10-28 09:44:01.800,3.355,14700
2020-10-28 09:44:01.940,3.354,5000
2020-10-28 09:44:02.150,3.355,400
2020-10-28 09:44:03.330,3.354,1200
2020-10-28 09:44:03.990,3.355,329000
2020-10-28 09:44:03.990,3.355,50000
2020-10-28 09:44:03.990,3.355,1000
2020-10-28 09:44:03.990,3.355,50000
2020-10-28 09:44:03.990,3.355,100000
2020-10-28 09:44:03.990,3.355,1500
2020-10-28 09:44:03.990,3.355,8000
2020-10-28 09:44:03.990,3.355,100900
2020-10-28 09:44:03.990,3.355,5000
2020-10-28 09:44:03.990,3.355,80100
2020-10-28 09:44:03.990,3.355,150000
2020-10-28 09:44:03.990,3.355,5200
2020-10-28 09:44:03.990,3.355,19300
2020-10-28 09:44:04.270,3.355,15100
2020-10-28 09:44:04.650,3.355,1500
2020-10-28 09:44:04.730,3.354,100000
2020-10-28 09:44:05.010,3.355,400
2020-10-28 09:44:05.610,3.354,3000
2020-10-28 09:44:06.240,3.355,16500
2020-10-28 09:44:06.490,3.355,73800
2020-10-28 09:44:06.490,3.355,3000
2020-10-28 09:44:06.490,3.355,323200
2020-10-28 09:44:06.800,3.354,300
2020-10-28 09:44:06.860,3.355,1500
2020-10-28 09:44:06.920,3.354,10000
2020-10-28 09:44:06.920,3.354,10000
2020-10-28 09:44:07.070,3.354,5000
2020-10-28 09:44:07.450,3.354,300
2020-10-28 09:44:07.480,3.355,200
2020-10-28 09:44:07.910,3.354,50000
2020-10-28 09:44:07.990,3.354,7300
2020-10-28 09:44:08.400,3.355,1200
2020-10-28 09:44:08.490,3.354,20000
2020-10-28 09:44:08.540,3.354,70000
2020-10-28 09:44:08.540,3.354,70000
2020-10-28 09:44:08.540,3.354,10000
2020-10-28 09:44:08.540,3.354,70000
2020-10-28 09:44:08.540,3.354,40000
2020-10-28 09:44:08.540,3.354,10800
2020-10-28 09:44:08.540,3.354,4000
2020-10-28 09:44:08.540,3.354,45200
2020-10-28 09:44:08.540,3.354,100000
2020-10-28 09:44:08.540,3.354,20000
2020-10-28 09:44:08.540,3.354,80000
2020-10-28 09:44:08.540,3.354,100000
2020-10-28 09:44:08.540,3.354,60000
2020-10-28 09:44:08.540,3.354,100000
2020-10-28 09:44:08.540,3.354,30000
2020-10-28 09:44:08.540,3.354,100000
2020-10-28 09:44:08.540,3.354,40000
2020-10-28 09:44:08.540,3.354,10000
2020-10-28 09:44:08.570,3.354,10000
2020-10-28 09:44:08.920,3.354,1000
2020-10-28 09:44:08.920,3.354,50000
2020-10-28 09:44:09.180,3.354,126900
2020-10-28 09:44:09.490,3.354,26900
2020-10-28 09:44:09.490,3.354,300
2020-10-28 09:44:09.490,3.354,500
2020-10-28 09:44:09.490,3.354,15000
2020-10-28 09:44:09.760,3.354,20000
2020-10-28 09:44:10.400,3.353,3900
2020-10-28 09:44:10.400,3.353,5000
2020-10-28 09:44:10.400,3.353,1200
2020-10-28 09:44:10.400,3.353,500
2020-10-28 09:44:10.400,3.353,7000
2020-10-28 09:44:10.400,3.353,15000
2020-10-28 09:44:10.400,3.353,17400
2020-10-28 09:44:10.620,3.353,10000
2020-10-28 09:44:10.670,3.354,10800
2020-10-28 09:44:11.660,3.354,7900
2020-10-28 09:44:12.500,3.353,10000
2020-10-28 09:44:14.320,3.354,1000
2020-10-28 09:44:15.300,3.353,3000
2020-10-28 09:44:15.300,3.353,1200
2020-10-28 09:44:15.300,3.352,35900
2020-10-28 09:44:15.520,3.354,217600
2020-10-28 09:44:15.520,3.354,100000
2020-10-28 09:44:15.520,3.354,7200
2020-10-28 09:44:15.520,3.354,26000
2020-10-28 09:44:15.520,3.354,8000
2020-10-28 09:44:15.520,3.354,86200
2020-10-28 09:44:16.190,3.354,13800
2020-10-28 09:44:16.190,3.354,6200
2020-10-28 09:44:16.910,3.354,21300
2020-10-28 09:44:17.630,3.352,2000
2020-10-28 09:44:18.830,3.353,800
2020-10-28 09:44:18.830,3.354,400
2020-10-28 09:44:18.830,3.354,26000
2020-10-28 09:44:21.870,3.353,58700
2020-10-28 09:44:23.730,3.353,800
2020-10-28 09:44:24.740,3.353,70000
2020-10-28 09:44:26.480,3.354,6700
2020-10-28 09:44:26.480,3.354,20000
2020-10-28 09:44:26.480,3.354,10000
2020-10-28 09:44:26.480,3.354,100000
2020-10-28 09:44:26.480,3.354,500
2020-10-28 09:44:26.480,3.354,50000
2020-10-28 09:44:26.480,3.354,5000
2020-10-28 09:44:26.480,3.354,50000
2020-10-28 09:44:26.480,3.354,20000
2020-10-28 09:44:27.410,3.354,3000
2020-10-28 09:44:28.930,3.354,10000
2020-10-28 09:44:28.990,3.354,100
2020-10-28 09:44:29.580,3.354,70000
2020-10-28 09:44:31.290,3.354,12800
2020-10-28 09:44:32.500,3.354,10000
2020-10-28 09:44:32.990,3.354,10000
2020-10-28 09:44:33.100,3.354,35000
2020-10-28 09:44:33.220,3.354,11900
2020-10-28 09:44:34.190,3.354,140300
2020-10-28 09:44:34.310,3.354,30000
2020-10-28 09:44:34.570,3.354,20000
2020-10-28 09:44:36.610,3.354,20000
2020-10-28 09:44:37.020,3.354,100000
2020-10-28 09:44:37.020,3.354,100000
2020-10-28 09:44:38.460,3.354,40000
2020-10-28 09:44:40.250,3.354,24700
2020-10-28 09:44:40.250,3.354,2400
2020-10-28 09:44:40.250,3.354,1000
2020-10-28 09:44:40.500,3.353,10000
2020-10-28 09:44:40.800,3.353,5000
2020-10-28 09:44:41.370,3.353,4500
2020-10-28 09:44:41.880,3.353,50000
2020-10-28 09:44:42.580,3.353,20000
2020-10-28 09:44:43.280,3.354,13000
2020-10-28 09:44:46.020,3.354,300
2020-10-28 09:44:48.300,3.353,5000
2020-10-28 09:44:53.010,3.353,100
2020-10-28 09:44:53.570,3.354,28700
2020-10-28 09:44:53.570,3.354,6800
2020-10-28 09:44:53.570,3.354,7900
2020-10-28 09:44:53.570,3.354,14900
2020-10-28 09:44:53.570,3.354,10000
2020-10-28 09:44:53.570,3.354,3000
2020-10-28 09:44:53.570,3.354,700
2020-10-28 09:44:53.570,3.354,50000
2020-10-28 09:44:53.570,3.354,117700
2020-10-28 09:44:53.570,3.354,1000
2020-10-28 09:44:53.570,3.354,800
2020-10-28 09:44:53.570,3.354,3000
2020-10-28 09:44:53.570,3.354,3600
2020-10-28 09:44:53.570,3.354,5000
2020-10-28 09:44:56.090,3.355,500
2020-10-28 09:44:56.090,3.355,7500
2020-10-28 09:44:57.590,3.354,30000
2020-10-28 09:44:57.840,3.354,16900
2020-10-28 09:44:57.840,3.354,13100
2020-10-28 09:44:57.920,3.354,2000
2020-10-28 09:44:57.950,3.355,2500
2020-10-28 09:44:57.950,3.355,40000
2020-10-28 09:44:57.950,3.355,10000
2020-10-28 09:44:57.950,3.355,79300
2020-10-28 09:44:57.950,3.355,4900
2020-10-28 09:44:57.950,3.355,2400
2020-10-28 09:44:57.950,3.355,64000
2020-10-28 09:44:57.950,3.355,96600
2020-10-28 09:44:58.040,3.354,50000
2020-10-28 09:44:58.460,3.354,3000
2020-10-28 09:44:59.040,3.354,20000
2020-10-28 09:45:00.910,3.354,7500
2020-10-28 09:45:01.860,3.354,2000
2020-10-28 09:45:03.110,3.354,90000
2020-10-28 09:45:03.880,3.354,1000
2020-10-28 09:45:03.990,3.354,100000
2020-10-28 09:45:03.990,3.354,11400
2020-10-28 09:45:03.990,3.354,68600
2020-10-28 09:45:03.990,3.354,60000
2020-10-28 09:45:04.420,3.354,50000
2020-10-28 09:45:04.420,3.354,21400
2020-10-28 09:45:04.420,3.354,4000
2020-10-28 09:45:04.420,3.353,24600
2020-10-28 09:45:05.180,3.354,200
2020-10-28 09:45:05.470,3.354,24100
2020-10-28 09:45:05.530,3.354,275700
2020-10-28 09:45:06.120,3.354,8300
2020-10-28 09:45:06.370,3.354,1000
2020-10-28 09:45:08.950,3.354,200000
2020-10-28 09:45:09.390,3.355,3400
2020-10-28 09:45:09.390,3.355,4900
2020-10-28 09:45:09.570,3.354,1300
2020-10-28 09:45:09.770,3.355,25600
2020-10-28 09:45:09.770,3.355,1000
2020-10-28 09:45:09.770,3.355,120200
2020-10-28 09:45:09.770,3.355,600
2020-10-28 09:45:09.770,3.355,3000
2020-10-28 09:45:09.770,3.355,500
2020-10-28 09:45:09.770,3.355,6000
2020-10-28 09:45:09.770,3.355,5000
2020-10-28 09:45:09.770,3.355,13000
2020-10-28 09:45:09.770,3.355,39900
2020-10-28 09:45:09.770,3.355,100000
2020-10-28 09:45:09.770,3.355,50000
2020-10-28 09:45:09.770,3.355,2900
2020-10-28 09:45:09.770,3.355,5000
2020-10-28 09:45:09.770,3.355,100
2020-10-28 09:45:11.180,3.355,50000
2020-10-28 09:45:11.590,3.355,50000
2020-10-28 09:45:13.430,3.355,5000
2020-10-28 09:45:14.640,3.355,20000
2020-10-28 09:45:14.940,3.355,40000
2020-10-28 09:45:15.440,3.355,50000
2020-10-28 09:45:16.460,3.355,10000
2020-10-28 09:45:17.220,3.355,50000
2020-10-28 09:45:17.440,3.355,80000
2020-10-28 09:45:17.540,3.355,70000
2020-10-28 09:45:17.540,3.355,100000
2020-10-28 09:45:17.540,3.355,2200
2020-10-28 09:45:17.540,3.355,97800
2020-10-28 09:45:17.540,3.355,100000
2020-10-28 09:45:17.540,3.355,100000
2020-10-28 09:45:17.540,3.355,50000
2020-10-28 09:45:17.540,3.355,100000
2020-10-28 09:45:17.540,3.355,80000
2020-10-28 09:45:17.570,3.355,100000
2020-10-28 09:45:17.570,3.355,80000
2020-10-28 09:45:17.940,3.355,30000
2020-10-28 09:45:17.940,3.355,20000
2020-10-28 09:45:18.760,3.355,9900
2020-10-28 09:45:19.390,3.354,5000
2020-10-28 09:45:19.550,3.354,50000
2020-10-28 09:45:19.640,3.355,100
2020-10-28 09:45:20.520,3.354,10000
2020-10-28 09:45:21.120,3.354,50000
2020-10-28 09:45:21.120,3.355,16200
2020-10-28 09:45:22.990,3.354,1000
2020-10-28 09:45:23.210,3.355,15700
2020-10-28 09:45:24.470,3.355,300
2020-10-28 09:45:24.550,3.355,10000
2020-10-28 09:45:25.220,3.355,8600
2020-10-28 09:45:25.370,3.355,600
2020-10-28 09:45:25.680,3.355,148600
2020-10-28 09:45:25.680,3.355,20000
2020-10-28 09:45:25.680,3.355,23600
2020-10-28 09:45:30.560,3.355,2000
2020-10-28 09:45:32.030,3.354,100000
2020-10-28 09:45:32.030,3.354,84000
2020-10-28 09:45:32.030,3.354,100
2020-10-28 09:45:32.030,3.354,15900
2020-10-28 09:45:32.030,3.354,100000
2020-10-28 09:45:32.030,3.354,60000
2020-10-28 09:45:32.030,3.354,100000
2020-10-28 09:45:32.030,3.354,100000
2020-10-28 09:45:34.740,3.354,200000
2020-10-28 09:45:41.770,3.353,14000
2020-10-28 09:45:42.780,3.354,3000
2020-10-28 09:45:42.780,3.354,50000
2020-10-28 09:45:42.780,3.354,47000
2020-10-28 09:45:43.050,3.353,20000
2020-10-28 09:45:44.870,3.354,20000
2020-10-28 09:45:46.240,3.353,100
2020-10-28 09:45:46.240,3.353,300
2020-10-28 09:45:46.240,3.353,700
2020-10-28 09:45:47.630,3.353,300
2020-10-28 09:45:47.630,3.353,100000
2020-10-28 09:45:48.100,3.353,100000
2020-10-28 09:45:49.310,3.353,11800
2020-10-28 09:45:49.340,3.353,12000
2020-10-28 09:45:50.870,3.353,11900
2020-10-28 09:45:51.050,3.353,10100
2020-10-28 09:45:53.300,3.353,53900
2020-10-28 09:45:53.300,3.353,46100
2020-10-28 09:45:56.080,3.353,11900
2020-10-28 09:45:56.610,3.353,2000
2020-10-28 09:45:57.510,3.353,9500
2020-10-28 09:45:58.370,3.353,100000
2020-10-28 09:45:59.310,3.352,262100
2020-10-28 09:45:59.310,3.352,1000
2020-10-28 09:45:59.310,3.352,10000
2020-10-28 09:45:59.310,3.352,20000
2020-10-28 09:45:59.310,3.352,100
2020-10-28 09:45:59.310,3.352,6800
2020-10-28 09:45:59.720,3.353,300
2020-10-28 09:46:00.390,3.352,3200
2020-10-28 09:46:00.390,3.352,10000
2020-10-28 09:46:00.390,3.352,1500
2020-10-28 09:46:00.390,3.352,9100
2020-10-28 09:46:02.510,3.351,36100
2020-10-28 09:46:02.950,3.351,3900
2020-10-28 09:46:03.460,3.351,260000
2020-10-28 09:46:03.460,3.351,300
2020-10-28 09:46:03.460,3.351,2000
2020-10-28 09:46:03.460,3.351,11000
2020-10-28 09:46:03.460,3.351,10000
2020-10-28 09:46:03.460,3.351,10000
2020-10-28 09:46:03.460,3.351,6700
2020-10-28 09:46:03.680,3.351,2600
2020-10-28 09:46:03.680,3.351,100000
2020-10-28 09:46:03.680,3.351,5000
2020-10-28 09:46:03.680,3.351,10000
2020-10-28 09:46:03.680,3.351,5000
2020-10-28 09:46:03.680,3.351,800
2020-10-28 09:46:03.680,3.351,500
2020-10-28 09:46:03.680,3.351,20000
2020-10-28 09:46:03.820,3.351,6600
2020-10-28 09:46:04.260,3.351,12000
2020-10-28 09:46:04.260,3.351,4100
2020-10-28 09:46:04.360,3.351,300
2020-10-28 09:46:05.280,3.351,6500
2020-10-28 09:46:06.220,3.351,11900
2020-10-28 09:46:06.880,3.351,6600
2020-10-28 09:46:08.220,3.351,1700
2020-10-28 09:46:08.440,3.351,6600
2020-10-28 09:46:08.490,3.351,1000
2020-10-28 09:46:08.660,3.351,16600
2020-10-28 09:46:09.010,3.351,100
2020-10-28 09:46:10.180,3.351,6600
2020-10-28 09:46:10.990,3.351,248900
2020-10-28 09:46:10.990,3.351,51200
2020-10-28 09:46:11.300,3.35,900
2020-10-28 09:46:11.300,3.35,700
2020-10-28 09:46:11.850,3.35,1200
2020-10-28 09:46:12.280,3.35,3100
2020-10-28 09:46:12.280,3.35,2000
2020-10-28 09:46:12.280,3.35,500
2020-10-28 09:46:12.280,3.35,2000
2020-10-28 09:46:12.280,3.35,2000
2020-10-28 09:46:12.280,3.35,20000
2020-10-28 09:46:12.280,3.35,5000
2020-10-28 09:46:12.280,3.35,8000
2020-10-28 09:46:12.280,3.35,1000
2020-10-28 09:46:12.280,3.35,7200
2020-10-28 09:46:12.280,3.35,5000
2020-10-28 09:46:12.280,3.35,50000
2020-10-28 09:46:12.280,3.35,15000
2020-10-28 09:46:12.280,3.35,28000
2020-10-28 09:46:12.280,3.351,6400
2020-10-28 09:46:12.660,3.351,20000
2020-10-28 09:46:12.750,3.351,10700
2020-10-28 09:46:14.730,3.351,3000
2020-10-28 09:46:14.970,3.351,71000
2020-10-28 09:46:16.530,3.35,100
2020-10-28 09:46:18.790,3.35,1300
2020-10-28 09:46:20.590,3.35,1000
2020-10-28 09:46:21.100,3.35,600
2020-10-28 09:46:24.010,3.351,600
2020-10-28 09:46:24.180,3.351,9400
2020-10-28 09:46:24.180,3.351,90600
2020-10-28 09:46:24.890,3.351,92100
2020-10-28 09:46:25.060,3.351,80000
2020-10-28 09:46:26.820,3.351,500
2020-10-28 09:46:29.200,3.351,10000
2020-10-28 09:46:29.530,3.351,3900
2020-10-28 09:46:29.610,3.351,2000
2020-10-28 09:46:30.080,3.351,14900
2020-10-28 09:46:31.070,3.351,200
2020-10-28 09:46:32.140,3.352,30000
2020-10-28 09:46:32.140,3.352,10000
2020-10-28 09:46:32.140,3.352,275200
2020-10-28 09:46:33.590,3.352,24800
2020-10-28 09:46:33.590,3.352,700
2020-10-28 09:46:33.590,3.352,3000
2020-10-28 09:46:33.590,3.352,600
2020-10-28 09:46:33.590,3.352,30000
2020-10-28 09:46:33.590,3.352,3000
2020-10-28 09:46:33.590,3.352,237900
2020-10-28 09:46:33.870,3.352,262100
2020-10-28 09:46:33.870,3.352,37900
2020-10-28 09:46:34.460,3.352,86100
2020-10-28 09:46:34.460,3.352,14600
2020-10-28 09:46:34.460,3.352,10000
2020-10-28 09:46:36.180,3.352,50000
2020-10-28 09:46:37.510,3.352,300
2020-10-28 09:46:37.950,3.352,1600
2020-10-28 09:46:38.610,3.352,3000
2020-10-28 09:46:46.070,3.352,134400
2020-10-28 09:46:46.070,3.352,198900
2020-10-28 09:46:46.870,3.352,9200
2020-10-28 09:46:46.970,3.352,6400
2020-10-28 09:46:48.260,3.352,500
2020-10-28 09:46:48.720,3.352,1900
2020-10-28 09:46:49.190,3.352,83100
2020-10-28 09:46:49.190,3.352,1800
2020-10-28 09:46:49.190,3.352,5000
2020-10-28 09:46:49.190,3.352,14400
2020-10-28 09:46:50.710,3.352,500
2020-10-28 09:46:51.560,3.352,14400
2020-10-28 09:46:51.810,3.352,20000
2020-10-28 09:46:51.970,3.352,60800
2020-10-28 09:46:51.970,3.352,39200
2020-10-28 09:46:52.990,3.352,800
2020-10-28 09:46:52.990,3.352,1800
2020-10-28 09:46:53.520,3.351,5000
2020-10-28 09:46:53.870,3.352,13200
2020-10-28 09:46:53.870,3.352,1100
2020-10-28 09:46:53.870,3.352,23400
2020-10-28 09:46:54.420,3.352,7100
2020-10-28 09:46:58.530,3.352,100
2020-10-28 09:46:59.500,3.351,202300
2020-10-28 09:46:59.580,3.351,8000
2020-10-28 09:47:01.550,3.351,200
2020-10-28 09:47:03.560,3.352,3000
2020-10-28 09:47:04.330,3.351,10000
2020-10-28 09:47:06.390,3.351,1000
2020-10-28 09:47:09.000,3.352,5500
2020-10-28 09:47:09.000,3.352,5000
2020-10-28 09:47:09.000,3.352,2000
2020-10-28 09:47:09.000,3.352,1000
2020-10-28 09:47:09.000,3.352,3300
2020-10-28 09:47:09.000,3.352,30000
2020-10-28 09:47:09.000,3.352,120200
2020-10-28 09:47:09.000,3.352,95800
2020-10-28 09:47:09.330,3.352,1000
2020-10-28 09:47:11.130,3.352,10000
2020-10-28 09:47:11.990,3.352,21200
2020-10-28 09:47:11.990,3.352,38800
2020-10-28 09:47:13.100,3.351,500
2020-10-28 09:47:16.950,3.352,1600
2020-10-28 09:47:16.950,3.351,8400
2020-10-28 09:47:24.000,3.352,1000
2020-10-28 09:47:27.880,3.351,18000
2020-10-28 09:47:28.340,3.351,6000
2020-10-28 09:47:30.800,3.352,2700
2020-10-28 09:47:30.800,3.352,17300
2020-10-28 09:47:32.890,3.352,2700
2020-10-28 09:47:32.890,3.352,3300
2020-10-28 09:47:34.290,3.352,3100
2020-10-28 09:47:34.290,3.352,80000
2020-10-28 09:47:34.290,3.352,1500
2020-10-28 09:47:34.290,3.352,100000
2020-10-28 09:47:34.290,3.352,115400
2020-10-28 09:47:35.490,3.352,184600
2020-10-28 09:47:35.490,3.352,49900
2020-10-28 09:47:35.490,3.352,300
2020-10-28 09:47:35.490,3.352,8000
2020-10-28 09:47:35.490,3.352,3000
2020-10-28 09:47:35.490,3.352,3000
2020-10-28 09:47:35.490,3.352,9600
2020-10-28 09:47:35.550,3.352,1000
2020-10-28 09:47:35.860,3.352,100
2020-10-28 09:47:36.110,3.352,500
2020-10-28 09:47:37.200,3.351,20000
2020-10-28 09:47:38.130,3.351,100000
2020-10-28 09:47:39.050,3.352,1700
2020-10-28 09:47:42.260,3.353,5000
2020-10-28 09:47:42.260,3.353,295000
2020-10-28 09:47:42.340,3.352,1900
2020-10-28 09:47:42.980,3.352,400
2020-10-28 09:47:43.500,3.352,79700
2020-10-28 09:47:43.750,3.352,35900
