Datetime,Price,Volume
2020-09-09 09:25:00.330,3.303,15000
2020-09-09 09:25:00.330,3.303,100
2020-09-09 09:25:00.330,3.303,2700
2020-09-09 09:25:00.330,3.303,5600
2020-09-09 09:25:00.330,3.303,100
2020-09-09 09:25:00.330,3.303,500
2020-09-09 09:25:00.330,3.303,300
2020-09-09 09:25:00.330,3.303,200
2020-09-09 09:25:00.330,3.303,27400
2020-09-09 09:25:00.330,3.303,100
2020-09-09 09:25:00.330,3.303,100
2020-09-09 09:25:00.330,3.303,8300
2020-09-09 09:25:00.330,3.303,100
2020-09-09 09:25:00.330,3.303,5000
2020-09-09 09:25:00.330,3.303,3000
2020-09-09 09:25:00.330,3.303,1000
2020-09-09 09:25:00.330,3.303,1000
2020-09-09 09:25:00.330,3.303,5000
2020-09-09 09:25:00.330,3.303,100
2020-09-09 09:25:00.330,3.303,200
2020-09-09 09:25:00.330,3.303,1500
2020-09-09 09:25:00.330,3.303,1000
2020-09-09 09:25:00.330,3.303,300
2020-09-09 09:25:00.330,3.303,200
2020-09-09 09:25:00.330,3.303,600
2020-09-09 09:25:00.330,3.303,100
2020-09-09 09:25:00.330,3.303,6000
2020-09-09 09:25:00.330,3.303,100
2020-09-09 09:25:00.330,3.303,100
2020-09-09 09:25:00.330,3.303,400
2020-09-09 09:25:00.330,3.303,100
2020-09-09 09:25:00.330,3.303,100
2020-09-09 09:25:00.330,3.303,100
2020-09-09 09:25:00.330,3.303,200
2020-09-09 09:25:00.330,3.303,9500
2020-09-09 09:25:00.330,3.303,11900
2020-09-09 09:25:00.330,3.303,400
2020-09-09 09:25:00.330,3.303,17400
2020-09-09 09:25:00.330,3.303,1000
2020-09-09 09:25:00.330,3.303,68800
2020-09-09 09:25:00.330,3.303,700
2020-09-09 09:25:00.330,3.303,800
2020-09-09 09:25:00.330,3.303,2600
2020-09-09 09:25:00.330,3.303,15600
2020-09-09 09:25:00.330,3.303,50000
2020-09-09 09:25:00.330,3.303,10000
2020-09-09 09:25:00.330,3.303,11500
2020-09-09 09:25:00.330,3.303,100
2020-09-09 09:25:00.330,3.303,45000
2020-09-09 09:25:00.330,3.303,6000
2020-09-09 09:25:00.330,3.303,5000
2020-09-09 09:25:00.330,3.303,20900
2020-09-09 09:25:00.330,3.303,99100
2020-09-09 09:25:00.330,3.303,31400
2020-09-09 09:25:00.330,3.303,100
2020-09-09 09:25:00.330,3.303,200
2020-09-09 09:25:00.330,3.303,4300
2020-09-09 09:25:00.330,3.303,7000
2020-09-09 09:25:00.330,3.303,857000
2020-09-09 09:25:00.330,3.303,143000
2020-09-09 09:25:00.330,3.303,450500
2020-09-09 09:25:00.330,3.303,306500
2020-09-09 09:25:00.330,3.303,5000
2020-09-09 09:25:00.330,3.303,66400
2020-09-09 09:25:00.330,3.303,536100
2020-09-09 09:25:00.330,3.303,100
2020-09-09 09:25:00.330,3.303,200
2020-09-09 09:25:00.330,3.303,37900
2020-09-09 09:25:00.330,3.303,100
2020-09-09 09:25:00.330,3.303,200
2020-09-09 09:25:00.330,3.303,100
2020-09-09 09:25:00.330,3.303,200
2020-09-09 09:25:00.330,3.303,100
2020-09-09 09:25:00.330,3.303,300
2020-09-09 09:25:00.330,3.303,100
2020-09-09 09:25:00.330,3.303,200
2020-09-09 09:25:00.330,3.303,100
2020-09-09 09:25:00.330,3.303,200
2020-09-09 09:25:00.330,3.303,100
2020-09-09 09:25:00.330,3.303,5000
2020-09-09 09:25:00.330,3.303,3000
2020-09-09 09:25:00.330,3.303,100
2020-09-09 09:25:00.330,3.303,1000
2020-09-09 09:25:00.330,3.303,200
2020-09-09 09:25:00.330,3.303,200
2020-09-09 09:25:00.330,3.303,500
2020-09-09 09:25:00.330,3.303,1800
2020-09-09 09:25:00.330,3.303,180100
2020-09-09 09:25:00.330,3.303,100
2020-09-09 09:25:00.330,3.303,1000
2020-09-09 09:25:00.330,3.303,1000
2020-09-09 09:25:00.330,3.303,100
2020-09-09 09:25:00.330,3.303,300
2020-09-09 09:25:00.330,3.303,200
2020-09-09 09:25:00.330,3.303,100
2020-09-09 09:25:00.330,3.303,4800
2020-09-09 09:25:00.330,3.303,1000
2020-09-09 09:25:00.330,3.303,200
2020-09-09 09:25:00.330,3.303,6000
2020-09-09 09:25:00.330,3.303,2100
2020-09-09 09:25:00.330,3.303,100
2020-09-09 09:25:00.330,3.303,1000
2020-09-09 09:25:00.330,3.303,200
2020-09-09 09:25:00.330,3.303,700
2020-09-09 09:25:00.330,3.303,1500
2020-09-09 09:25:00.330,3.303,5700
2020-09-09 09:25:00.330,3.303,100
2020-09-09 09:25:00.330,3.303,1000
2020-09-09 09:25:00.330,3.303,200
2020-09-09 09:25:00.330,3.303,100
2020-09-09 09:25:00.330,3.303,1000
2020-09-09 09:25:00.330,3.303,200
2020-09-09 09:25:00.330,3.303,10000
2020-09-09 09:25:00.330,3.303,1000
2020-09-09 09:25:00.330,3.303,500
2020-09-09 09:25:00.330,3.303,100
2020-09-09 09:25:00.330,3.303,1000
2020-09-09 09:25:00.330,3.303,200
2020-09-09 09:25:00.330,3.303,10000
2020-09-09 09:25:00.330,3.303,100
2020-09-09 09:25:00.330,3.303,1000
2020-09-09 09:25:00.330,3.303,200
2020-09-09 09:25:00.330,3.303,2000
2020-09-09 09:25:00.330,3.303,2000
2020-09-09 09:25:00.330,3.303,1500
2020-09-09 09:25:00.330,3.303,100
2020-09-09 09:25:00.330,3.303,6000
2020-09-09 09:25:00.330,3.303,4000
2020-09-09 09:25:00.330,3.303,1000
2020-09-09 09:25:00.330,3.303,200
2020-09-09 09:25:00.330,3.303,100
2020-09-09 09:25:00.330,3.303,20000
2020-09-09 09:25:00.330,3.303,1000
2020-09-09 09:25:00.330,3.303,200
2020-09-09 09:25:00.330,3.303,41200
2020-09-09 09:25:00.330,3.303,4300
2020-09-09 09:25:00.330,3.303,7600
2020-09-09 09:25:00.330,3.303,44800
2020-09-09 09:25:00.330,3.303,35000
2020-09-09 09:25:00.330,3.303,29800
2020-09-09 09:25:00.330,3.303,100
2020-09-09 09:25:00.330,3.303,3000
2020-09-09 09:25:00.330,3.303,16000
2020-09-09 09:25:00.330,3.303,18100
2020-09-09 09:25:00.330,3.303,16600
2020-09-09 09:25:00.330,3.303,30000
2020-09-09 09:25:00.330,3.303,10000
2020-09-09 09:25:00.330,3.303,20000
2020-09-09 09:25:00.330,3.303,200
2020-09-09 09:25:00.330,3.303,42400
2020-09-09 09:25:00.330,3.303,10000
2020-09-09 09:25:00.330,3.303,30000
2020-09-09 09:25:00.330,3.303,15000
2020-09-09 09:25:00.330,3.303,3000
2020-09-09 09:25:00.330,3.303,1000
2020-09-09 09:25:00.330,3.303,109000
2020-09-09 09:25:00.330,3.303,12900
2020-09-09 09:25:00.330,3.303,5000
2020-09-09 09:25:00.330,3.303,1000
2020-09-09 09:25:00.330,3.303,1100
2020-09-09 09:25:00.330,3.303,3900
2020-09-09 09:25:00.330,3.303,400
2020-09-09 09:25:00.330,3.303,6000
2020-09-09 09:25:00.330,3.303,4000
2020-09-09 09:25:00.330,3.303,4600
2020-09-09 09:25:00.330,3.303,5500
2020-09-09 09:25:00.330,3.303,100
2020-09-09 09:25:00.330,3.303,5000
2020-09-09 09:25:00.330,3.303,1000
2020-09-09 09:25:00.330,3.303,1400
2020-09-09 09:25:00.330,3.303,1000
2020-09-09 09:25:00.330,3.303,200
2020-09-09 09:25:00.330,3.303,10000
2020-09-09 09:25:00.330,3.303,10000
2020-09-09 09:25:00.330,3.303,20000
2020-09-09 09:25:00.330,3.303,5000
2020-09-09 09:25:00.330,3.303,15000
2020-09-09 09:25:00.330,3.303,500
2020-09-09 09:25:00.330,3.303,100
2020-09-09 09:25:00.330,3.303,1000
2020-09-09 09:25:00.330,3.303,10000
2020-09-09 09:25:00.330,3.303,1500
2020-09-09 09:25:00.330,3.303,10000
2020-09-09 09:25:00.330,3.303,300
2020-09-09 09:25:00.330,3.303,1000
2020-09-09 09:25:00.330,3.303,500
2020-09-09 09:25:00.330,3.303,5000
2020-09-09 09:25:00.330,3.303,400
2020-09-09 09:25:00.330,3.303,3000
2020-09-09 09:25:00.330,3.303,26400
2020-09-09 09:25:00.330,3.303,5000
2020-09-09 09:25:00.330,3.303,100
2020-09-09 09:25:00.330,3.303,1000
2020-09-09 09:25:00.330,3.303,200
2020-09-09 09:25:00.330,3.303,100
2020-09-09 09:25:00.330,3.303,1000
2020-09-09 09:25:00.330,3.303,200
2020-09-09 09:25:00.330,3.303,2000
2020-09-09 09:25:00.330,3.303,1000
2020-09-09 09:25:00.330,3.303,200
2020-09-09 09:25:00.330,3.303,15100
2020-09-09 09:25:00.330,3.303,10100
2020-09-09 09:25:00.330,3.303,3000
2020-09-09 09:25:00.330,3.303,1000
2020-09-09 09:25:00.330,3.303,200
2020-09-09 09:25:00.330,3.303,100
2020-09-09 09:25:00.330,3.303,3000
2020-09-09 09:25:00.330,3.303,1500
2020-09-09 09:25:00.330,3.303,1000
2020-09-09 09:25:00.330,3.303,9000
2020-09-09 09:25:00.330,3.303,1000
2020-09-09 09:25:00.330,3.303,200
2020-09-09 09:25:00.330,3.303,100
2020-09-09 09:25:00.330,3.303,9900
2020-09-09 09:25:00.330,3.303,9100
2020-09-09 09:25:00.330,3.303,800
2020-09-09 09:25:00.330,3.303,200
2020-09-09 09:25:00.330,3.303,10000
2020-09-09 09:25:00.330,3.303,1000
2020-09-09 09:25:00.330,3.303,1000
2020-09-09 09:25:00.330,3.303,200
2020-09-09 09:25:00.330,3.303,3000
2020-09-09 09:25:00.330,3.303,5000
2020-09-09 09:25:00.330,3.303,10000
2020-09-09 09:25:00.330,3.303,1000
2020-09-09 09:25:00.330,3.303,200
2020-09-09 09:25:00.330,3.303,2000
2020-09-09 09:25:00.330,3.303,1000
2020-09-09 09:25:00.330,3.303,2000
2020-09-09 09:25:00.330,3.303,1500
2020-09-09 09:25:00.330,3.303,100
2020-09-09 09:25:00.330,3.303,1000
2020-09-09 09:25:00.330,3.303,200
2020-09-09 09:25:00.330,3.303,100000
2020-09-09 09:25:00.330,3.303,20000
2020-09-09 09:25:00.330,3.303,2000
2020-09-09 09:25:00.330,3.303,20000
2020-09-09 09:25:00.330,3.303,1000
2020-09-09 09:25:00.330,3.303,200
2020-09-09 09:25:00.330,3.303,10000
2020-09-09 09:25:00.330,3.303,600
2020-09-09 09:25:00.330,3.303,500
2020-09-09 09:25:00.330,3.303,500
2020-09-09 09:25:00.330,3.303,10000
2020-09-09 09:25:00.330,3.303,60000
2020-09-09 09:25:00.330,3.303,5000
2020-09-09 09:25:00.330,3.303,10000
2020-09-09 09:25:00.330,3.303,2500
2020-09-09 09:25:00.330,3.303,2000
2020-09-09 09:25:00.330,3.303,12600
2020-09-09 09:25:00.330,3.303,12000
2020-09-09 09:25:00.330,3.303,1500
2020-09-09 09:25:00.330,3.303,1000
2020-09-09 09:25:00.330,3.303,10000
2020-09-09 09:25:00.330,3.303,200
2020-09-09 09:25:00.330,3.303,800
2020-09-09 09:25:00.330,3.303,1000
2020-09-09 09:25:00.330,3.303,1000
2020-09-09 09:25:00.330,3.303,200
2020-09-09 09:25:00.330,3.303,100
2020-09-09 09:25:00.330,3.303,10000
2020-09-09 09:25:00.330,3.303,1000
2020-09-09 09:25:00.330,3.303,10000
2020-09-09 09:25:00.330,3.303,5000
2020-09-09 09:25:00.330,3.303,1000
2020-09-09 09:25:00.330,3.303,10000
2020-09-09 09:25:00.330,3.303,7000
2020-09-09 09:25:00.330,3.303,1000
2020-09-09 09:25:00.330,3.303,1800
2020-09-09 09:25:00.330,3.303,3000
2020-09-09 09:25:00.330,3.303,20000
2020-09-09 09:25:00.330,3.303,179500
2020-09-09 09:25:00.330,3.303,21800
2020-09-09 09:25:00.330,3.303,63300
2020-09-09 09:25:00.330,3.303,113700
2020-09-09 09:25:00.330,3.303,40600
2020-09-09 09:25:00.330,3.303,11100
2020-09-09 09:25:00.330,3.303,1000
2020-09-09 09:25:00.330,3.303,200
2020-09-09 09:25:00.330,3.303,6000
2020-09-09 09:25:00.330,3.303,7000
2020-09-09 09:25:00.330,3.303,1500
2020-09-09 09:25:00.330,3.303,6000
2020-09-09 09:25:00.330,3.303,5000
2020-09-09 09:25:00.330,3.303,200
2020-09-09 09:25:00.330,3.303,1000
2020-09-09 09:25:00.330,3.303,200
2020-09-09 09:25:00.330,3.303,6100
2020-09-09 09:25:00.330,3.303,3000
2020-09-09 09:25:00.330,3.303,1000
2020-09-09 09:25:00.330,3.303,7000
2020-09-09 09:25:00.330,3.303,5000
2020-09-09 09:25:00.330,3.303,6000
2020-09-09 09:25:00.330,3.303,10000
2020-09-09 09:25:00.330,3.303,1000
2020-09-09 09:25:00.330,3.303,200
2020-09-09 09:25:00.330,3.303,8700
2020-09-09 09:25:00.330,3.303,1300
2020-09-09 09:25:00.330,3.303,1500
2020-09-09 09:25:00.330,3.303,20000
2020-09-09 09:25:00.330,3.303,3000
2020-09-09 09:25:00.330,3.303,5000
2020-09-09 09:25:00.330,3.303,300
2020-09-09 09:25:00.330,3.303,3000
2020-09-09 09:25:00.330,3.303,10000
2020-09-09 09:25:00.330,3.303,200
2020-09-09 09:25:00.330,3.303,2000
2020-09-09 09:25:00.330,3.303,1000
2020-09-09 09:25:00.330,3.303,200
2020-09-09 09:25:00.330,3.303,2000
2020-09-09 09:25:00.330,3.303,500
2020-09-09 09:25:00.330,3.303,11600
2020-09-09 09:25:00.330,3.303,50000
2020-09-09 09:25:00.330,3.303,7000
2020-09-09 09:25:00.330,3.303,300
2020-09-09 09:25:00.330,3.303,5000
2020-09-09 09:25:00.330,3.303,10000
2020-09-09 09:25:00.330,3.303,10000
2020-09-09 09:25:00.330,3.303,100000
2020-09-09 09:25:00.330,3.303,5000
2020-09-09 09:25:00.330,3.303,1000
2020-09-09 09:25:00.330,3.303,200
2020-09-09 09:25:00.330,3.303,100
2020-09-09 09:25:00.330,3.303,10000
2020-09-09 09:25:00.330,3.303,500
2020-09-09 09:25:00.330,3.303,500
2020-09-09 09:25:00.330,3.303,10000
2020-09-09 09:25:00.330,3.303,1000
2020-09-09 09:25:00.330,3.303,600
2020-09-09 09:25:00.330,3.303,1000
2020-09-09 09:25:00.330,3.303,7000
2020-09-09 09:25:00.330,3.303,100
2020-09-09 09:25:00.330,3.303,300
2020-09-09 09:25:00.330,3.303,10000
2020-09-09 09:25:00.330,3.303,3000
2020-09-09 09:25:00.330,3.303,1000
2020-09-09 09:25:00.330,3.303,200
2020-09-09 09:25:00.330,3.303,600
2020-09-09 09:25:00.330,3.303,3000
2020-09-09 09:25:00.330,3.303,7000
2020-09-09 09:25:00.330,3.303,500
2020-09-09 09:25:00.330,3.303,3000
2020-09-09 09:25:00.330,3.303,10000
2020-09-09 09:25:00.330,3.303,1000
2020-09-09 09:25:00.330,3.303,500
2020-09-09 09:25:00.330,3.303,4000
2020-09-09 09:25:00.330,3.303,200
2020-09-09 09:25:00.330,3.303,700
2020-09-09 09:25:00.330,3.303,400
2020-09-09 09:25:00.330,3.303,400
2020-09-09 09:25:00.330,3.303,2000
2020-09-09 09:25:00.330,3.303,600
2020-09-09 09:25:00.330,3.303,2000
2020-09-09 09:30:00.070,3.303,14000
2020-09-09 09:30:00.100,3.302,3000
2020-09-09 09:30:00.100,3.302,6500
2020-09-09 09:30:00.100,3.302,400
2020-09-09 09:30:00.100,3.302,6000
2020-09-09 09:30:00.100,3.302,4500
2020-09-09 09:30:00.100,3.302,100
2020-09-09 09:30:00.100,3.302,1000
2020-09-09 09:30:00.100,3.302,600
2020-09-09 09:30:00.100,3.302,200
2020-09-09 09:30:00.100,3.302,1000
2020-09-09 09:30:00.100,3.302,1000
2020-09-09 09:30:00.100,3.302,3000
2020-09-09 09:30:00.100,3.302,5600
2020-09-09 09:30:00.210,3.302,24400
2020-09-09 09:30:00.210,3.302,41500
2020-09-09 09:30:00.250,3.303,9300
2020-09-09 09:30:00.250,3.303,20000
2020-09-09 09:30:00.420,3.303,3500
2020-09-09 09:30:00.420,3.302,20000
2020-09-09 09:30:00.460,3.302,10000
2020-09-09 09:30:00.510,3.303,4100
2020-09-09 09:30:00.510,3.303,6800
2020-09-09 09:30:00.560,3.303,100
2020-09-09 09:30:00.560,3.303,100
2020-09-09 09:30:00.560,3.303,3000
2020-09-09 09:30:00.560,3.302,10000
2020-09-09 09:30:00.560,3.303,5000
2020-09-09 09:30:00.660,3.303,1000
2020-09-09 09:30:00.660,3.303,9100
2020-09-09 09:30:00.660,3.303,4000
2020-09-09 09:30:00.790,3.302,213500
2020-09-09 09:30:00.790,3.302,10000
2020-09-09 09:30:00.790,3.302,400
2020-09-09 09:30:00.790,3.302,3000
2020-09-09 09:30:00.790,3.302,100
2020-09-09 09:30:00.790,3.301,3000
2020-09-09 09:30:00.790,3.301,4000
2020-09-09 09:30:00.790,3.301,1000
2020-09-09 09:30:00.790,3.301,2000
2020-09-09 09:30:00.790,3.301,2000
2020-09-09 09:30:00.790,3.301,10000
2020-09-09 09:30:00.790,3.301,10000
2020-09-09 09:30:00.790,3.301,100
2020-09-09 09:30:00.790,3.301,1000
2020-09-09 09:30:00.790,3.301,200
2020-09-09 09:30:00.790,3.301,500
2020-09-09 09:30:00.790,3.301,6000
2020-09-09 09:30:00.790,3.301,6000
2020-09-09 09:30:00.790,3.301,600
2020-09-09 09:30:00.790,3.301,100
2020-09-09 09:30:00.790,3.301,26500
2020-09-09 09:30:00.790,3.303,100
2020-09-09 09:30:00.790,3.303,10000
2020-09-09 09:30:00.790,3.303,20000
2020-09-09 09:30:00.790,3.303,3000
2020-09-09 09:30:00.790,3.303,20000
2020-09-09 09:30:00.900,3.303,40000
2020-09-09 09:30:00.900,3.303,61000
2020-09-09 09:30:00.900,3.303,30000
2020-09-09 09:30:00.900,3.303,5700
2020-09-09 09:30:00.900,3.303,5700
2020-09-09 09:30:00.900,3.303,1000
2020-09-09 09:30:01.020,3.302,5700
2020-09-09 09:30:01.020,3.302,10000
2020-09-09 09:30:01.020,3.302,1000
2020-09-09 09:30:01.020,3.302,10000
2020-09-09 09:30:01.100,3.302,10000
2020-09-09 09:30:01.100,3.302,100
2020-09-09 09:30:01.170,3.302,300
2020-09-09 09:30:01.170,3.302,100
2020-09-09 09:30:01.170,3.302,15000
2020-09-09 09:30:01.170,3.302,500
2020-09-09 09:30:01.170,3.302,2000
2020-09-09 09:30:01.170,3.302,5000
2020-09-09 09:30:01.170,3.302,1000
2020-09-09 09:30:01.280,3.302,700
2020-09-09 09:30:01.280,3.302,5000
2020-09-09 09:30:01.280,3.302,700
2020-09-09 09:30:01.280,3.301,33500
2020-09-09 09:30:01.280,3.301,2000
2020-09-09 09:30:01.280,3.301,24300
2020-09-09 09:30:01.280,3.302,500
2020-09-09 09:30:01.280,3.302,3100
2020-09-09 09:30:01.280,3.302,1600
2020-09-09 09:30:01.400,3.302,500
2020-09-09 09:30:01.400,3.301,3000
2020-09-09 09:30:01.400,3.302,800
2020-09-09 09:30:01.530,3.302,272400
2020-09-09 09:30:01.530,3.302,2000
2020-09-09 09:30:01.590,3.302,1000
2020-09-09 09:30:01.590,3.302,3000
2020-09-09 09:30:01.640,3.302,1000
2020-09-09 09:30:01.640,3.302,58900
2020-09-09 09:30:01.690,3.302,500
2020-09-09 09:30:01.690,3.301,3500
2020-09-09 09:30:01.690,3.302,400
2020-09-09 09:30:01.760,3.302,700
2020-09-09 09:30:01.930,3.302,200
2020-09-09 09:30:01.980,3.302,100
2020-09-09 09:30:01.980,3.302,20000
2020-09-09 09:30:02.020,3.302,72600
2020-09-09 09:30:02.020,3.302,27400
2020-09-09 09:30:02.070,3.302,200
2020-09-09 09:30:02.070,3.302,4000
2020-09-09 09:30:02.110,3.302,100
2020-09-09 09:30:02.160,3.302,20000
2020-09-09 09:30:02.160,3.302,2000
2020-09-09 09:30:02.160,3.302,3000
2020-09-09 09:30:02.160,3.302,6200
2020-09-09 09:30:02.250,3.301,15000
2020-09-09 09:30:02.250,3.302,3000
2020-09-09 09:30:02.250,3.302,5000
2020-09-09 09:30:02.290,3.301,5000
2020-09-09 09:30:02.330,3.302,21300
2020-09-09 09:30:02.370,3.302,700
2020-09-09 09:30:02.370,3.302,1000
2020-09-09 09:30:02.460,3.302,500
2020-09-09 09:30:02.490,3.301,9200
2020-09-09 09:30:02.490,3.301,3800
2020-09-09 09:30:02.490,3.302,101000
2020-09-09 09:30:02.490,3.302,700
2020-09-09 09:30:02.490,3.302,1000
2020-09-09 09:30:02.490,3.303,222900
2020-09-09 09:30:02.590,3.303,1000
2020-09-09 09:30:02.630,3.303,2000
2020-09-09 09:30:02.630,3.303,1000
2020-09-09 09:30:02.690,3.303,100
2020-09-09 09:30:02.690,3.302,800
2020-09-09 09:30:02.740,3.303,10000
2020-09-09 09:30:02.740,3.302,3000
2020-09-09 09:30:02.790,3.302,1200
2020-09-09 09:30:02.790,3.301,16900
2020-09-09 09:30:02.920,3.301,3000
2020-09-09 09:30:02.920,3.301,13200
2020-09-09 09:30:02.950,3.302,500
2020-09-09 09:30:02.990,3.302,2800
2020-09-09 09:30:02.990,3.302,5000
2020-09-09 09:30:02.990,3.302,5000
2020-09-09 09:30:03.030,3.302,5000
2020-09-09 09:30:03.070,3.301,1800
2020-09-09 09:30:03.070,3.302,200
2020-09-09 09:30:03.110,3.302,2000
2020-09-09 09:30:03.210,3.302,100
2020-09-09 09:30:03.250,3.302,6000
2020-09-09 09:30:03.290,3.302,10000
2020-09-09 09:30:03.330,3.302,2400
2020-09-09 09:30:03.330,3.302,400
2020-09-09 09:30:03.330,3.303,1200
2020-09-09 09:30:03.490,3.301,20000
2020-09-09 09:30:03.490,3.302,1900
2020-09-09 09:30:03.490,3.303,1100
2020-09-09 09:30:03.490,3.302,600
2020-09-09 09:30:03.490,3.302,100
2020-09-09 09:30:03.610,3.301,1900
2020-09-09 09:30:03.610,3.301,19300
2020-09-09 09:30:03.610,3.301,20000
2020-09-09 09:30:03.610,3.301,100
2020-09-09 09:30:03.610,3.301,1000
2020-09-09 09:30:03.610,3.301,6000
2020-09-09 09:30:03.610,3.301,2000
2020-09-09 09:30:03.610,3.301,14000
2020-09-09 09:30:03.610,3.301,500
2020-09-09 09:30:03.610,3.301,1600
2020-09-09 09:30:03.610,3.301,2500
2020-09-09 09:30:03.610,3.301,5000
2020-09-09 09:30:03.610,3.301,10000
2020-09-09 09:30:03.610,3.301,3000
2020-09-09 09:30:03.610,3.301,1000
2020-09-09 09:30:03.610,3.301,3000
2020-09-09 09:30:03.610,3.301,10000
2020-09-09 09:30:03.610,3.301,500
2020-09-09 09:30:03.610,3.301,20000
2020-09-09 09:30:03.610,3.301,5000
2020-09-09 09:30:03.610,3.301,1300
2020-09-09 09:30:03.610,3.3,10000
2020-09-09 09:30:03.610,3.3,2000
2020-09-09 09:30:03.610,3.3,4100
2020-09-09 09:30:03.610,3.3,100
2020-09-09 09:30:03.610,3.3,2200
2020-09-09 09:30:03.610,3.3,1000
2020-09-09 09:30:03.610,3.3,10000
2020-09-09 09:30:03.610,3.3,15700
2020-09-09 09:30:03.610,3.3,1000
2020-09-09 09:30:03.610,3.3,1000
2020-09-09 09:30:03.610,3.3,500
2020-09-09 09:30:03.610,3.3,4300
2020-09-09 09:30:03.610,3.3,10000
2020-09-09 09:30:03.610,3.3,2100
2020-09-09 09:30:03.610,3.3,1000
2020-09-09 09:30:03.610,3.3,300
2020-09-09 09:30:03.610,3.3,1000
2020-09-09 09:30:03.610,3.3,1000
2020-09-09 09:30:03.610,3.3,200
2020-09-09 09:30:03.610,3.3,2000
2020-09-09 09:30:03.610,3.3,100
2020-09-09 09:30:03.610,3.3,2500
2020-09-09 09:30:03.610,3.3,11500
2020-09-09 09:30:03.610,3.3,10000
2020-09-09 09:30:03.610,3.3,500
2020-09-09 09:30:03.610,3.3,300
2020-09-09 09:30:03.610,3.3,100
2020-09-09 09:30:03.610,3.3,6000
2020-09-09 09:30:03.610,3.3,10000
2020-09-09 09:30:03.610,3.3,5000
2020-09-09 09:30:03.610,3.3,2000
2020-09-09 09:30:03.610,3.3,10000
2020-09-09 09:30:03.610,3.3,5200
2020-09-09 09:30:03.610,3.3,200
2020-09-09 09:30:03.610,3.3,3000
2020-09-09 09:30:03.610,3.3,10000
2020-09-09 09:30:03.610,3.3,400
2020-09-09 09:30:03.610,3.3,1000
2020-09-09 09:30:03.610,3.3,1000
2020-09-09 09:30:03.610,3.3,1600
2020-09-09 09:30:03.610,3.3,12000
2020-09-09 09:30:03.610,3.3,2000
2020-09-09 09:30:03.610,3.3,2000
2020-09-09 09:30:03.610,3.3,10000
2020-09-09 09:30:03.610,3.3,1500
2020-09-09 09:30:03.610,3.3,20000
2020-09-09 09:30:03.610,3.3,700
2020-09-09 09:30:03.610,3.3,2000
2020-09-09 09:30:03.610,3.3,20000
2020-09-09 09:30:03.610,3.3,3000
2020-09-09 09:30:03.610,3.3,3000
2020-09-09 09:30:03.610,3.3,5000
2020-09-09 09:30:03.610,3.3,10000
2020-09-09 09:30:03.610,3.3,5400
2020-09-09 09:30:03.610,3.3,100
2020-09-09 09:30:03.610,3.3,3000
2020-09-09 09:30:03.610,3.3,5000
2020-09-09 09:30:03.610,3.3,20000
2020-09-09 09:30:03.610,3.3,10000
2020-09-09 09:30:03.610,3.3,1000
2020-09-09 09:30:03.610,3.3,6000
2020-09-09 09:30:03.610,3.3,300
2020-09-09 09:30:03.610,3.3,2000
2020-09-09 09:30:03.610,3.3,7000
2020-09-09 09:30:03.610,3.3,500
2020-09-09 09:30:03.610,3.3,1400
2020-09-09 09:30:03.610,3.3,5000
2020-09-09 09:30:03.610,3.3,500
2020-09-09 09:30:03.610,3.3,5000
2020-09-09 09:30:03.610,3.3,400
2020-09-09 09:30:03.610,3.3,20000
2020-09-09 09:30:03.610,3.3,3000
2020-09-09 09:30:03.610,3.3,5000
2020-09-09 09:30:03.610,3.3,5000
2020-09-09 09:30:03.610,3.3,900
2020-09-09 09:30:03.610,3.3,100
2020-09-09 09:30:03.610,3.3,500
2020-09-09 09:30:03.610,3.3,5000
2020-09-09 09:30:03.610,3.3,500
2020-09-09 09:30:03.610,3.3,10000
2020-09-09 09:30:03.610,3.3,100
2020-09-09 09:30:03.680,3.3,100
2020-09-09 09:30:03.680,3.3,5000
2020-09-09 09:30:03.700,3.299,1000
2020-09-09 09:30:03.700,3.299,200
2020-09-09 09:30:03.700,3.299,3000
2020-09-09 09:30:03.700,3.299,6000
2020-09-09 09:30:03.700,3.299,5000
2020-09-09 09:30:03.700,3.299,100
2020-09-09 09:30:03.700,3.299,7000
2020-09-09 09:30:03.700,3.299,12700
2020-09-09 09:30:03.750,3.3,3400
2020-09-09 09:30:03.750,3.3,10000
2020-09-09 09:30:03.750,3.3,20000
2020-09-09 09:30:03.750,3.3,500
2020-09-09 09:30:03.870,3.3,2000
2020-09-09 09:30:03.870,3.3,6000
2020-09-09 09:30:03.920,3.3,100000
2020-09-09 09:30:03.920,3.3,3000
2020-09-09 09:30:04.050,3.3,1000
2020-09-09 09:30:04.050,3.3,15000
2020-09-09 09:30:04.090,3.3,1600
2020-09-09 09:30:04.210,3.3,300
2020-09-09 09:30:04.210,3.3,200
2020-09-09 09:30:04.300,3.3,800
2020-09-09 09:30:04.330,3.3,28600
2020-09-09 09:30:04.330,3.3,5000
2020-09-09 09:30:04.330,3.3,8000
2020-09-09 09:30:04.330,3.3,5100
2020-09-09 09:30:04.430,3.3,5000
2020-09-09 09:30:04.430,3.299,5000
2020-09-09 09:30:04.470,3.3,1800
2020-09-09 09:30:04.560,3.3,3000
2020-09-09 09:30:04.560,3.3,5700
2020-09-09 09:30:04.560,3.3,2000
2020-09-09 09:30:04.560,3.3,5000
2020-09-09 09:30:04.610,3.3,20000
2020-09-09 09:30:04.660,3.3,1000
2020-09-09 09:30:04.740,3.3,100
2020-09-09 09:30:04.740,3.3,3000
2020-09-09 09:30:04.740,3.3,4000
2020-09-09 09:30:04.770,3.3,900
2020-09-09 09:30:04.770,3.3,3300
2020-09-09 09:30:04.810,3.3,238100
2020-09-09 09:30:04.810,3.3,12000
2020-09-09 09:30:04.810,3.301,49900
2020-09-09 09:30:04.850,3.301,3000
2020-09-09 09:30:04.890,3.301,500
2020-09-09 09:30:04.890,3.301,20000
2020-09-09 09:30:04.950,3.301,5000
2020-09-09 09:30:05.000,3.301,2000
2020-09-09 09:30:05.000,3.301,219600
2020-09-09 09:30:05.000,3.301,9200
2020-09-09 09:30:05.000,3.302,27900
2020-09-09 09:30:05.000,3.302,800
2020-09-09 09:30:05.000,3.302,10000
2020-09-09 09:30:05.000,3.302,5000
2020-09-09 09:30:05.000,3.302,27500
2020-09-09 09:30:05.090,3.302,500
2020-09-09 09:30:05.090,3.302,3000
2020-09-09 09:30:05.090,3.302,5000
2020-09-09 09:30:05.170,3.302,60000
2020-09-09 09:30:05.170,3.302,5000
2020-09-09 09:30:05.230,3.302,10100
2020-09-09 09:30:05.330,3.301,5000
2020-09-09 09:30:05.330,3.3,200
2020-09-09 09:30:05.330,3.302,1000
2020-09-09 09:30:05.330,3.302,6000
2020-09-09 09:30:05.450,3.301,1500
2020-09-09 09:30:05.450,3.302,100
2020-09-09 09:30:05.490,3.302,2900
2020-09-09 09:30:05.490,3.302,200
2020-09-09 09:30:05.490,3.302,9600
2020-09-09 09:30:05.490,3.302,100
2020-09-09 09:30:05.560,3.302,600
2020-09-09 09:30:05.610,3.301,500
2020-09-09 09:30:05.610,3.301,100
2020-09-09 09:30:05.650,3.301,5000
2020-09-09 09:30:05.650,3.301,4400
2020-09-09 09:30:05.650,3.302,295600
2020-09-09 09:30:05.650,3.3,3000
2020-09-09 09:30:05.650,3.3,100
2020-09-09 09:30:05.650,3.302,300
2020-09-09 09:30:05.840,3.302,1000
2020-09-09 09:30:05.880,3.302,300
2020-09-09 09:30:05.920,3.302,1500
2020-09-09 09:30:05.920,3.302,10000
2020-09-09 09:30:05.920,3.302,20000
2020-09-09 09:30:05.920,3.302,6000
2020-09-09 09:30:05.920,3.302,500
2020-09-09 09:30:06.000,3.301,2000
2020-09-09 09:30:06.000,3.3,400
2020-09-09 09:30:06.030,3.302,1900
2020-09-09 09:30:06.110,3.301,1000
2020-09-09 09:30:06.110,3.301,5000
2020-09-09 09:30:06.110,3.3,500
2020-09-09 09:30:06.140,3.301,19000
2020-09-09 09:30:06.140,3.302,11200
2020-09-09 09:30:06.190,3.302,2000
2020-09-09 09:30:06.190,3.302,100
2020-09-09 09:30:06.230,3.3,25000
2020-09-09 09:30:06.230,3.302,2000
2020-09-09 09:30:06.270,3.302,40000
2020-09-09 09:30:06.270,3.302,2100
2020-09-09 09:30:06.340,3.302,1000
2020-09-09 09:30:06.340,3.302,10000
2020-09-09 09:30:06.560,3.302,12000
2020-09-09 09:30:06.580,3.302,100
2020-09-09 09:30:06.660,3.302,200
2020-09-09 09:30:06.660,3.302,300
2020-09-09 09:30:06.700,3.302,3000
2020-09-09 09:30:06.700,3.302,200
2020-09-09 09:30:06.700,3.302,100
2020-09-09 09:30:06.860,3.302,5000
2020-09-09 09:30:06.860,3.302,2000
2020-09-09 09:30:06.930,3.301,4000
2020-09-09 09:30:06.930,3.301,100
2020-09-09 09:30:06.930,3.301,1500
2020-09-09 09:30:06.930,3.3,14500
2020-09-09 09:30:07.090,3.302,3000
2020-09-09 09:30:07.320,3.302,10000
2020-09-09 09:30:07.320,3.302,1000
2020-09-09 09:30:07.380,3.302,1500
2020-09-09 09:30:07.380,3.302,100
2020-09-09 09:30:07.440,3.302,2000
2020-09-09 09:30:07.480,3.302,2000
2020-09-09 09:30:07.480,3.302,800
2020-09-09 09:30:07.480,3.302,100
2020-09-09 09:30:07.520,3.302,1000
2020-09-09 09:30:07.520,3.301,300
2020-09-09 09:30:07.520,3.3,10000
2020-09-09 09:30:07.600,3.302,100
2020-09-09 09:30:07.710,3.302,1500
2020-09-09 09:30:07.910,3.302,10000
2020-09-09 09:30:07.950,3.302,8400
2020-09-09 09:30:07.950,3.302,1000
2020-09-09 09:30:07.990,3.302,6000
2020-09-09 09:30:08.110,3.302,500
2020-09-09 09:30:08.110,3.302,7000
2020-09-09 09:30:08.300,3.301,3000
2020-09-09 09:30:08.300,3.3,246300
2020-09-09 09:30:08.300,3.3,100
2020-09-09 09:30:08.300,3.3,400
2020-09-09 09:30:08.300,3.3,4000
2020-09-09 09:30:08.300,3.3,1000
2020-09-09 09:30:08.300,3.3,500
2020-09-09 09:30:08.300,3.3,500
2020-09-09 09:30:08.300,3.3,3000
2020-09-09 09:30:08.300,3.3,300
2020-09-09 09:30:08.300,3.3,1000
2020-09-09 09:30:08.300,3.3,1000
2020-09-09 09:30:08.300,3.3,2000
2020-09-09 09:30:08.300,3.3,100
2020-09-09 09:30:08.300,3.3,2000
2020-09-09 09:30:08.300,3.3,16000
2020-09-09 09:30:08.300,3.3,600
2020-09-09 09:30:08.300,3.299,18700
2020-09-09 09:30:08.360,3.3,100
2020-09-09 09:30:08.440,3.3,10000
2020-09-09 09:30:08.480,3.3,4900
2020-09-09 09:30:08.590,3.3,17500
2020-09-09 09:30:08.590,3.302,10000
2020-09-09 09:30:08.590,3.3,600
2020-09-09 09:30:08.640,3.302,1100
2020-09-09 09:30:08.700,3.302,3000
2020-09-09 09:30:08.700,3.302,5000
2020-09-09 09:30:08.820,3.302,6100
2020-09-09 09:30:08.820,3.3,3000
2020-09-09 09:30:08.820,3.302,15000
2020-09-09 09:30:08.880,3.302,1000
2020-09-09 09:30:09.160,3.3,274000
2020-09-09 09:30:09.160,3.3,4500
2020-09-09 09:30:09.160,3.299,21800
2020-09-09 09:30:09.160,3.301,1000
2020-09-09 09:30:09.160,3.301,5000
2020-09-09 09:30:09.160,3.301,1000
2020-09-09 09:30:09.210,3.299,12000
2020-09-09 09:30:09.550,3.301,3000
2020-09-09 09:30:09.760,3.301,300
2020-09-09 09:30:09.760,3.301,1000
2020-09-09 09:30:09.900,3.301,100
2020-09-09 09:30:09.970,3.3,4000
2020-09-09 09:30:09.970,3.3,6000
2020-09-09 09:30:10.190,3.301,200
2020-09-09 09:30:10.190,3.301,2000
2020-09-09 09:30:10.260,3.3,4000
2020-09-09 09:30:10.260,3.3,100
2020-09-09 09:30:10.260,3.299,29800
2020-09-09 09:30:10.260,3.299,1000
2020-09-09 09:30:10.260,3.299,10000
2020-09-09 09:30:10.260,3.299,10000
2020-09-09 09:30:10.260,3.299,500
2020-09-09 09:30:10.260,3.299,300
2020-09-09 09:30:10.260,3.299,6000
2020-09-09 09:30:10.260,3.299,10000
2020-09-09 09:30:10.260,3.299,228300
2020-09-09 09:30:10.260,3.301,20000
2020-09-09 09:30:10.370,3.299,71700
2020-09-09 09:30:10.370,3.299,10000
2020-09-09 09:30:10.370,3.299,100
2020-09-09 09:30:10.370,3.298,5000
2020-09-09 09:30:10.370,3.298,600
2020-09-09 09:30:10.370,3.298,400
2020-09-09 09:30:10.370,3.298,1000
2020-09-09 09:30:10.370,3.298,20000
2020-09-09 09:30:10.370,3.298,200
2020-09-09 09:30:10.370,3.298,400
2020-09-09 09:30:10.370,3.298,6000
2020-09-09 09:30:10.370,3.298,19300
2020-09-09 09:30:10.370,3.298,100
2020-09-09 09:30:10.370,3.298,200
2020-09-09 09:30:10.370,3.298,7000
2020-09-09 09:30:10.370,3.298,3000
2020-09-09 09:30:10.370,3.298,100
2020-09-09 09:30:10.370,3.298,20200
2020-09-09 09:30:10.370,3.298,50000
2020-09-09 09:30:10.370,3.298,400
2020-09-09 09:30:10.370,3.298,5700
2020-09-09 09:30:10.370,3.298,100
2020-09-09 09:30:10.370,3.298,20000
2020-09-09 09:30:10.370,3.298,12600
2020-09-09 09:30:10.370,3.298,6000
2020-09-09 09:30:10.370,3.298,2000
2020-09-09 09:30:10.370,3.298,3000
2020-09-09 09:30:10.370,3.298,1000
2020-09-09 09:30:10.370,3.298,20000
2020-09-09 09:30:10.370,3.298,200
2020-09-09 09:30:10.370,3.298,1000
2020-09-09 09:30:10.370,3.298,12700
2020-09-09 09:30:10.450,3.301,800
2020-09-09 09:30:10.490,3.301,4400
2020-09-09 09:30:10.490,3.302,5600
2020-09-09 09:30:11.010,3.302,500
2020-09-09 09:30:11.010,3.302,500
2020-09-09 09:30:11.050,3.302,500
2020-09-09 09:30:11.050,3.302,20000
2020-09-09 09:30:12.340,3.302,30000
2020-09-09 09:30:13.180,3.302,5000
2020-09-09 09:30:13.180,3.3,1000
2020-09-09 09:30:13.180,3.3,5000
2020-09-09 09:30:13.620,3.302,50000
2020-09-09 09:30:14.030,3.302,300
2020-09-09 09:30:14.250,3.302,500
2020-09-09 09:30:14.280,3.3,2900
2020-09-09 09:30:15.260,3.302,1500
2020-09-09 09:30:15.260,3.302,1500
2020-09-09 09:30:15.260,3.302,1500
2020-09-09 09:30:15.610,3.302,2000
2020-09-09 09:30:15.870,3.302,17900
2020-09-09 09:30:15.870,3.302,1600
2020-09-09 09:30:15.870,3.302,20000
2020-09-09 09:30:15.870,3.302,1000
2020-09-09 09:30:15.870,3.302,81700
2020-09-09 09:30:15.870,3.302,3000
2020-09-09 09:30:15.870,3.302,100
2020-09-09 09:30:15.870,3.302,174700
2020-09-09 09:30:16.380,3.301,1800
2020-09-09 09:30:16.380,3.3,4200
2020-09-09 09:30:16.530,3.3,14800
2020-09-09 09:30:16.530,3.302,124600
2020-09-09 09:30:16.530,3.302,2400
2020-09-09 09:30:16.530,3.302,4800
2020-09-09 09:30:16.530,3.302,2000
2020-09-09 09:30:16.530,3.302,300
2020-09-09 09:30:16.530,3.302,500
2020-09-09 09:30:16.530,3.302,30000
2020-09-09 09:30:16.530,3.302,35700
2020-09-09 09:30:16.530,3.303,52900
2020-09-09 09:30:16.530,3.303,3300
2020-09-09 09:30:16.530,3.303,800
2020-09-09 09:30:16.530,3.303,10000
2020-09-09 09:30:16.530,3.303,300
2020-09-09 09:30:16.530,3.303,1500
2020-09-09 09:30:16.530,3.303,5000
2020-09-09 09:30:16.530,3.303,2400
2020-09-09 09:30:16.530,3.303,2900
2020-09-09 09:30:16.530,3.303,6000
2020-09-09 09:30:16.530,3.303,2000
2020-09-09 09:30:17.560,3.304,1500
2020-09-09 09:30:17.560,3.304,100
2020-09-09 09:30:17.600,3.305,500
2020-09-09 09:30:17.890,3.306,12200
2020-09-09 09:30:18.920,3.306,42800
2020-09-09 09:30:18.920,3.305,257200
2020-09-09 09:30:18.920,3.305,40700
2020-09-09 09:30:18.920,3.304,65900
2020-09-09 09:30:18.920,3.303,20000
2020-09-09 09:30:18.920,3.303,4000
2020-09-09 09:30:18.920,3.303,3000
2020-09-09 09:30:18.920,3.302,5000
2020-09-09 09:30:18.920,3.302,300000
2020-09-09 09:30:18.920,3.302,900
2020-09-09 09:30:18.920,3.302,7000
2020-09-09 09:30:18.920,3.302,100
2020-09-09 09:30:18.920,3.301,153400
2020-09-09 09:30:19.670,3.308,3000
2020-09-09 09:30:19.670,3.303,50000
2020-09-09 09:30:19.670,3.302,6900
2020-09-09 09:30:19.670,3.301,29100
2020-09-09 09:30:20.440,3.306,500
2020-09-09 09:30:20.940,3.306,29500
2020-09-09 09:30:20.940,3.304,2600
2020-09-09 09:30:20.940,3.303,2000
2020-09-09 09:30:20.940,3.303,6000
2020-09-09 09:30:20.940,3.303,9300
2020-09-09 09:30:20.940,3.302,10000
2020-09-09 09:30:20.940,3.302,1000
2020-09-09 09:30:20.940,3.301,117500
2020-09-09 09:30:20.940,3.301,20000
2020-09-09 09:30:20.940,3.301,2500
2020-09-09 09:30:20.940,3.301,100
2020-09-09 09:30:20.940,3.301,100000
2020-09-09 09:30:20.940,3.3,23100
2020-09-09 09:30:20.940,3.3,41400
2020-09-09 09:30:20.940,3.3,11300
2020-09-09 09:30:20.940,3.3,23700
2020-09-09 09:30:21.280,3.3,9800
2020-09-09 09:30:21.560,3.302,3000
2020-09-09 09:30:22.600,3.306,100000
2020-09-09 09:30:22.970,3.306,7400
2020-09-09 09:30:23.500,3.308,5000
2020-09-09 09:30:24.410,3.307,10000
2020-09-09 09:30:24.650,3.307,200
2020-09-09 09:30:25.540,3.308,200
2020-09-09 09:30:25.570,3.308,5000
2020-09-09 09:30:25.670,3.307,18600
2020-09-09 09:30:25.700,3.308,600
2020-09-09 09:30:25.930,3.307,11400
2020-09-09 09:30:25.930,3.305,3600
2020-09-09 09:30:26.100,3.305,1400
2020-09-09 09:30:26.100,3.304,18600
2020-09-09 09:30:27.430,3.308,3200
2020-09-09 09:30:27.430,3.308,3000
2020-09-09 09:30:28.390,3.308,10000
2020-09-09 09:30:28.390,3.308,500
2020-09-09 09:30:28.570,3.308,100
2020-09-09 09:30:29.080,3.308,28300
2020-09-09 09:30:29.080,3.308,1700
2020-09-09 09:30:29.080,3.308,30000
2020-09-09 09:30:29.330,3.308,8300
2020-09-09 09:30:30.590,3.309,10000
2020-09-09 09:30:31.210,3.308,5300
2020-09-09 09:30:33.790,3.309,300
2020-09-09 09:30:33.920,3.309,4700
2020-09-09 09:30:33.920,3.309,1300
2020-09-09 09:30:35.120,3.309,11200
2020-09-09 09:30:35.120,3.309,2900
2020-09-09 09:30:35.600,3.309,2100
2020-09-09 09:30:35.600,3.309,3000
2020-09-09 09:30:35.600,3.309,44900
2020-09-09 09:30:35.600,3.309,40000
2020-09-09 09:30:36.020,3.308,1700
2020-09-09 09:30:37.390,3.308,1800
2020-09-09 09:30:37.450,3.309,5000
2020-09-09 09:30:37.820,3.309,10000
2020-09-09 09:30:37.880,3.309,5800
2020-09-09 09:30:38.110,3.308,800
2020-09-09 09:30:38.440,3.309,32000
2020-09-09 09:30:38.460,3.309,5000
2020-09-09 09:30:38.810,3.309,18800
2020-09-09 09:30:40.280,3.309,6600
2020-09-09 09:30:40.380,3.309,13200
2020-09-09 09:30:40.510,3.308,4400
2020-09-09 09:30:40.510,3.308,5600
2020-09-09 09:30:40.550,3.309,10000
2020-09-09 09:30:40.830,3.308,12600
2020-09-09 09:30:41.250,3.309,4000
2020-09-09 09:30:41.290,3.309,12000
2020-09-09 09:30:41.550,3.308,1800
2020-09-09 09:30:41.550,3.308,5000
2020-09-09 09:30:41.550,3.308,20000
2020-09-09 09:30:41.550,3.308,2700
2020-09-09 09:30:41.550,3.308,40000
2020-09-09 09:30:41.550,3.308,300
2020-09-09 09:30:41.550,3.308,2500
2020-09-09 09:30:41.550,3.308,100
2020-09-09 09:30:41.550,3.308,6000
2020-09-09 09:30:41.550,3.308,1000
2020-09-09 09:30:41.550,3.308,1000
2020-09-09 09:30:41.550,3.308,500
2020-09-09 09:30:41.550,3.308,100
2020-09-09 09:30:41.550,3.308,500
2020-09-09 09:30:41.550,3.308,10000
2020-09-09 09:30:41.550,3.308,10000
2020-09-09 09:30:41.550,3.308,1100
2020-09-09 09:30:41.550,3.308,1600
2020-09-09 09:30:41.550,3.308,100
2020-09-09 09:30:41.550,3.308,1000
2020-09-09 09:30:41.550,3.308,20000
2020-09-09 09:30:41.550,3.308,3900
2020-09-09 09:30:41.550,3.308,30000
2020-09-09 09:30:41.930,3.308,100000
2020-09-09 09:30:42.030,3.308,5000
2020-09-09 09:30:42.290,3.308,6000
2020-09-09 09:30:42.470,3.308,20000
2020-09-09 09:30:42.500,3.308,700
2020-09-09 09:30:42.620,3.308,3000
2020-09-09 09:30:42.880,3.308,800
2020-09-09 09:30:43.200,3.308,3000
2020-09-09 09:30:43.300,3.308,500
2020-09-09 09:30:43.940,3.308,1800
2020-09-09 09:30:43.940,3.308,8200
2020-09-09 09:30:43.940,3.308,6000
2020-09-09 09:30:44.000,3.308,10000
2020-09-09 09:30:44.030,3.308,51600
2020-09-09 09:30:44.140,3.307,3200
2020-09-09 09:30:44.140,3.307,400
2020-09-09 09:30:44.140,3.307,400
2020-09-09 09:30:44.140,3.308,10000
2020-09-09 09:30:44.210,3.307,800
2020-09-09 09:30:44.210,3.307,300
2020-09-09 09:30:44.650,3.308,3200
2020-09-09 09:30:45.070,3.308,9900
2020-09-09 09:30:45.400,3.306,10000
2020-09-09 09:30:45.400,3.306,1000
2020-09-09 09:30:45.400,3.306,20000
2020-09-09 09:30:45.400,3.306,10000
2020-09-09 09:30:45.400,3.306,200
2020-09-09 09:30:45.400,3.305,100000
2020-09-09 09:30:45.400,3.305,79600
2020-09-09 09:30:45.400,3.304,57300
2020-09-09 09:30:45.430,3.308,300
2020-09-09 09:30:45.980,3.308,20000
2020-09-09 09:30:45.980,3.308,8000
2020-09-09 09:30:46.660,3.308,23100
2020-09-09 09:30:46.850,3.308,20000
2020-09-09 09:30:46.970,3.308,200
2020-09-09 09:30:47.040,3.308,2000
2020-09-09 09:30:47.340,3.308,10000
2020-09-09 09:30:48.790,3.307,100
2020-09-09 09:30:49.060,3.307,400
2020-09-09 09:30:49.060,3.308,19600
2020-09-09 09:30:49.280,3.308,34600
2020-09-09 09:30:49.980,3.306,10000
2020-09-09 09:30:49.980,3.306,700
2020-09-09 09:30:49.980,3.305,20000
2020-09-09 09:30:49.980,3.305,100
2020-09-09 09:30:49.980,3.304,14100
2020-09-09 09:30:49.980,3.304,1000
2020-09-09 09:30:49.980,3.303,100
2020-09-09 09:30:50.100,3.307,16800
2020-09-09 09:30:50.100,3.308,13200
2020-09-09 09:30:50.100,3.308,30000
2020-09-09 09:30:50.100,3.308,10000
2020-09-09 09:30:50.140,3.308,800
2020-09-09 09:30:50.950,3.308,300
2020-09-09 09:30:51.600,3.308,10000
2020-09-09 09:30:51.600,3.308,10000
2020-09-09 09:30:51.600,3.308,50000
2020-09-09 09:30:51.600,3.308,10000
2020-09-09 09:30:51.600,3.308,10000
2020-09-09 09:30:51.600,3.308,30000
2020-09-09 09:30:51.600,3.308,10000
2020-09-09 09:30:51.600,3.308,30000
2020-09-09 09:30:51.660,3.308,2500
2020-09-09 09:30:51.660,3.306,3000
2020-09-09 09:30:52.120,3.306,4000
2020-09-09 09:30:52.360,3.306,4900
2020-09-09 09:30:53.300,3.306,3000
2020-09-09 09:30:53.340,3.306,3000
2020-09-09 09:30:54.070,3.306,40000
2020-09-09 09:30:54.070,3.306,20000
2020-09-09 09:30:54.260,3.306,22100
2020-09-09 09:30:54.260,3.306,5000
2020-09-09 09:30:54.290,3.307,10000
2020-09-09 09:30:54.290,3.308,9500
2020-09-09 09:30:54.290,3.308,10500
2020-09-09 09:30:54.380,3.306,5000
2020-09-09 09:30:55.710,3.308,300
2020-09-09 09:30:56.310,3.308,5000
2020-09-09 09:30:57.040,3.307,50000
2020-09-09 09:30:57.040,3.307,2100
2020-09-09 09:30:57.040,3.306,11500
2020-09-09 09:30:57.070,3.308,8700
2020-09-09 09:30:57.710,3.308,2600
2020-09-09 09:30:57.740,3.308,3000
2020-09-09 09:30:57.850,3.308,5000
2020-09-09 09:30:59.590,3.307,1600
2020-09-09 09:31:00.500,3.307,200
2020-09-09 09:31:01.750,3.306,16900
2020-09-09 09:31:01.750,3.306,50000
2020-09-09 09:31:01.750,3.306,2200
2020-09-09 09:31:01.750,3.306,100000
2020-09-09 09:31:01.750,3.306,300
2020-09-09 09:31:01.750,3.306,10000
2020-09-09 09:31:01.750,3.306,100
2020-09-09 09:31:01.750,3.306,7900
2020-09-09 09:31:01.750,3.306,112600
2020-09-09 09:31:02.170,3.306,153000
2020-09-09 09:31:02.790,3.306,10000
2020-09-09 09:31:02.790,3.306,10000
2020-09-09 09:31:03.010,3.307,30000
2020-09-09 09:31:03.310,3.306,14100
2020-09-09 09:31:03.310,3.306,10000
2020-09-09 09:31:03.310,3.306,10000
2020-09-09 09:31:03.410,3.306,1000
2020-09-09 09:31:04.440,3.306,100
2020-09-09 09:31:04.820,3.306,10000
2020-09-09 09:31:05.000,3.305,3000
2020-09-09 09:31:05.000,3.305,1300
2020-09-09 09:31:05.000,3.305,300
2020-09-09 09:31:05.000,3.305,1600
2020-09-09 09:31:05.170,3.304,3300
2020-09-09 09:31:05.530,3.306,500
2020-09-09 09:31:05.530,3.306,500
2020-09-09 09:31:05.530,3.306,500
2020-09-09 09:31:05.560,3.306,2000
2020-09-09 09:31:05.600,3.306,200
2020-09-09 09:31:05.600,3.306,1700
2020-09-09 09:31:05.760,3.305,400
2020-09-09 09:31:05.990,3.305,5000
2020-09-09 09:31:06.240,3.305,500
2020-09-09 09:31:06.310,3.305,1200
2020-09-09 09:31:06.360,3.305,1000
2020-09-09 09:31:06.700,3.305,400
2020-09-09 09:31:06.760,3.303,5000
2020-09-09 09:31:07.810,3.305,3000
2020-09-09 09:31:08.070,3.305,400
2020-09-09 09:31:08.300,3.305,20000
2020-09-09 09:31:08.800,3.305,200
2020-09-09 09:31:11.160,3.305,2800
2020-09-09 09:31:11.160,3.306,8000
2020-09-09 09:31:13.360,3.305,100
2020-09-09 09:31:13.360,3.304,6900
2020-09-09 09:31:13.780,3.306,300
2020-09-09 09:31:14.010,3.304,3100
2020-09-09 09:31:14.010,3.304,6900
2020-09-09 09:31:14.550,3.304,3100
2020-09-09 09:31:15.340,3.304,1500
2020-09-09 09:31:15.340,3.306,500
2020-09-09 09:31:15.520,3.306,200
2020-09-09 09:31:15.740,3.306,7000
2020-09-09 09:31:16.040,3.305,10000
2020-09-09 09:31:16.560,3.305,3200
2020-09-09 09:31:17.950,3.304,2000
2020-09-09 09:31:17.950,3.304,2800
2020-09-09 09:31:18.050,3.304,2200
2020-09-09 09:31:18.050,3.304,500
2020-09-09 09:31:18.050,3.303,200
2020-09-09 09:31:18.860,3.304,1000
2020-09-09 09:31:19.290,3.304,5000
2020-09-09 09:31:19.360,3.304,9000
2020-09-09 09:31:19.890,3.305,1000
2020-09-09 09:31:19.890,3.305,2600
2020-09-09 09:31:19.890,3.305,1400
2020-09-09 09:31:19.920,3.305,2600
2020-09-09 09:31:19.920,3.303,14700
2020-09-09 09:31:19.920,3.303,12900
2020-09-09 09:31:19.920,3.303,15000
2020-09-09 09:31:19.920,3.303,9000
2020-09-09 09:31:19.920,3.303,300
2020-09-09 09:31:19.920,3.303,2200
2020-09-09 09:31:19.920,3.303,1500
2020-09-09 09:31:19.920,3.303,5900
2020-09-09 09:31:19.920,3.303,5000
2020-09-09 09:31:19.920,3.303,400
2020-09-09 09:31:19.920,3.303,1000
2020-09-09 09:31:19.920,3.303,5000
2020-09-09 09:31:19.920,3.303,2000
2020-09-09 09:31:19.920,3.303,7500
2020-09-09 09:31:19.920,3.303,3000
2020-09-09 09:31:19.920,3.303,20000
2020-09-09 09:31:19.920,3.302,5000
2020-09-09 09:31:19.920,3.302,100
2020-09-09 09:31:19.920,3.302,600
2020-09-09 09:31:19.920,3.302,10000
2020-09-09 09:31:19.920,3.302,1000
2020-09-09 09:31:19.920,3.302,6800
2020-09-09 09:31:19.920,3.302,5000
2020-09-09 09:31:19.920,3.302,4000
2020-09-09 09:31:19.920,3.302,2000
2020-09-09 09:31:19.920,3.302,20000
2020-09-09 09:31:19.920,3.302,1500
2020-09-09 09:31:19.920,3.302,3200
2020-09-09 09:31:19.920,3.302,12000
2020-09-09 09:31:19.920,3.302,300
2020-09-09 09:31:19.920,3.302,3200
2020-09-09 09:31:19.920,3.301,100000
2020-09-09 09:31:19.920,3.301,300
2020-09-09 09:31:19.920,3.301,5000
2020-09-09 09:31:19.920,3.301,200
2020-09-09 09:31:19.920,3.301,10000
2020-09-09 09:31:19.920,3.301,10000
2020-09-09 09:31:19.920,3.301,5000
2020-09-09 09:31:19.920,3.301,20000
2020-09-09 09:31:19.920,3.301,1500
2020-09-09 09:31:19.920,3.301,5000
2020-09-09 09:31:19.920,3.301,4000
2020-09-09 09:31:19.920,3.301,5000
2020-09-09 09:31:19.920,3.301,20000
2020-09-09 09:31:19.920,3.301,1500
2020-09-09 09:31:19.920,3.301,10000
2020-09-09 09:31:19.920,3.301,3000
2020-09-09 09:31:19.920,3.301,5000
2020-09-09 09:31:19.920,3.301,1000
2020-09-09 09:31:19.920,3.301,11100
2020-09-09 09:31:19.920,3.301,5000
2020-09-09 09:31:19.920,3.3,5000
2020-09-09 09:31:19.920,3.3,1000
2020-09-09 09:31:19.920,3.3,10000
2020-09-09 09:31:19.920,3.3,50000
2020-09-09 09:31:19.920,3.3,10000
2020-09-09 09:31:19.920,3.3,1000
2020-09-09 09:31:19.920,3.3,1000
2020-09-09 09:31:19.920,3.3,20000
2020-09-09 09:31:19.920,3.3,500
2020-09-09 09:31:19.920,3.3,4000
2020-09-09 09:31:19.920,3.3,500
2020-09-09 09:31:19.920,3.3,10800
2020-09-09 09:31:19.920,3.3,10000
2020-09-09 09:31:19.920,3.3,10000
2020-09-09 09:31:19.920,3.3,100000
2020-09-09 09:31:19.920,3.3,5000
2020-09-09 09:31:19.920,3.3,2000
2020-09-09 09:31:19.920,3.3,15000
2020-09-09 09:31:19.920,3.3,2000
2020-09-09 09:31:19.920,3.3,2000
2020-09-09 09:31:19.920,3.3,1000
2020-09-09 09:31:19.920,3.3,1500
2020-09-09 09:31:19.920,3.3,20000
2020-09-09 09:31:19.920,3.3,600
2020-09-09 09:31:19.920,3.3,1800
2020-09-09 09:31:19.920,3.3,3000
2020-09-09 09:31:19.920,3.3,7000
2020-09-09 09:31:20.570,3.304,200
2020-09-09 09:31:21.380,3.305,2800
2020-09-09 09:31:21.380,3.305,30000
2020-09-09 09:31:21.380,3.305,900
2020-09-09 09:31:21.830,3.305,200
2020-09-09 09:31:21.990,3.304,2000
2020-09-09 09:31:21.990,3.304,100
2020-09-09 09:31:22.720,3.304,10000
2020-09-09 09:31:22.940,3.304,2000
2020-09-09 09:31:23.040,3.304,500
2020-09-09 09:31:23.350,3.304,1000
2020-09-09 09:31:23.630,3.304,1400
2020-09-09 09:31:24.830,3.304,5000
2020-09-09 09:31:24.830,3.304,6700
2020-09-09 09:31:24.890,3.304,5000
2020-09-09 09:31:25.620,3.304,900
2020-09-09 09:31:25.760,3.304,3000
2020-09-09 09:31:25.870,3.303,8000
2020-09-09 09:31:25.870,3.303,1000
2020-09-09 09:31:25.870,3.303,5000
2020-09-09 09:31:25.920,3.303,30100
2020-09-09 09:31:25.920,3.303,87000
2020-09-09 09:31:25.950,3.303,2000
2020-09-09 09:31:26.050,3.303,100
2020-09-09 09:31:26.140,3.303,500
2020-09-09 09:31:26.520,3.303,2000
2020-09-09 09:31:26.520,3.303,2000
2020-09-09 09:31:26.580,3.303,5000
2020-09-09 09:31:26.650,3.303,1000
2020-09-09 09:31:27.330,3.302,1000
2020-09-09 09:31:27.330,3.302,10000
2020-09-09 09:31:27.330,3.302,10000
2020-09-09 09:31:27.330,3.302,10000
2020-09-09 09:31:27.330,3.302,10000
2020-09-09 09:31:27.330,3.302,3000
2020-09-09 09:31:27.770,3.301,2500
2020-09-09 09:31:28.090,3.301,300
2020-09-09 09:31:28.460,3.302,1000
2020-09-09 09:31:29.180,3.301,10000
2020-09-09 09:31:29.380,3.301,1800
2020-09-09 09:31:29.450,3.301,10000
2020-09-09 09:31:29.950,3.301,1600
2020-09-09 09:31:30.070,3.301,5000
2020-09-09 09:31:30.240,3.301,293400
2020-09-09 09:31:30.240,3.302,6600
2020-09-09 09:31:30.240,3.302,5000
2020-09-09 09:31:30.310,3.302,5000
2020-09-09 09:31:30.450,3.302,100
2020-09-09 09:31:30.690,3.302,3300
2020-09-09 09:31:30.690,3.302,6700
2020-09-09 09:31:30.900,3.302,100
2020-09-09 09:31:31.060,3.302,1000
2020-09-09 09:31:31.090,3.302,10000
2020-09-09 09:31:31.250,3.302,700
2020-09-09 09:31:32.370,3.302,300
2020-09-09 09:31:32.370,3.302,700
2020-09-09 09:31:33.320,3.3,3000
2020-09-09 09:31:33.320,3.3,1000
2020-09-09 09:31:33.320,3.3,10000
2020-09-09 09:31:33.320,3.3,1000
2020-09-09 09:31:33.320,3.3,1000
2020-09-09 09:31:33.320,3.3,800
2020-09-09 09:31:33.320,3.3,5000
2020-09-09 09:31:33.320,3.3,3000
2020-09-09 09:31:33.320,3.3,4000
2020-09-09 09:31:33.320,3.3,1200
2020-09-09 09:31:34.640,3.301,100
2020-09-09 09:31:35.460,3.301,300
2020-09-09 09:31:35.590,3.301,600
2020-09-09 09:31:35.680,3.3,3800
2020-09-09 09:31:35.680,3.3,3500
2020-09-09 09:31:35.710,3.301,1000
2020-09-09 09:31:35.710,3.302,4000
2020-09-09 09:31:35.870,3.302,500
2020-09-09 09:31:36.210,3.302,200
2020-09-09 09:31:36.370,3.301,500
2020-09-09 09:31:37.120,3.3,1100
2020-09-09 09:31:37.400,3.301,1300
2020-09-09 09:31:37.400,3.301,3700
2020-09-09 09:31:37.530,3.3,100400
2020-09-09 09:31:37.550,3.301,300
2020-09-09 09:31:37.710,3.301,4900
2020-09-09 09:31:37.810,3.301,1000
2020-09-09 09:31:37.810,3.301,1600
2020-09-09 09:31:38.090,3.301,30000
2020-09-09 09:31:38.470,3.3,1000
2020-09-09 09:31:39.010,3.301,10000
2020-09-09 09:31:39.010,3.3,600
2020-09-09 09:31:39.240,3.301,1000
2020-09-09 09:31:39.540,3.301,100
2020-09-09 09:31:39.720,3.3,93400
2020-09-09 09:31:39.720,3.3,900
2020-09-09 09:31:39.720,3.3,1000
2020-09-09 09:31:39.720,3.3,1300
2020-09-09 09:31:39.720,3.3,2000
2020-09-09 09:31:39.720,3.3,5000
2020-09-09 09:31:39.720,3.3,2000
2020-09-09 09:31:39.720,3.3,3000
2020-09-09 09:31:39.720,3.3,20000
2020-09-09 09:31:39.720,3.3,10000
2020-09-09 09:31:39.720,3.3,5000
2020-09-09 09:31:39.720,3.3,2000
2020-09-09 09:31:39.720,3.3,20900
2020-09-09 09:31:39.720,3.3,99200
2020-09-09 09:31:39.720,3.3,2500
2020-09-09 09:31:40.260,3.3,3200
2020-09-09 09:31:40.260,3.3,22300
2020-09-09 09:31:40.260,3.3,4600
2020-09-09 09:31:40.440,3.301,5000
2020-09-09 09:31:40.440,3.301,25000
2020-09-09 09:31:40.530,3.301,10000
2020-09-09 09:31:40.660,3.3,59900
2020-09-09 09:31:40.660,3.3,15100
2020-09-09 09:31:40.660,3.3,5000
2020-09-09 09:31:40.660,3.3,20000
2020-09-09 09:31:40.720,3.3,11000
2020-09-09 09:31:40.720,3.3,1000
2020-09-09 09:31:40.720,3.3,5500
2020-09-09 09:31:40.720,3.3,100
2020-09-09 09:31:40.720,3.3,5000
2020-09-09 09:31:40.720,3.3,10000
2020-09-09 09:31:40.720,3.3,14300
2020-09-09 09:31:40.720,3.3,5000
2020-09-09 09:31:40.720,3.3,1000
2020-09-09 09:31:40.720,3.3,20000
2020-09-09 09:31:40.720,3.3,6000
2020-09-09 09:31:40.880,3.3,400
2020-09-09 09:31:41.730,3.3,500
2020-09-09 09:31:41.730,3.3,500
2020-09-09 09:31:41.800,3.3,5000
2020-09-09 09:31:41.980,3.3,1000
2020-09-09 09:31:42.070,3.3,3000
2020-09-09 09:31:42.230,3.3,1000
2020-09-09 09:31:42.440,3.3,100
2020-09-09 09:31:42.500,3.3,1000
2020-09-09 09:31:42.560,3.3,1000
2020-09-09 09:31:42.920,3.3,5000
2020-09-09 09:31:42.920,3.3,15100
2020-09-09 09:31:43.140,3.3,500
2020-09-09 09:31:43.340,3.3,20000
2020-09-09 09:31:43.530,3.299,10000
2020-09-09 09:31:43.530,3.299,1000
2020-09-09 09:31:43.530,3.299,10000
2020-09-09 09:31:43.530,3.299,5000
2020-09-09 09:31:43.530,3.299,50000
2020-09-09 09:31:43.530,3.299,41000
2020-09-09 09:31:43.530,3.299,100
2020-09-09 09:31:43.530,3.299,100
2020-09-09 09:31:43.530,3.299,10000
2020-09-09 09:31:43.530,3.299,500
2020-09-09 09:31:43.530,3.299,1000
2020-09-09 09:31:43.530,3.299,1000
2020-09-09 09:31:43.530,3.298,15000
2020-09-09 09:31:43.530,3.298,4900
2020-09-09 09:31:43.530,3.298,10000
2020-09-09 09:31:43.530,3.298,5000
2020-09-09 09:31:43.530,3.298,10000
2020-09-09 09:31:43.530,3.298,3000
2020-09-09 09:31:43.530,3.298,1500
2020-09-09 09:31:43.530,3.298,900
2020-09-09 09:31:43.530,3.298,10000
2020-09-09 09:31:43.530,3.298,1000
2020-09-09 09:31:43.530,3.298,5000
2020-09-09 09:31:43.530,3.298,10000
2020-09-09 09:31:43.530,3.298,5000
2020-09-09 09:31:43.530,3.298,5000
2020-09-09 09:31:43.530,3.298,200
2020-09-09 09:31:43.530,3.298,1000
2020-09-09 09:31:43.530,3.298,1000
2020-09-09 09:31:43.530,3.298,500
2020-09-09 09:31:43.530,3.298,5000
2020-09-09 09:31:43.530,3.298,8000
2020-09-09 09:31:43.630,3.298,100
2020-09-09 09:31:43.800,3.298,800
2020-09-09 09:31:44.170,3.298,10000
2020-09-09 09:31:44.260,3.298,100
2020-09-09 09:31:44.640,3.297,200
2020-09-09 09:31:44.700,3.297,10000
2020-09-09 09:31:44.700,3.298,1000
2020-09-09 09:31:44.870,3.298,20000
2020-09-09 09:31:44.900,3.298,10000
2020-09-09 09:31:45.110,3.298,26300
2020-09-09 09:31:45.110,3.3,3700
2020-09-09 09:31:45.280,3.3,10000
2020-09-09 09:31:46.460,3.299,5000
2020-09-09 09:31:46.890,3.299,5000
2020-09-09 09:31:47.080,3.3,32000
2020-09-09 09:31:47.440,3.298,400
2020-09-09 09:31:47.440,3.3,300
2020-09-09 09:31:48.700,3.3,100000
2020-09-09 09:31:49.740,3.3,1500
2020-09-09 09:31:51.290,3.298,100
2020-09-09 09:31:51.290,3.298,900
2020-09-09 09:31:52.010,3.298,2100
2020-09-09 09:31:52.060,3.298,15000
2020-09-09 09:31:52.310,3.3,2500
2020-09-09 09:31:52.810,3.299,21900
2020-09-09 09:31:53.110,3.3,100
2020-09-09 09:31:53.180,3.299,8100
2020-09-09 09:31:53.180,3.298,2000
2020-09-09 09:31:53.180,3.298,2000
2020-09-09 09:31:53.180,3.298,200
2020-09-09 09:31:53.180,3.298,1000
2020-09-09 09:31:53.180,3.298,11400
2020-09-09 09:31:53.780,3.3,100
2020-09-09 09:31:54.360,3.298,3700
2020-09-09 09:31:54.360,3.298,10000
2020-09-09 09:31:54.360,3.298,500
2020-09-09 09:31:54.360,3.298,3000
2020-09-09 09:31:54.360,3.297,9800
2020-09-09 09:31:54.360,3.297,1000
2020-09-09 09:31:54.360,3.297,200
2020-09-09 09:31:54.360,3.297,4700
2020-09-09 09:31:54.430,3.298,200
2020-09-09 09:31:54.690,3.298,1000
2020-09-09 09:31:54.940,3.298,200
2020-09-09 09:31:54.940,3.298,200
2020-09-09 09:31:54.940,3.298,200
2020-09-09 09:31:55.470,3.298,8200
2020-09-09 09:31:55.470,3.298,1800
2020-09-09 09:31:55.790,3.298,30000
2020-09-09 09:31:56.070,3.298,13900
2020-09-09 09:31:56.810,3.3,100
2020-09-09 09:31:57.120,3.3,16700
2020-09-09 09:31:57.120,3.3,3900
2020-09-09 09:31:57.120,3.3,9400
2020-09-09 09:31:57.230,3.3,100
2020-09-09 09:31:57.300,3.298,10000
2020-09-09 09:31:57.790,3.3,2000
2020-09-09 09:31:58.650,3.3,20000
2020-09-09 09:31:59.140,3.298,5700
2020-09-09 09:32:00.290,3.298,50000
2020-09-09 09:32:00.570,3.299,200
2020-09-09 09:32:00.760,3.298,20400
2020-09-09 09:32:00.760,3.298,1000
2020-09-09 09:32:00.760,3.298,10000
2020-09-09 09:32:00.760,3.298,500
2020-09-09 09:32:00.760,3.298,10000
2020-09-09 09:32:00.760,3.298,58100
2020-09-09 09:32:00.820,3.298,8000
2020-09-09 09:32:01.270,3.298,800
2020-09-09 09:32:02.750,3.299,5000
2020-09-09 09:32:03.020,3.299,6000
2020-09-09 09:32:03.060,3.298,33100
2020-09-09 09:32:03.060,3.298,3000
2020-09-09 09:32:03.060,3.298,100
2020-09-09 09:32:03.060,3.298,100000
2020-09-09 09:32:03.060,3.298,3000
2020-09-09 09:32:03.060,3.298,5000
2020-09-09 09:32:03.060,3.298,30000
2020-09-09 09:32:03.060,3.298,8000
2020-09-09 09:32:03.060,3.298,5000
2020-09-09 09:32:03.060,3.298,10000
2020-09-09 09:32:03.060,3.298,1000
2020-09-09 09:32:03.060,3.298,500
2020-09-09 09:32:03.130,3.298,1000
2020-09-09 09:32:03.310,3.298,4000
2020-09-09 09:32:03.560,3.297,300
2020-09-09 09:32:03.560,3.297,12200
2020-09-09 09:32:03.560,3.297,2000
2020-09-09 09:32:03.560,3.297,4000
2020-09-09 09:32:03.560,3.297,5000
2020-09-09 09:32:03.560,3.297,7000
2020-09-09 09:32:03.560,3.297,9100
2020-09-09 09:32:03.560,3.297,10000
2020-09-09 09:32:03.560,3.297,1200
2020-09-09 09:32:03.560,3.297,400
2020-09-09 09:32:03.560,3.297,2000
2020-09-09 09:32:03.560,3.297,100
2020-09-09 09:32:03.560,3.297,3000
2020-09-09 09:32:03.560,3.297,500
2020-09-09 09:32:03.560,3.297,1700
2020-09-09 09:32:03.560,3.297,5000
2020-09-09 09:32:03.560,3.297,400
2020-09-09 09:32:03.560,3.297,3000
2020-09-09 09:32:03.560,3.297,23200
2020-09-09 09:32:03.560,3.297,3000
2020-09-09 09:32:03.560,3.297,1600
2020-09-09 09:32:03.560,3.297,900
2020-09-09 09:32:03.560,3.297,10000
2020-09-09 09:32:03.560,3.297,5000
2020-09-09 09:32:03.560,3.297,200
2020-09-09 09:32:03.560,3.297,500
2020-09-09 09:32:03.560,3.297,50000
2020-09-09 09:32:03.560,3.297,20000
2020-09-09 09:32:03.620,3.297,2000
2020-09-09 09:32:03.750,3.297,3000
2020-09-09 09:32:03.850,3.297,6000
2020-09-09 09:32:04.720,3.297,100
2020-09-09 09:32:04.720,3.297,1000
2020-09-09 09:32:05.010,3.297,5000
2020-09-09 09:32:05.040,3.297,2000
2020-09-09 09:32:05.290,3.297,15000
2020-09-09 09:32:05.390,3.297,1000
2020-09-09 09:32:05.390,3.297,1500
2020-09-09 09:32:05.410,3.297,10000
2020-09-09 09:32:06.360,3.298,1000
2020-09-09 09:32:07.170,3.298,5000
2020-09-09 09:32:07.260,3.298,5600
2020-09-09 09:32:07.600,3.298,10000
2020-09-09 09:32:08.110,3.298,2500
2020-09-09 09:32:08.470,3.298,1000
2020-09-09 09:32:08.500,3.298,2000
2020-09-09 09:32:08.630,3.298,5000
2020-09-09 09:32:08.650,3.297,200
2020-09-09 09:32:08.650,3.297,1500
2020-09-09 09:32:08.650,3.297,10000
2020-09-09 09:32:08.650,3.297,500
2020-09-09 09:32:08.650,3.297,20000
2020-09-09 09:32:08.650,3.296,20000
2020-09-09 09:32:08.650,3.296,300
2020-09-09 09:32:08.650,3.296,10000
2020-09-09 09:32:08.650,3.296,58000
2020-09-09 09:32:08.650,3.296,1000
2020-09-09 09:32:08.650,3.296,200
2020-09-09 09:32:08.650,3.296,500
2020-09-09 09:32:08.650,3.296,900
2020-09-09 09:32:08.650,3.296,16900
2020-09-09 09:32:09.030,3.298,30000
2020-09-09 09:32:09.030,3.298,30000
2020-09-09 09:32:09.450,3.297,7900
2020-09-09 09:32:10.010,3.297,600
2020-09-09 09:32:10.010,3.298,4200
2020-09-09 09:32:10.010,3.298,45200
2020-09-09 09:32:10.010,3.298,33700
2020-09-09 09:32:10.010,3.298,800
2020-09-09 09:32:10.010,3.298,5000
2020-09-09 09:32:10.420,3.3,2500
2020-09-09 09:32:11.690,3.299,26800
2020-09-09 09:32:12.100,3.3,43200
2020-09-09 09:32:12.100,3.3,6800
2020-09-09 09:32:12.100,3.3,10000
2020-09-09 09:32:12.250,3.299,3200
2020-09-09 09:32:12.280,3.298,1000
2020-09-09 09:32:13.120,3.299,1800
2020-09-09 09:32:13.120,3.3,13200
2020-09-09 09:32:13.120,3.3,2000
2020-09-09 09:32:13.120,3.3,3200
2020-09-09 09:32:13.520,3.3,1200
2020-09-09 09:32:14.030,3.299,300
2020-09-09 09:32:15.050,3.299,300
2020-09-09 09:32:15.380,3.3,8000
2020-09-09 09:32:15.910,3.3,3000
2020-09-09 09:32:16.210,3.3,1800
2020-09-09 09:32:17.310,3.3,8100
2020-09-09 09:32:17.310,3.3,5700
2020-09-09 09:32:17.310,3.3,600
2020-09-09 09:32:18.160,3.301,1000
2020-09-09 09:32:18.250,3.301,900
2020-09-09 09:32:19.020,3.301,10000
2020-09-09 09:32:19.930,3.301,10000
2020-09-09 09:32:20.280,3.301,300
2020-09-09 09:32:21.120,3.301,40500
2020-09-09 09:32:22.950,3.301,5300
2020-09-09 09:32:24.580,3.303,1000
2020-09-09 09:32:25.270,3.302,7300
2020-09-09 09:32:25.270,3.301,16600
2020-09-09 09:32:28.780,3.303,10000
2020-09-09 09:32:29.380,3.302,18100
2020-09-09 09:32:30.700,3.303,66900
2020-09-09 09:32:31.160,3.303,10000
2020-09-09 09:32:31.510,3.302,500
2020-09-09 09:32:31.510,3.303,1000
2020-09-09 09:32:31.790,3.303,3600
2020-09-09 09:32:32.280,3.303,207500
2020-09-09 09:32:32.280,3.303,11500
2020-09-09 09:32:32.280,3.303,134100
2020-09-09 09:32:33.270,3.305,14300
2020-09-09 09:32:34.010,3.305,600
2020-09-09 09:32:34.570,3.303,1500
2020-09-09 09:32:34.800,3.303,100
2020-09-09 09:32:34.920,3.305,200
2020-09-09 09:32:36.020,3.303,12900
2020-09-09 09:32:38.820,3.305,500
2020-09-09 09:32:39.560,3.305,4000
2020-09-09 09:32:39.870,3.305,400
2020-09-09 09:32:40.360,3.305,200
2020-09-09 09:32:42.980,3.306,1000
2020-09-09 09:32:43.590,3.305,400
2020-09-09 09:32:43.590,3.305,2800
2020-09-09 09:32:45.210,3.306,9900
2020-09-09 09:32:46.380,3.305,200
2020-09-09 09:32:46.380,3.305,1500
2020-09-09 09:32:46.700,3.306,3000
2020-09-09 09:32:47.270,3.306,5200
2020-09-09 09:32:47.270,3.306,800
2020-09-09 09:32:47.790,3.306,2000
2020-09-09 09:32:47.790,3.306,9700
2020-09-09 09:32:47.790,3.306,1600
2020-09-09 09:32:47.790,3.306,3700
2020-09-09 09:32:47.820,3.305,5000
2020-09-09 09:32:47.910,3.306,5000
2020-09-09 09:32:48.430,3.306,158800
2020-09-09 09:32:48.430,3.306,100
2020-09-09 09:32:49.080,3.305,3000
2020-09-09 09:32:49.730,3.305,200
2020-09-09 09:32:50.040,3.306,200
2020-09-09 09:32:50.040,3.305,2000
2020-09-09 09:32:50.070,3.306,200
2020-09-09 09:32:50.500,3.306,15000
2020-09-09 09:32:50.660,3.306,6000
2020-09-09 09:32:50.660,3.306,200
2020-09-09 09:32:50.700,3.306,1000
2020-09-09 09:32:50.700,3.306,2500
2020-09-09 09:32:50.790,3.306,1100
2020-09-09 09:32:51.270,3.306,5000
2020-09-09 09:32:52.040,3.305,7800
2020-09-09 09:32:52.040,3.305,300
2020-09-09 09:32:52.040,3.305,1900
2020-09-09 09:32:52.260,3.306,500
2020-09-09 09:32:52.380,3.306,2000
2020-09-09 09:32:53.100,3.306,1000
2020-09-09 09:32:53.200,3.306,60000
2020-09-09 09:32:53.230,3.305,3600
2020-09-09 09:32:54.230,3.305,2800
2020-09-09 09:32:54.430,3.306,5000
2020-09-09 09:32:54.550,3.306,28900
2020-09-09 09:32:54.610,3.306,1100
2020-09-09 09:32:54.610,3.305,400
2020-09-09 09:32:56.020,3.307,5000
2020-09-09 09:32:57.380,3.306,900
2020-09-09 09:32:57.380,3.306,1000
2020-09-09 09:32:57.500,3.307,10000
2020-09-09 09:32:57.500,3.307,117200
2020-09-09 09:32:57.750,3.306,5000
2020-09-09 09:32:57.750,3.305,11300
2020-09-09 09:32:57.750,3.305,1000
2020-09-09 09:32:57.750,3.305,5000
2020-09-09 09:32:57.750,3.305,400
2020-09-09 09:32:57.750,3.305,5000
2020-09-09 09:32:57.750,3.305,5000
2020-09-09 09:32:57.750,3.305,5000
2020-09-09 09:32:57.750,3.305,500
2020-09-09 09:32:57.750,3.305,500
2020-09-09 09:32:57.750,3.305,5000
2020-09-09 09:32:57.750,3.305,5000
2020-09-09 09:32:57.750,3.305,1300
2020-09-09 09:32:58.130,3.305,600
2020-09-09 09:32:58.360,3.306,1000
2020-09-09 09:32:58.360,3.306,1700
2020-09-09 09:32:58.980,3.306,2900
2020-09-09 09:32:58.980,3.307,10600
2020-09-09 09:32:59.470,3.306,400
2020-09-09 09:32:59.470,3.306,1400
2020-09-09 09:32:59.710,3.307,164500
2020-09-09 09:32:59.770,3.306,8600
2020-09-09 09:33:01.050,3.306,1000
2020-09-09 09:33:01.090,3.306,1000
2020-09-09 09:33:01.470,3.306,9400
2020-09-09 09:33:01.470,3.306,1000
2020-09-09 09:33:02.060,3.306,2000
2020-09-09 09:33:02.400,3.306,500
2020-09-09 09:33:02.400,3.306,2500
2020-09-09 09:33:02.490,3.306,2500
2020-09-09 09:33:02.490,3.306,1000
2020-09-09 09:33:02.490,3.306,6400
2020-09-09 09:33:02.950,3.308,3000
2020-09-09 09:33:04.370,3.308,20000
2020-09-09 09:33:04.430,3.307,3600
2020-09-09 09:33:04.430,3.307,3400
2020-09-09 09:33:04.430,3.307,8000
2020-09-09 09:33:04.520,3.307,1000
2020-09-09 09:33:04.520,3.307,2000
2020-09-09 09:33:06.200,3.308,197200
2020-09-09 09:33:06.200,3.308,11100
2020-09-09 09:33:06.200,3.308,400
2020-09-09 09:33:06.200,3.308,200
2020-09-09 09:33:06.200,3.308,41100
2020-09-09 09:33:06.200,3.308,1500
2020-09-09 09:33:06.200,3.308,300
2020-09-09 09:33:06.200,3.308,1000
2020-09-09 09:33:08.540,3.308,20000
2020-09-09 09:33:08.730,3.309,5300
2020-09-09 09:33:08.730,3.309,10000
2020-09-09 09:33:08.730,3.309,10000
2020-09-09 09:33:08.730,3.309,7000
2020-09-09 09:33:08.730,3.309,39900
2020-09-09 09:33:09.870,3.308,15000
2020-09-09 09:33:09.890,3.308,5000
2020-09-09 09:33:10.710,3.309,10100
2020-09-09 09:33:10.710,3.309,200
2020-09-09 09:33:11.090,3.309,13600
2020-09-09 09:33:11.120,3.309,100
2020-09-09 09:33:11.220,3.31,100
2020-09-09 09:33:11.220,3.31,10000
2020-09-09 09:33:11.220,3.31,2200
2020-09-09 09:33:11.220,3.31,900
2020-09-09 09:33:11.220,3.31,15000
2020-09-09 09:33:11.220,3.31,1000
2020-09-09 09:33:11.220,3.31,2000
2020-09-09 09:33:11.220,3.31,7000
2020-09-09 09:33:11.220,3.31,200
2020-09-09 09:33:11.790,3.31,5000
2020-09-09 09:33:14.460,3.31,21000
2020-09-09 09:33:14.460,3.31,22200
2020-09-09 09:33:14.460,3.31,98400
2020-09-09 09:33:15.020,3.309,26900
2020-09-09 09:33:15.020,3.309,16100
2020-09-09 09:33:15.020,3.309,300
2020-09-09 09:33:15.670,3.309,1000
2020-09-09 09:33:16.790,3.309,7000
2020-09-09 09:33:16.790,3.309,3000
2020-09-09 09:33:16.790,3.309,300
2020-09-09 09:33:17.490,3.308,12200
2020-09-09 09:33:17.490,3.308,100000
2020-09-09 09:33:17.490,3.308,8000
2020-09-09 09:33:17.490,3.308,4500
2020-09-09 09:33:17.490,3.308,1000
2020-09-09 09:33:17.490,3.308,2000
2020-09-09 09:33:17.490,3.308,300
2020-09-09 09:33:17.490,3.308,43100
2020-09-09 09:33:17.490,3.308,1900
2020-09-09 09:33:17.490,3.308,1200
2020-09-09 09:33:17.490,3.308,5000
2020-09-09 09:33:17.490,3.308,20000
2020-09-09 09:33:17.640,3.308,400
2020-09-09 09:33:17.730,3.308,5000
2020-09-09 09:33:17.800,3.308,10000
2020-09-09 09:33:17.860,3.308,1500
2020-09-09 09:33:18.080,3.307,19000
2020-09-09 09:33:18.080,3.307,200
2020-09-09 09:33:18.080,3.307,800
2020-09-09 09:33:18.140,3.308,700
2020-09-09 09:33:18.610,3.308,400
2020-09-09 09:33:18.760,3.308,3000
2020-09-09 09:33:19.040,3.308,3000
2020-09-09 09:33:19.200,3.308,4000
2020-09-09 09:33:19.820,3.308,10000
2020-09-09 09:33:19.820,3.308,1000
2020-09-09 09:33:19.910,3.308,3000
2020-09-09 09:33:20.000,3.308,7200
2020-09-09 09:33:20.080,3.308,1000
2020-09-09 09:33:20.730,3.308,200
2020-09-09 09:33:20.820,3.308,1800
2020-09-09 09:33:21.160,3.308,3000
2020-09-09 09:33:21.390,3.308,1000
2020-09-09 09:33:21.890,3.308,300
2020-09-09 09:33:22.030,3.308,400
2020-09-09 09:33:22.060,3.308,5600
2020-09-09 09:33:23.230,3.308,10000
2020-09-09 09:33:23.330,3.308,3600
2020-09-09 09:33:23.500,3.308,200
2020-09-09 09:33:23.680,3.308,500
2020-09-09 09:33:23.790,3.308,1400
2020-09-09 09:33:24.990,3.307,2200
2020-09-09 09:33:24.990,3.307,2100
2020-09-09 09:33:25.120,3.308,2000
2020-09-09 09:33:25.700,3.308,800
2020-09-09 09:33:26.310,3.308,2000
2020-09-09 09:33:26.400,3.308,3900
2020-09-09 09:33:26.430,3.308,500
2020-09-09 09:33:26.980,3.308,3100
2020-09-09 09:33:27.580,3.308,1200
2020-09-09 09:33:27.670,3.308,9100
2020-09-09 09:33:28.240,3.308,900
2020-09-09 09:33:28.880,3.307,2800
2020-09-09 09:33:28.880,3.307,3200
2020-09-09 09:33:29.310,3.308,6100
2020-09-09 09:33:29.310,3.308,1400
2020-09-09 09:33:29.690,3.308,300
2020-09-09 09:33:30.090,3.308,400
2020-09-09 09:33:31.010,3.308,4000
2020-09-09 09:33:31.850,3.309,3000
2020-09-09 09:33:33.870,3.309,3000
2020-09-09 09:33:34.830,3.309,3100
2020-09-09 09:33:34.830,3.309,5000
2020-09-09 09:33:34.830,3.309,2200
2020-09-09 09:33:35.700,3.308,10000
2020-09-09 09:33:36.020,3.309,10000
2020-09-09 09:33:36.330,3.309,2600
2020-09-09 09:33:38.340,3.309,10000
2020-09-09 09:33:39.120,3.309,1000
2020-09-09 09:33:39.630,3.309,3000
2020-09-09 09:33:39.810,3.309,3000
2020-09-09 09:33:40.070,3.309,5000
2020-09-09 09:33:40.130,3.309,1000
2020-09-09 09:33:41.030,3.309,10500
2020-09-09 09:33:41.140,3.309,1000
2020-09-09 09:33:41.570,3.308,3500
2020-09-09 09:33:41.630,3.309,700
2020-09-09 09:33:41.630,3.309,4500
2020-09-09 09:33:41.700,3.309,5000
2020-09-09 09:33:42.060,3.309,10000
2020-09-09 09:33:42.300,3.309,3000
2020-09-09 09:33:42.330,3.308,100
2020-09-09 09:33:42.480,3.309,14900
2020-09-09 09:33:42.660,3.308,200
2020-09-09 09:33:43.190,3.308,3000
2020-09-09 09:33:43.280,3.308,1800
2020-09-09 09:33:44.130,3.309,1000
2020-09-09 09:33:44.800,3.309,1500
2020-09-09 09:33:44.800,3.309,10000
2020-09-09 09:33:44.830,3.309,10000
2020-09-09 09:33:45.050,3.309,5000
2020-09-09 09:33:45.260,3.309,10000
2020-09-09 09:33:45.520,3.309,3300
2020-09-09 09:33:45.520,3.309,5000
2020-09-09 09:33:45.800,3.31,10000
2020-09-09 09:33:47.370,3.309,700
2020-09-09 09:33:48.250,3.309,1000
2020-09-09 09:33:48.490,3.309,1000
2020-09-09 09:33:48.490,3.309,200
2020-09-09 09:33:48.490,3.309,1000
2020-09-09 09:33:48.490,3.309,200
2020-09-09 09:33:48.490,3.309,10400
2020-09-09 09:33:48.490,3.309,5000
2020-09-09 09:33:49.360,3.309,200
2020-09-09 09:33:49.360,3.309,1000
2020-09-09 09:33:49.420,3.309,2000
2020-09-09 09:33:49.420,3.309,5000
2020-09-09 09:33:49.510,3.309,50000
2020-09-09 09:33:49.630,3.309,9800
2020-09-09 09:33:50.240,3.308,5800
2020-09-09 09:33:50.240,3.308,2400
2020-09-09 09:33:50.240,3.308,1800
2020-09-09 09:33:50.680,3.309,10000
2020-09-09 09:33:50.710,3.309,1000
2020-09-09 09:33:51.680,3.309,12000
2020-09-09 09:33:52.160,3.309,150000
2020-09-09 09:33:52.740,3.309,1600
2020-09-09 09:33:53.100,3.308,1200
2020-09-09 09:33:53.100,3.308,600
2020-09-09 09:33:53.100,3.308,500
2020-09-09 09:33:53.100,3.308,1000
2020-09-09 09:33:53.100,3.308,2000
2020-09-09 09:33:53.100,3.308,500
2020-09-09 09:33:53.100,3.308,1500
2020-09-09 09:33:53.100,3.308,3400
2020-09-09 09:33:53.470,3.309,15000
2020-09-09 09:33:53.850,3.309,1000
2020-09-09 09:33:54.160,3.309,37600
2020-09-09 09:33:55.060,3.309,5500
2020-09-09 09:33:55.060,3.309,100
2020-09-09 09:33:55.060,3.309,5000
2020-09-09 09:33:55.060,3.309,1400
2020-09-09 09:33:55.620,3.309,2500
2020-09-09 09:33:55.690,3.31,3000
2020-09-09 09:33:55.720,3.309,1500
2020-09-09 09:33:55.780,3.309,4000
2020-09-09 09:33:56.390,3.309,24000
2020-09-09 09:33:56.940,3.31,200
2020-09-09 09:33:57.250,3.309,10000
2020-09-09 09:33:58.660,3.309,15200
2020-09-09 09:33:59.210,3.309,10000
2020-09-09 09:34:02.190,3.31,5000
2020-09-09 09:34:02.520,3.31,2000
2020-09-09 09:34:03.260,3.31,500
2020-09-09 09:34:03.520,3.31,28300
2020-09-09 09:34:04.310,3.31,1000
2020-09-09 09:34:04.730,3.31,700
2020-09-09 09:34:04.790,3.309,10000
2020-09-09 09:34:06.460,3.31,23000
2020-09-09 09:34:06.560,3.31,10000
2020-09-09 09:34:07.730,3.31,20000
2020-09-09 09:34:08.600,3.31,900
2020-09-09 09:34:08.700,3.31,3000
2020-09-09 09:34:08.700,3.31,600
2020-09-09 09:34:08.910,3.31,5600
2020-09-09 09:34:09.070,3.31,4600
2020-09-09 09:34:09.070,3.31,400
2020-09-09 09:34:09.740,3.31,1000
2020-09-09 09:34:10.250,3.31,1600
2020-09-09 09:34:10.250,3.31,1700
2020-09-09 09:34:10.250,3.31,1700
2020-09-09 09:34:10.250,3.31,1000
2020-09-09 09:34:11.740,3.31,5000
2020-09-09 09:34:11.770,3.309,400
2020-09-09 09:34:11.800,3.31,1000
2020-09-09 09:34:11.900,3.31,1000
2020-09-09 09:34:12.280,3.31,100
2020-09-09 09:34:12.560,3.31,50000
2020-09-09 09:34:12.560,3.31,2900
2020-09-09 09:34:12.560,3.31,9500
2020-09-09 09:34:12.560,3.31,1000
2020-09-09 09:34:12.560,3.31,16600
2020-09-09 09:34:12.690,3.31,18400
2020-09-09 09:34:12.690,3.31,1600
2020-09-09 09:34:15.100,3.311,3000
2020-09-09 09:34:15.100,3.311,7000
2020-09-09 09:34:15.130,3.311,13000
2020-09-09 09:34:15.130,3.311,7000
2020-09-09 09:34:15.130,3.311,10000
2020-09-09 09:34:15.430,3.311,5000
2020-09-09 09:34:15.430,3.311,2000
2020-09-09 09:34:15.430,3.311,5000
2020-09-09 09:34:16.690,3.312,1200
2020-09-09 09:34:17.000,3.312,8800
2020-09-09 09:34:17.000,3.312,7000
2020-09-09 09:34:17.000,3.312,1500
2020-09-09 09:34:17.000,3.312,26400
2020-09-09 09:34:17.000,3.312,200
2020-09-09 09:34:17.000,3.312,500
2020-09-09 09:34:17.000,3.312,10000
2020-09-09 09:34:17.170,3.312,3000
2020-09-09 09:34:21.580,3.313,1000
2020-09-09 09:34:21.580,3.313,10000
2020-09-09 09:34:21.580,3.313,7000
2020-09-09 09:34:22.900,3.313,900
2020-09-09 09:34:23.670,3.313,5000
2020-09-09 09:34:24.260,3.313,26100
2020-09-09 09:34:24.260,3.313,20000
2020-09-09 09:34:24.260,3.313,6500
2020-09-09 09:34:26.450,3.314,1000
2020-09-09 09:34:26.450,3.314,3000
2020-09-09 09:34:26.450,3.314,1000
2020-09-09 09:34:26.910,3.313,3500
2020-09-09 09:34:26.910,3.313,100
2020-09-09 09:34:26.910,3.313,1600
2020-09-09 09:34:26.910,3.313,1000
2020-09-09 09:34:26.910,3.313,10000
2020-09-09 09:34:26.910,3.312,1000
2020-09-09 09:34:26.910,3.312,15800
2020-09-09 09:34:26.910,3.312,500
2020-09-09 09:34:26.910,3.312,8300
2020-09-09 09:34:26.940,3.312,3000
2020-09-09 09:34:27.120,3.314,300
2020-09-09 09:34:28.070,3.314,700
2020-09-09 09:34:28.780,3.314,8000
2020-09-09 09:34:28.780,3.314,1500
2020-09-09 09:34:28.780,3.314,5500
2020-09-09 09:34:29.280,3.313,2800
2020-09-09 09:34:29.280,3.313,3200
2020-09-09 09:34:32.650,3.313,800
2020-09-09 09:34:32.650,3.313,100
2020-09-09 09:34:32.650,3.313,2100
2020-09-09 09:34:32.650,3.314,1500
2020-09-09 09:34:32.650,3.314,500
2020-09-09 09:34:32.650,3.314,2000
2020-09-09 09:34:32.650,3.314,10000
2020-09-09 09:34:32.650,3.314,300
2020-09-09 09:34:33.850,3.314,5700
2020-09-09 09:34:33.850,3.314,300
2020-09-09 09:34:33.850,3.314,3800
2020-09-09 09:34:34.330,3.314,200
2020-09-09 09:34:37.500,3.314,3400
2020-09-09 09:34:37.500,3.314,3000
2020-09-09 09:34:37.500,3.314,5600
2020-09-09 09:34:37.500,3.314,50000
2020-09-09 09:34:37.500,3.314,1000
2020-09-09 09:34:37.500,3.314,1000
2020-09-09 09:34:37.500,3.314,10000
2020-09-09 09:34:37.500,3.313,11000
2020-09-09 09:34:37.570,3.314,9400
2020-09-09 09:34:37.650,3.315,14300
2020-09-09 09:34:39.090,3.315,100
2020-09-09 09:34:39.580,3.315,9000
2020-09-09 09:34:39.580,3.315,36600
2020-09-09 09:34:39.580,3.315,1000
2020-09-09 09:34:39.580,3.315,500
2020-09-09 09:34:39.580,3.315,1500
2020-09-09 09:34:39.580,3.315,1400
2020-09-09 09:34:39.580,3.315,5600
2020-09-09 09:34:39.580,3.315,7500
2020-09-09 09:34:39.580,3.315,6900
2020-09-09 09:34:40.610,3.315,2600
2020-09-09 09:34:41.070,3.315,100
2020-09-09 09:34:41.650,3.316,1000
2020-09-09 09:34:41.650,3.316,10000
2020-09-09 09:34:41.650,3.316,500
2020-09-09 09:34:41.650,3.316,7000
2020-09-09 09:34:41.650,3.316,2500
2020-09-09 09:34:41.650,3.316,10000
2020-09-09 09:34:41.650,3.316,5000
2020-09-09 09:34:41.650,3.316,100
2020-09-09 09:34:41.910,3.316,20000
2020-09-09 09:34:42.060,3.316,300
2020-09-09 09:34:42.520,3.317,200
2020-09-09 09:34:42.760,3.316,5000
2020-09-09 09:34:43.510,3.316,9300
2020-09-09 09:34:44.590,3.316,32900
2020-09-09 09:34:44.840,3.316,10000
2020-09-09 09:34:45.650,3.316,35200
2020-09-09 09:34:45.960,3.316,10000
2020-09-09 09:34:46.340,3.317,6300
2020-09-09 09:34:46.410,3.316,200
2020-09-09 09:34:47.110,3.316,400
2020-09-09 09:34:47.170,3.317,100
2020-09-09 09:34:48.830,3.317,3400
2020-09-09 09:34:48.830,3.317,1000
2020-09-09 09:34:48.830,3.317,600
2020-09-09 09:34:49.660,3.316,1800
2020-09-09 09:34:49.780,3.316,8000
2020-09-09 09:34:49.930,3.316,700
2020-09-09 09:34:51.170,3.317,100
2020-09-09 09:34:51.230,3.317,4300
2020-09-09 09:34:51.230,3.317,7000
2020-09-09 09:34:51.230,3.317,2000
2020-09-09 09:34:51.230,3.317,1000
2020-09-09 09:34:51.230,3.317,1000
2020-09-09 09:34:51.230,3.317,500
2020-09-09 09:34:54.720,3.317,74200
2020-09-09 09:34:54.720,3.317,20000
2020-09-09 09:34:54.720,3.317,10000
2020-09-09 09:34:54.720,3.317,1900
2020-09-09 09:34:54.720,3.317,5000
2020-09-09 09:34:54.720,3.317,30000
2020-09-09 09:34:54.720,3.317,10000
2020-09-09 09:34:55.450,3.317,2000
2020-09-09 09:34:55.600,3.317,100
2020-09-09 09:34:55.820,3.317,500
2020-09-09 09:34:56.400,3.317,10000
2020-09-09 09:34:56.490,3.317,200
2020-09-09 09:34:56.750,3.316,3200
2020-09-09 09:34:57.660,3.317,7900
2020-09-09 09:34:58.870,3.317,30000
2020-09-09 09:35:00.620,3.317,60000
2020-09-09 09:35:00.920,3.317,1000
2020-09-09 09:35:01.050,3.317,8000
2020-09-09 09:35:01.790,3.317,300
2020-09-09 09:35:02.620,3.316,3000
2020-09-09 09:35:02.930,3.316,400
2020-09-09 09:35:02.990,3.317,1000
2020-09-09 09:35:03.320,3.317,500
2020-09-09 09:35:03.320,3.317,10000
2020-09-09 09:35:03.720,3.317,6100
2020-09-09 09:35:04.130,3.316,18600
2020-09-09 09:35:04.360,3.317,10000
2020-09-09 09:35:04.760,3.317,100
2020-09-09 09:35:05.630,3.317,1000
2020-09-09 09:35:05.900,3.317,200
2020-09-09 09:35:05.900,3.317,100
2020-09-09 09:35:05.900,3.317,3000
2020-09-09 09:35:05.900,3.317,1000
2020-09-09 09:35:05.900,3.317,400
2020-09-09 09:35:05.900,3.317,10000
2020-09-09 09:35:05.900,3.317,105800
2020-09-09 09:35:06.090,3.317,300
2020-09-09 09:35:06.310,3.317,600
2020-09-09 09:35:06.790,3.316,1600
2020-09-09 09:35:07.050,3.317,300
2020-09-09 09:35:07.590,3.317,1000
2020-09-09 09:35:08.110,3.316,9500
2020-09-09 09:35:08.330,3.317,1700
2020-09-09 09:35:08.490,3.317,10000
2020-09-09 09:35:08.490,3.316,44500
2020-09-09 09:35:08.490,3.316,4000
2020-09-09 09:35:08.490,3.316,5000
2020-09-09 09:35:08.490,3.316,5000
2020-09-09 09:35:08.490,3.316,1200
2020-09-09 09:35:08.490,3.316,5000
2020-09-09 09:35:08.490,3.316,2000
2020-09-09 09:35:08.490,3.316,43100
2020-09-09 09:35:08.490,3.316,10000
2020-09-09 09:35:08.490,3.316,5000
2020-09-09 09:35:08.490,3.316,2900
2020-09-09 09:35:08.490,3.316,5000
2020-09-09 09:35:08.490,3.316,10100
2020-09-09 09:35:08.490,3.316,20000
2020-09-09 09:35:08.850,3.316,33000
2020-09-09 09:35:09.690,3.316,1000
2020-09-09 09:35:09.810,3.316,1000
2020-09-09 09:35:10.940,3.316,3000
2020-09-09 09:35:11.120,3.316,200
2020-09-09 09:35:12.390,3.316,2200
2020-09-09 09:35:12.720,3.316,10400
2020-09-09 09:35:13.510,3.316,100
2020-09-09 09:35:13.680,3.316,500
2020-09-09 09:35:14.300,3.316,5000
2020-09-09 09:35:14.860,3.316,30000
2020-09-09 09:35:15.020,3.316,3000
2020-09-09 09:35:15.400,3.315,4000
2020-09-09 09:35:15.400,3.315,1000
2020-09-09 09:35:17.030,3.315,2000
2020-09-09 09:35:17.030,3.315,1000
2020-09-09 09:35:17.030,3.315,2000
2020-09-09 09:35:17.550,3.315,3000
2020-09-09 09:35:17.550,3.315,500
2020-09-09 09:35:17.550,3.315,2000
2020-09-09 09:35:17.550,3.315,7800
2020-09-09 09:35:17.550,3.315,1700
2020-09-09 09:35:19.800,3.315,2800
2020-09-09 09:35:19.800,3.315,1200
2020-09-09 09:35:20.210,3.315,3800
2020-09-09 09:35:20.210,3.315,800
2020-09-09 09:35:20.210,3.315,600
2020-09-09 09:35:20.560,3.315,4000
2020-09-09 09:35:21.530,3.314,3000
2020-09-09 09:35:21.530,3.314,20000
2020-09-09 09:35:21.530,3.314,400
2020-09-09 09:35:21.530,3.314,1000
2020-09-09 09:35:21.530,3.314,1000
2020-09-09 09:35:21.530,3.314,10000
2020-09-09 09:35:21.530,3.314,2500
2020-09-09 09:35:21.530,3.314,2000
2020-09-09 09:35:21.530,3.314,1000
2020-09-09 09:35:21.620,3.314,10000
2020-09-09 09:35:22.790,3.314,200
2020-09-09 09:35:23.070,3.314,5500
2020-09-09 09:35:23.320,3.313,600
2020-09-09 09:35:23.570,3.314,80900
2020-09-09 09:35:26.270,3.314,6500
2020-09-09 09:35:26.330,3.313,3000
2020-09-09 09:35:29.640,3.314,50000
2020-09-09 09:35:29.640,3.314,30000
2020-09-09 09:35:29.640,3.314,20000
2020-09-09 09:35:29.990,3.314,500
2020-09-09 09:35:30.370,3.314,5500
2020-09-09 09:35:30.370,3.314,14500
2020-09-09 09:35:30.430,3.314,1000
2020-09-09 09:35:31.120,3.313,1600
2020-09-09 09:35:31.120,3.313,200
2020-09-09 09:35:31.120,3.313,200
2020-09-09 09:35:31.120,3.313,18000
2020-09-09 09:35:31.600,3.313,5000
2020-09-09 09:35:31.650,3.314,2000
2020-09-09 09:35:31.910,3.313,2000
2020-09-09 09:35:31.910,3.314,100
2020-09-09 09:35:32.540,3.313,15000
2020-09-09 09:35:33.180,3.313,5000
2020-09-09 09:35:33.770,3.314,3800
2020-09-09 09:35:34.120,3.313,3100
2020-09-09 09:35:34.540,3.314,20000
2020-09-09 09:35:36.440,3.313,41900
2020-09-09 09:35:36.440,3.313,900
2020-09-09 09:35:36.440,3.313,4000
2020-09-09 09:35:36.440,3.313,253200
2020-09-09 09:35:36.500,3.314,1700
2020-09-09 09:35:37.930,3.313,5000
2020-09-09 09:35:38.020,3.313,1000
2020-09-09 09:35:38.080,3.313,299700
2020-09-09 09:35:38.680,3.313,50000
2020-09-09 09:35:38.680,3.313,30000
2020-09-09 09:35:38.780,3.313,10000
2020-09-09 09:35:38.850,3.313,1600
2020-09-09 09:35:38.850,3.313,20000
2020-09-09 09:35:38.970,3.313,30000
2020-09-09 09:35:39.920,3.313,2700
2020-09-09 09:35:39.920,3.313,500
2020-09-09 09:35:41.410,3.313,7200
2020-09-09 09:35:41.500,3.314,8000
2020-09-09 09:35:41.890,3.314,3200
2020-09-09 09:35:42.480,3.314,245700
2020-09-09 09:35:42.480,3.314,9000
2020-09-09 09:35:42.480,3.314,2000
2020-09-09 09:35:43.310,3.314,1600
2020-09-09 09:35:43.310,3.314,5000
2020-09-09 09:35:43.640,3.314,5000
2020-09-09 09:35:43.700,3.314,1000
2020-09-09 09:35:43.760,3.314,6000
2020-09-09 09:35:44.620,3.315,1000
2020-09-09 09:35:44.620,3.315,300
2020-09-09 09:35:44.620,3.315,10000
2020-09-09 09:35:44.620,3.315,100
2020-09-09 09:35:44.620,3.315,1000
2020-09-09 09:35:44.620,3.315,10000
2020-09-09 09:35:44.620,3.315,123100
2020-09-09 09:35:44.620,3.315,500
2020-09-09 09:35:44.620,3.315,1000
2020-09-09 09:35:44.620,3.315,5000
2020-09-09 09:35:44.620,3.315,10000
2020-09-09 09:35:44.620,3.315,30000
2020-09-09 09:35:44.620,3.315,20000
2020-09-09 09:35:47.490,3.315,400
2020-09-09 09:35:50.770,3.315,40000
2020-09-09 09:35:51.980,3.316,197800
2020-09-09 09:35:51.980,3.316,1700
2020-09-09 09:35:51.980,3.316,20000
2020-09-09 09:35:51.980,3.316,10000
2020-09-09 09:35:51.980,3.316,30000
2020-09-09 09:35:51.980,3.316,300
2020-09-09 09:35:51.980,3.316,5000
2020-09-09 09:35:51.980,3.316,200
2020-09-09 09:35:51.980,3.316,8200
2020-09-09 09:35:51.980,3.316,2500
2020-09-09 09:35:53.300,3.316,10000
2020-09-09 09:35:53.860,3.316,14300
2020-09-09 09:35:53.860,3.316,25700
2020-09-09 09:35:54.190,3.317,10000
2020-09-09 09:35:54.250,3.316,41800
2020-09-09 09:35:55.690,3.316,8800
2020-09-09 09:35:55.690,3.316,600
2020-09-09 09:35:55.690,3.316,600
2020-09-09 09:35:58.050,3.316,5000
2020-09-09 09:35:58.330,3.316,4400
2020-09-09 09:35:58.330,3.316,1500
2020-09-09 09:35:58.330,3.316,200
2020-09-09 09:35:58.330,3.316,500
2020-09-09 09:35:58.330,3.316,3400
2020-09-09 09:35:59.470,3.316,11800
2020-09-09 09:35:59.530,3.316,3600
2020-09-09 09:36:00.600,3.316,1400
2020-09-09 09:36:01.090,3.316,39800
2020-09-09 09:36:01.090,3.316,2000
2020-09-09 09:36:01.090,3.316,2000
2020-09-09 09:36:01.270,3.317,3500
2020-09-09 09:36:01.340,3.315,17500
2020-09-09 09:36:02.670,3.316,100
2020-09-09 09:36:02.880,3.316,100
2020-09-09 09:36:03.040,3.315,100
2020-09-09 09:36:03.490,3.316,300
2020-09-09 09:36:03.490,3.316,600
2020-09-09 09:36:03.490,3.317,8900
2020-09-09 09:36:04.260,3.315,6000
2020-09-09 09:36:05.620,3.315,21300
2020-09-09 09:36:05.620,3.315,100
2020-09-09 09:36:05.620,3.315,4100
2020-09-09 09:36:06.210,3.315,4500
2020-09-09 09:36:06.210,3.315,29600
2020-09-09 09:36:06.210,3.315,2000
2020-09-09 09:36:06.210,3.315,100
2020-09-09 09:36:06.210,3.314,24700
2020-09-09 09:36:06.210,3.314,15000
2020-09-09 09:36:06.210,3.314,20000
2020-09-09 09:36:06.210,3.314,200
2020-09-09 09:36:06.210,3.314,100
2020-09-09 09:36:06.210,3.314,18000
2020-09-09 09:36:06.210,3.314,10000
2020-09-09 09:36:06.210,3.314,14900
2020-09-09 09:36:06.210,3.314,45500
2020-09-09 09:36:06.210,3.314,5000
2020-09-09 09:36:06.210,3.313,4200
2020-09-09 09:36:06.210,3.313,500
2020-09-09 09:36:06.210,3.313,10000
2020-09-09 09:36:06.210,3.313,5400
2020-09-09 09:36:07.190,3.316,500
2020-09-09 09:36:07.190,3.316,1500
2020-09-09 09:36:07.360,3.315,1000
2020-09-09 09:36:08.960,3.315,3000
2020-09-09 09:36:09.380,3.315,2000
2020-09-09 09:36:09.570,3.315,10600
2020-09-09 09:36:10.190,3.315,1000
2020-09-09 09:36:10.220,3.315,800
2020-09-09 09:36:10.380,3.315,2200
2020-09-09 09:36:10.380,3.315,500
2020-09-09 09:36:12.520,3.316,200
2020-09-09 09:36:12.710,3.315,100
2020-09-09 09:36:13.390,3.315,3000
2020-09-09 09:36:13.870,3.315,1000
2020-09-09 09:36:14.060,3.316,8300
2020-09-09 09:36:14.060,3.316,5000
2020-09-09 09:36:14.060,3.316,9600
2020-09-09 09:36:14.060,3.316,20000
2020-09-09 09:36:14.060,3.316,300
2020-09-09 09:36:14.060,3.316,118313
2020-09-09 09:36:14.060,3.316,4200
2020-09-09 09:36:14.060,3.316,15000
2020-09-09 09:36:14.060,3.316,40000
2020-09-09 09:36:14.060,3.316,300
2020-09-09 09:36:14.060,3.316,10000
2020-09-09 09:36:14.060,3.316,300000
2020-09-09 09:36:14.060,3.316,10200
2020-09-09 09:36:14.060,3.316,20000
2020-09-09 09:36:14.060,3.316,10000
2020-09-09 09:36:14.120,3.316,428787
2020-09-09 09:36:14.190,3.316,71213
2020-09-09 09:36:14.950,3.316,10000
2020-09-09 09:36:15.090,3.316,238787
2020-09-09 09:36:15.090,3.316,700
2020-09-09 09:36:15.250,3.316,5800
2020-09-09 09:36:15.490,3.315,16100
2020-09-09 09:36:15.490,3.315,100000
2020-09-09 09:36:15.560,3.315,10000
2020-09-09 09:36:15.980,3.315,10000
2020-09-09 09:36:16.080,3.315,7100
2020-09-09 09:36:16.080,3.315,1000
2020-09-09 09:36:16.420,3.315,1900
2020-09-09 09:36:16.610,3.315,1400
2020-09-09 09:36:17.900,3.315,5000
2020-09-09 09:36:18.090,3.315,2500
2020-09-09 09:36:18.190,3.315,20000
2020-09-09 09:36:18.900,3.314,100
2020-09-09 09:36:18.900,3.314,2000
2020-09-09 09:36:18.900,3.314,1900
2020-09-09 09:36:19.260,3.315,2000
2020-09-09 09:36:19.450,3.314,100
2020-09-09 09:36:19.450,3.313,3000
2020-09-09 09:36:19.450,3.313,6000
2020-09-09 09:36:19.450,3.313,100
2020-09-09 09:36:19.450,3.313,9300
2020-09-09 09:36:19.450,3.313,1500
2020-09-09 09:36:20.940,3.315,6500
2020-09-09 09:36:23.590,3.315,4200
2020-09-09 09:36:26.790,3.314,100
2020-09-09 09:36:27.250,3.315,3000
2020-09-09 09:36:28.290,3.314,300
2020-09-09 09:36:28.560,3.315,500
2020-09-09 09:36:30.070,3.314,300
2020-09-09 09:36:32.420,3.314,20000
2020-09-09 09:36:32.600,3.314,6000
2020-09-09 09:36:32.600,3.315,300
2020-09-09 09:36:32.630,3.314,2300
2020-09-09 09:36:33.220,3.314,4000
2020-09-09 09:36:34.050,3.314,100
2020-09-09 09:36:34.120,3.314,2000
2020-09-09 09:36:34.490,3.314,5000
2020-09-09 09:36:35.110,3.314,1000
2020-09-09 09:36:35.700,3.313,18500
2020-09-09 09:36:35.700,3.313,1000
2020-09-09 09:36:35.700,3.313,1000
2020-09-09 09:36:37.940,3.313,300
2020-09-09 09:36:37.960,3.313,37900
2020-09-09 09:36:37.960,3.314,62100
2020-09-09 09:36:38.050,3.314,1000
2020-09-09 09:36:39.990,3.314,20000
2020-09-09 09:36:40.270,3.314,9400
2020-09-09 09:36:40.650,3.314,60000
2020-09-09 09:36:42.220,3.313,100
2020-09-09 09:36:43.550,3.313,19900
2020-09-09 09:36:43.550,3.313,1600
2020-09-09 09:36:43.550,3.313,28500
2020-09-09 09:36:44.420,3.313,1000
2020-09-09 09:36:44.630,3.312,3600
2020-09-09 09:36:45.170,3.313,400000
2020-09-09 09:36:45.370,3.312,6000
2020-09-09 09:36:46.150,3.313,2200
2020-09-09 09:36:48.270,3.312,10400
2020-09-09 09:36:48.270,3.312,10000
2020-09-09 09:36:48.270,3.312,7000
2020-09-09 09:36:48.270,3.312,500
2020-09-09 09:36:48.270,3.312,1100
2020-09-09 09:36:48.270,3.312,100
2020-09-09 09:36:48.270,3.312,4000
2020-09-09 09:36:48.270,3.312,100
2020-09-09 09:36:48.270,3.312,100
2020-09-09 09:36:48.270,3.312,10000
2020-09-09 09:36:48.270,3.312,10000
2020-09-09 09:36:48.330,3.312,500
2020-09-09 09:36:49.760,3.312,400
2020-09-09 09:36:54.880,3.311,1000
2020-09-09 09:36:54.880,3.311,2000
2020-09-09 09:36:54.880,3.311,800
2020-09-09 09:36:54.880,3.311,2100
2020-09-09 09:36:55.590,3.311,300
2020-09-09 09:36:56.040,3.311,2600
2020-09-09 09:36:56.040,3.311,3400
2020-09-09 09:36:56.260,3.312,1000
2020-09-09 09:36:58.610,3.311,800
2020-09-09 09:37:00.640,3.311,1400
2020-09-09 09:37:00.640,3.311,7600
2020-09-09 09:37:01.720,3.311,500
2020-09-09 09:37:03.640,3.311,1900
2020-09-09 09:37:03.640,3.311,100
2020-09-09 09:37:04.080,3.312,500
2020-09-09 09:37:06.180,3.311,500
2020-09-09 09:37:06.180,3.311,200
2020-09-09 09:37:06.180,3.311,100
2020-09-09 09:37:06.180,3.311,600
2020-09-09 09:37:06.940,3.311,1000
2020-09-09 09:37:07.400,3.312,800
2020-09-09 09:37:07.430,3.311,3000
2020-09-09 09:37:08.250,3.312,800
2020-09-09 09:37:08.470,3.311,5300
2020-09-09 09:37:09.350,3.312,45200
2020-09-09 09:37:09.630,3.312,117500
2020-09-09 09:37:09.630,3.312,1000
2020-09-09 09:37:09.630,3.312,7600
2020-09-09 09:37:09.630,3.312,2900
2020-09-09 09:37:09.630,3.312,1200
2020-09-09 09:37:09.630,3.312,900
2020-09-09 09:37:10.990,3.313,20000
2020-09-09 09:37:10.990,3.313,1000
2020-09-09 09:37:13.480,3.313,2500
2020-09-09 09:37:13.780,3.313,1700
2020-09-09 09:37:14.030,3.313,295800
2020-09-09 09:37:14.030,3.312,20000
2020-09-09 09:37:14.030,3.312,20000
2020-09-09 09:37:14.030,3.312,2100
2020-09-09 09:37:14.030,3.312,295100
2020-09-09 09:37:14.030,3.312,300000
2020-09-09 09:37:14.030,3.312,1500
2020-09-09 09:37:14.810,3.314,2500
2020-09-09 09:37:15.610,3.312,18500
2020-09-09 09:37:15.610,3.312,100000
2020-09-09 09:37:15.610,3.312,30000
2020-09-09 09:37:15.610,3.312,205900
2020-09-09 09:37:15.940,3.312,600
2020-09-09 09:37:16.440,3.312,100
2020-09-09 09:37:17.710,3.314,2500
2020-09-09 09:37:17.710,3.314,400
2020-09-09 09:37:18.080,3.313,3000
2020-09-09 09:37:18.140,3.313,10000
2020-09-09 09:37:18.680,3.314,9600
2020-09-09 09:37:18.680,3.314,30000
2020-09-09 09:37:18.680,3.314,7600
2020-09-09 09:37:18.680,3.314,42800
2020-09-09 09:37:18.860,3.314,51200
2020-09-09 09:37:19.120,3.314,99300
2020-09-09 09:37:19.210,3.313,2000
2020-09-09 09:37:19.630,3.314,50000
2020-09-09 09:37:20.020,3.314,300000
2020-09-09 09:37:20.020,3.314,30000
2020-09-09 09:37:20.020,3.314,10000
2020-09-09 09:37:20.020,3.314,30000
2020-09-09 09:37:20.060,3.313,800
2020-09-09 09:37:20.060,3.313,4600
2020-09-09 09:37:20.490,3.314,101300
2020-09-09 09:37:20.490,3.314,10900
2020-09-09 09:37:24.630,3.314,10000
2020-09-09 09:37:24.680,3.314,20000
2020-09-09 09:37:26.500,3.315,7000
2020-09-09 09:37:26.500,3.315,3900
2020-09-09 09:37:26.500,3.315,100
2020-09-09 09:37:26.500,3.315,10000
2020-09-09 09:37:26.500,3.315,500
2020-09-09 09:37:26.500,3.315,20000
2020-09-09 09:37:26.500,3.315,12000
2020-09-09 09:37:26.500,3.315,6500
2020-09-09 09:37:27.550,3.314,30400
2020-09-09 09:37:27.550,3.314,400
2020-09-09 09:37:27.550,3.314,700
2020-09-09 09:37:27.550,3.314,10000
2020-09-09 09:37:27.670,3.314,8500
2020-09-09 09:37:27.670,3.315,1500
2020-09-09 09:37:29.170,3.313,15500
2020-09-09 09:37:29.170,3.313,100000
2020-09-09 09:37:29.170,3.313,1000
2020-09-09 09:37:29.170,3.313,20000
2020-09-09 09:37:29.170,3.313,90000
2020-09-09 09:37:29.170,3.313,100
2020-09-09 09:37:29.170,3.313,3000
2020-09-09 09:37:31.200,3.312,300000
2020-09-09 09:37:31.420,3.313,1300
2020-09-09 09:37:31.880,3.313,1400
2020-09-09 09:37:32.130,3.313,100
2020-09-09 09:37:32.530,3.313,1900
2020-09-09 09:37:33.620,3.313,65700
2020-09-09 09:37:33.620,3.313,34300
2020-09-09 09:37:33.920,3.313,65700
2020-09-09 09:37:33.920,3.313,200000
2020-09-09 09:37:33.920,3.313,6000
2020-09-09 09:37:35.950,3.314,9800
2020-09-09 09:37:36.270,3.313,1400
2020-09-09 09:37:36.750,3.314,20000
2020-09-09 09:37:37.370,3.314,100
2020-09-09 09:37:37.890,3.313,3200
2020-09-09 09:37:37.950,3.313,15000
2020-09-09 09:37:39.960,3.313,10000
2020-09-09 09:37:40.200,3.313,20000
2020-09-09 09:37:40.330,3.314,1500
2020-09-09 09:37:41.340,3.314,5000
2020-09-09 09:37:42.830,3.314,800
2020-09-09 09:37:42.830,3.314,800
2020-09-09 09:37:42.890,3.314,2500
2020-09-09 09:37:44.000,3.313,3100
2020-09-09 09:37:45.090,3.314,1000
2020-09-09 09:37:45.210,3.314,8300
2020-09-09 09:37:45.870,3.314,1700
2020-09-09 09:37:45.870,3.314,8300
2020-09-09 09:37:46.980,3.314,100000
2020-09-09 09:37:47.160,3.314,200
2020-09-09 09:37:48.700,3.314,300100
2020-09-09 09:37:48.870,3.314,3000
2020-09-09 09:37:49.020,3.314,300000
2020-09-09 09:37:49.570,3.314,2000
2020-09-09 09:37:49.720,3.314,186400
2020-09-09 09:37:49.720,3.314,5000
2020-09-09 09:37:49.720,3.314,2000
2020-09-09 09:37:49.720,3.314,2000
2020-09-09 09:37:49.720,3.314,100
2020-09-09 09:37:49.720,3.314,10000
2020-09-09 09:37:49.720,3.314,6900
2020-09-09 09:37:50.370,3.314,60000
2020-09-09 09:37:50.470,3.313,10000
2020-09-09 09:37:50.950,3.313,300000
2020-09-09 09:37:51.040,3.314,4400
2020-09-09 09:37:51.200,3.313,10000
2020-09-09 09:37:52.380,3.313,255600
2020-09-09 09:37:52.380,3.313,5100
2020-09-09 09:37:52.380,3.313,39300
2020-09-09 09:37:52.720,3.314,16500
2020-09-09 09:37:53.260,3.313,5000
2020-09-09 09:37:53.930,3.314,3700
2020-09-09 09:37:55.460,3.314,5000
2020-09-09 09:37:55.920,3.313,10000
2020-09-09 09:37:57.090,3.314,10000
2020-09-09 09:37:57.910,3.314,10000
2020-09-09 09:37:59.830,3.313,1800
2020-09-09 09:38:00.160,3.313,10000
2020-09-09 09:38:00.710,3.314,10000
2020-09-09 09:38:00.710,3.314,3000
2020-09-09 09:38:00.710,3.314,100
2020-09-09 09:38:02.090,3.314,5000
2020-09-09 09:38:02.840,3.314,1900
2020-09-09 09:38:02.840,3.314,200
2020-09-09 09:38:02.840,3.314,4900
2020-09-09 09:38:03.510,3.314,95100
2020-09-09 09:38:03.510,3.314,10000
2020-09-09 09:38:03.510,3.314,3300
2020-09-09 09:38:03.510,3.313,191600
2020-09-09 09:38:03.800,3.313,1000
2020-09-09 09:38:03.890,3.313,21000
2020-09-09 09:38:04.640,3.314,4200
2020-09-09 09:38:04.730,3.314,1000
2020-09-09 09:38:05.210,3.313,153000
2020-09-09 09:38:05.210,3.313,4500
2020-09-09 09:38:05.210,3.313,12200
2020-09-09 09:38:05.210,3.313,5000
2020-09-09 09:38:05.210,3.313,15000
2020-09-09 09:38:05.210,3.313,3000
2020-09-09 09:38:05.210,3.313,46800
2020-09-09 09:38:05.210,3.313,700
2020-09-09 09:38:05.210,3.313,400
2020-09-09 09:38:05.210,3.313,2000
2020-09-09 09:38:05.210,3.313,3900
2020-09-09 09:38:05.210,3.313,3000
2020-09-09 09:38:05.290,3.313,18000
2020-09-09 09:38:05.810,3.313,20000
2020-09-09 09:38:05.840,3.313,300
2020-09-09 09:38:06.780,3.313,3000
2020-09-09 09:38:06.970,3.313,2500
2020-09-09 09:38:07.030,3.313,6700
2020-09-09 09:38:07.030,3.313,3300
2020-09-09 09:38:07.060,3.313,9300
2020-09-09 09:38:07.280,3.313,2000
2020-09-09 09:38:08.140,3.313,500
2020-09-09 09:38:10.840,3.313,42300
2020-09-09 09:38:11.250,3.313,20000
2020-09-09 09:38:12.070,3.313,100
2020-09-09 09:38:12.190,3.313,1000
2020-09-09 09:38:12.820,3.313,10000
2020-09-09 09:38:13.420,3.313,2000
2020-09-09 09:38:13.690,3.313,600
2020-09-09 09:38:13.690,3.313,8300
2020-09-09 09:38:14.180,3.313,200600
2020-09-09 09:38:14.180,3.313,100
2020-09-09 09:38:15.830,3.313,300000
2020-09-09 09:38:15.830,3.313,112100
2020-09-09 09:38:16.150,3.313,61900
2020-09-09 09:38:16.150,3.313,34500
2020-09-09 09:38:16.420,3.313,110500
2020-09-09 09:38:16.420,3.313,15600
2020-09-09 09:38:16.510,3.313,10000
2020-09-09 09:38:16.510,3.313,20000
2020-09-09 09:38:16.570,3.313,134700
2020-09-09 09:38:16.570,3.313,320000
2020-09-09 09:38:16.570,3.313,10000
2020-09-09 09:38:16.570,3.313,3000
2020-09-09 09:38:16.960,3.313,5000
2020-09-09 09:38:17.020,3.313,4500
2020-09-09 09:38:17.740,3.312,3000
2020-09-09 09:38:17.740,3.312,500
2020-09-09 09:38:17.740,3.312,4000
2020-09-09 09:38:17.740,3.312,1000
2020-09-09 09:38:17.790,3.312,1000
2020-09-09 09:38:18.460,3.312,50000
2020-09-09 09:38:21.530,3.312,1000
2020-09-09 09:38:21.800,3.312,5000
2020-09-09 09:38:22.270,3.312,1000
2020-09-09 09:38:22.690,3.312,1800
2020-09-09 09:38:23.640,3.312,18300
2020-09-09 09:38:25.710,3.313,3000
2020-09-09 09:38:27.200,3.313,3100
2020-09-09 09:38:28.370,3.311,1200
2020-09-09 09:38:28.370,3.311,1000
2020-09-09 09:38:28.370,3.311,100
2020-09-09 09:38:28.370,3.311,7700
2020-09-09 09:38:28.950,3.313,2000
2020-09-09 09:38:29.980,3.312,5500
2020-09-09 09:38:29.980,3.311,1800
2020-09-09 09:38:32.900,3.312,239000
2020-09-09 09:38:32.900,3.312,900
2020-09-09 09:38:32.900,3.312,10000
2020-09-09 09:38:33.910,3.312,35400
2020-09-09 09:38:35.600,3.312,3000
2020-09-09 09:38:36.020,3.311,1000
2020-09-09 09:38:38.790,3.312,600
2020-09-09 09:38:39.090,3.311,19500
2020-09-09 09:38:39.090,3.311,2000
2020-09-09 09:38:39.090,3.311,5000
2020-09-09 09:38:39.090,3.311,500
2020-09-09 09:38:39.090,3.311,2000
2020-09-09 09:38:39.090,3.311,10000
2020-09-09 09:38:39.090,3.311,1000
2020-09-09 09:38:39.090,3.311,100
2020-09-09 09:38:39.090,3.311,1000
2020-09-09 09:38:39.090,3.311,100
2020-09-09 09:38:39.090,3.31,20000
2020-09-09 09:38:39.090,3.31,100
2020-09-09 09:38:39.090,3.31,1500
2020-09-09 09:38:39.090,3.31,5000
2020-09-09 09:38:39.090,3.31,100
2020-09-09 09:38:39.090,3.31,100
2020-09-09 09:38:39.090,3.31,5300
2020-09-09 09:38:39.090,3.31,1100
2020-09-09 09:38:39.090,3.31,200
2020-09-09 09:38:39.090,3.31,1000
2020-09-09 09:38:39.090,3.31,200
2020-09-09 09:38:39.090,3.31,100
2020-09-09 09:38:39.090,3.31,6100
2020-09-09 09:38:39.090,3.31,1000
2020-09-09 09:38:39.090,3.31,4800
2020-09-09 09:38:42.790,3.312,10000
2020-09-09 09:38:43.830,3.311,9900
2020-09-09 09:38:45.320,3.312,500
2020-09-09 09:38:47.330,3.312,1500
2020-09-09 09:38:49.930,3.312,8000
2020-09-09 09:38:51.400,3.312,5000
2020-09-09 09:38:51.800,3.312,200
2020-09-09 09:38:52.450,3.311,10000
2020-09-09 09:38:52.640,3.312,6300
2020-09-09 09:38:52.640,3.312,3700
2020-09-09 09:38:52.730,3.312,1300
2020-09-09 09:38:52.730,3.312,1700
2020-09-09 09:38:53.320,3.311,700
2020-09-09 09:38:54.550,3.312,8800
2020-09-09 09:38:54.550,3.312,100
2020-09-09 09:39:01.760,3.312,2400
2020-09-09 09:39:01.760,3.312,2500
2020-09-09 09:39:02.100,3.313,1300
2020-09-09 09:39:02.100,3.313,3700
2020-09-09 09:39:03.560,3.313,400
2020-09-09 09:39:04.920,3.312,1800
2020-09-09 09:39:04.920,3.312,100
2020-09-09 09:39:04.920,3.312,5400
2020-09-09 09:39:04.920,3.312,3300
2020-09-09 09:39:04.920,3.312,19400
2020-09-09 09:39:05.130,3.312,600
2020-09-09 09:39:07.390,3.311,10000
2020-09-09 09:39:07.390,3.311,3500
2020-09-09 09:39:07.940,3.311,3000
2020-09-09 09:39:08.150,3.31,25200
2020-09-09 09:39:08.150,3.31,6000
2020-09-09 09:39:08.150,3.31,1200
2020-09-09 09:39:08.150,3.31,300
2020-09-09 09:39:08.150,3.31,100
2020-09-09 09:39:08.150,3.31,100
2020-09-09 09:39:08.150,3.31,1500
2020-09-09 09:39:08.150,3.31,100
2020-09-09 09:39:08.150,3.31,1000
2020-09-09 09:39:08.150,3.31,100000
2020-09-09 09:39:08.150,3.31,300
2020-09-09 09:39:08.150,3.31,2000
2020-09-09 09:39:08.150,3.31,1000
2020-09-09 09:39:08.150,3.31,500
2020-09-09 09:39:08.150,3.31,200
2020-09-09 09:39:08.150,3.31,1000
2020-09-09 09:39:08.150,3.31,300
2020-09-09 09:39:08.150,3.31,10000
2020-09-09 09:39:08.150,3.31,3100
2020-09-09 09:39:08.150,3.31,1000
2020-09-09 09:39:08.150,3.31,800
2020-09-09 09:39:08.150,3.31,1000
2020-09-09 09:39:08.150,3.31,10000
2020-09-09 09:39:08.150,3.31,20000
2020-09-09 09:39:08.150,3.31,3000
2020-09-09 09:39:08.150,3.31,400
2020-09-09 09:39:08.150,3.31,100
2020-09-09 09:39:08.150,3.31,3200
2020-09-09 09:39:09.580,3.31,1000
2020-09-09 09:39:11.590,3.31,400
2020-09-09 09:39:11.940,3.31,1200
2020-09-09 09:39:13.120,3.31,5000
2020-09-09 09:39:14.430,3.31,98600
2020-09-09 09:39:14.430,3.311,283500
2020-09-09 09:39:14.430,3.311,131500
2020-09-09 09:39:14.520,3.311,105713
2020-09-09 09:39:14.520,3.311,10000
2020-09-09 09:39:14.520,3.312,301100
2020-09-09 09:39:14.520,3.312,10000
2020-09-09 09:39:14.520,3.312,300
2020-09-09 09:39:14.520,3.312,270000
2020-09-09 09:39:14.520,3.312,20000
2020-09-09 09:39:14.520,3.312,15000
2020-09-09 09:39:14.520,3.312,267887
2020-09-09 09:39:14.520,3.312,32113
2020-09-09 09:39:14.520,3.312,100
2020-09-09 09:39:14.520,3.312,287787
2020-09-09 09:39:14.560,3.309,100
2020-09-09 09:39:14.560,3.309,1500
2020-09-09 09:39:14.560,3.309,6300
2020-09-09 09:39:14.560,3.309,200
2020-09-09 09:39:14.560,3.309,100
2020-09-09 09:39:14.560,3.309,1000
2020-09-09 09:39:14.560,3.309,100
2020-09-09 09:39:14.560,3.309,5000
2020-09-09 09:39:14.560,3.309,20000
2020-09-09 09:39:14.560,3.309,1000
2020-09-09 09:39:14.560,3.309,10000
2020-09-09 09:39:14.560,3.309,50000
2020-09-09 09:39:14.560,3.309,2000
2020-09-09 09:39:14.560,3.309,2400
2020-09-09 09:39:14.560,3.309,100
2020-09-09 09:39:14.560,3.309,5000
2020-09-09 09:39:14.560,3.309,2900
2020-09-09 09:39:14.560,3.309,200
2020-09-09 09:39:14.560,3.309,100
2020-09-09 09:39:14.560,3.309,10000
2020-09-09 09:39:14.560,3.309,200
2020-09-09 09:39:14.560,3.309,20000
2020-09-09 09:39:14.560,3.309,1000
2020-09-09 09:39:14.560,3.309,2100
2020-09-09 09:39:14.560,3.309,4800
2020-09-09 09:39:14.560,3.309,1000
2020-09-09 09:39:18.040,3.309,1000
2020-09-09 09:39:20.170,3.31,10000
2020-09-09 09:39:22.790,3.31,10000
2020-09-09 09:39:22.790,3.31,3000
2020-09-09 09:39:23.040,3.31,4900
2020-09-09 09:39:23.100,3.308,3800
2020-09-09 09:39:24.420,3.309,2800
2020-09-09 09:39:25.240,3.31,300
2020-09-09 09:39:26.990,3.31,10000
2020-09-09 09:39:27.120,3.309,11200
2020-09-09 09:39:31.900,3.309,10000
2020-09-09 09:39:34.390,3.309,500
2020-09-09 09:39:34.790,3.309,2000
2020-09-09 09:39:34.920,3.309,500
2020-09-09 09:39:35.580,3.308,1800
2020-09-09 09:39:35.760,3.309,7000
2020-09-09 09:39:35.790,3.31,271800
2020-09-09 09:39:35.790,3.31,300000
2020-09-09 09:39:35.790,3.31,500
2020-09-09 09:39:35.790,3.31,300
2020-09-09 09:39:37.320,3.31,16000
2020-09-09 09:39:38.830,3.312,1500
2020-09-09 09:39:39.100,3.312,1700
2020-09-09 09:39:39.100,3.312,600
2020-09-09 09:39:39.100,3.312,122500
2020-09-09 09:39:40.650,3.31,2400
2020-09-09 09:39:41.470,3.31,5000
2020-09-09 09:39:42.690,3.31,28300
2020-09-09 09:39:45.650,3.311,4400
2020-09-09 09:39:47.330,3.311,25000
2020-09-09 09:39:47.480,3.311,900
2020-09-09 09:39:48.740,3.31,110200
2020-09-09 09:39:48.740,3.31,3000
2020-09-09 09:39:48.740,3.31,2000
2020-09-09 09:39:48.740,3.309,7700
2020-09-09 09:39:48.740,3.309,4000
2020-09-09 09:39:48.740,3.309,3800
2020-09-09 09:39:52.040,3.31,1000
2020-09-09 09:39:52.160,3.31,2900
2020-09-09 09:39:55.420,3.31,300
2020-09-09 09:39:55.420,3.31,2000
2020-09-09 09:39:55.420,3.31,1000
2020-09-09 09:39:55.420,3.311,10400
2020-09-09 09:39:56.590,3.309,3200
2020-09-09 09:39:56.590,3.309,37500
2020-09-09 09:39:58.410,3.31,200
2020-09-09 09:39:59.210,3.31,1000
2020-09-09 09:39:59.790,3.31,1300
2020-09-09 09:40:00.470,3.31,2500
2020-09-09 09:40:01.100,3.311,500
2020-09-09 09:40:01.830,3.31,44400
2020-09-09 09:40:05.410,3.31,5000
2020-09-09 09:40:05.470,3.309,9400
2020-09-09 09:40:05.470,3.309,55700
2020-09-09 09:40:05.470,3.309,500
2020-09-09 09:40:05.470,3.309,1000
2020-09-09 09:40:05.470,3.309,300
2020-09-09 09:40:05.470,3.309,200
2020-09-09 09:40:05.470,3.309,20700
2020-09-09 09:40:05.470,3.309,500
2020-09-09 09:40:05.470,3.309,4000
2020-09-09 09:40:05.470,3.309,900
2020-09-09 09:40:05.470,3.309,1000
2020-09-09 09:40:05.470,3.309,4000
2020-09-09 09:40:05.470,3.309,5000
2020-09-09 09:40:05.470,3.309,5000
2020-09-09 09:40:05.470,3.309,15000
2020-09-09 09:40:06.060,3.309,900
2020-09-09 09:40:06.340,3.309,30400
2020-09-09 09:40:07.170,3.309,6300
2020-09-09 09:40:07.450,3.309,139200
2020-09-09 09:40:07.450,3.31,164000
2020-09-09 09:40:07.860,3.309,100
2020-09-09 09:40:08.130,3.309,2000
2020-09-09 09:40:08.220,3.309,3000
2020-09-09 09:40:08.260,3.309,100
2020-09-09 09:40:09.470,3.309,1000
2020-09-09 09:40:10.610,3.309,1000
2020-09-09 09:40:11.260,3.309,200
2020-09-09 09:40:11.380,3.308,1000
2020-09-09 09:40:11.380,3.308,100
2020-09-09 09:40:11.380,3.308,2000
2020-09-09 09:40:11.380,3.308,7800
2020-09-09 09:40:11.380,3.308,300
2020-09-09 09:40:11.380,3.308,5000
2020-09-09 09:40:11.380,3.308,5000
2020-09-09 09:40:11.380,3.308,3000
2020-09-09 09:40:11.380,3.308,100
2020-09-09 09:40:11.380,3.308,2000
2020-09-09 09:40:11.380,3.308,100
2020-09-09 09:40:11.380,3.308,20000
2020-09-09 09:40:11.380,3.308,100
2020-09-09 09:40:11.380,3.308,600
2020-09-09 09:40:11.380,3.308,200
2020-09-09 09:40:11.380,3.308,5000
2020-09-09 09:40:11.380,3.308,5000
2020-09-09 09:40:11.380,3.308,10000
2020-09-09 09:40:11.380,3.308,100
2020-09-09 09:40:11.380,3.308,5000
2020-09-09 09:40:11.380,3.308,8200
2020-09-09 09:40:11.380,3.308,300
2020-09-09 09:40:11.380,3.308,100
2020-09-09 09:40:11.380,3.308,500
2020-09-09 09:40:11.380,3.308,5000
2020-09-09 09:40:11.380,3.308,20000
2020-09-09 09:40:11.380,3.308,3000
2020-09-09 09:40:11.380,3.308,5000
2020-09-09 09:40:11.380,3.308,1200
2020-09-09 09:40:11.380,3.308,3100
2020-09-09 09:40:11.380,3.308,1000
2020-09-09 09:40:11.380,3.308,400
2020-09-09 09:40:11.380,3.308,5000
2020-09-09 09:40:11.380,3.308,10000
2020-09-09 09:40:11.380,3.308,5000
2020-09-09 09:40:11.380,3.308,5000
2020-09-09 09:40:11.380,3.308,3000
2020-09-09 09:40:11.980,3.308,5000
2020-09-09 09:40:12.700,3.307,1500
2020-09-09 09:40:12.700,3.307,2200
2020-09-09 09:40:12.910,3.308,10000
2020-09-09 09:40:12.910,3.307,5400
2020-09-09 09:40:12.910,3.307,1400
2020-09-09 09:40:12.910,3.307,3000
2020-09-09 09:40:12.910,3.307,1500
2020-09-09 09:40:12.910,3.307,200
2020-09-09 09:40:12.910,3.307,10000
2020-09-09 09:40:12.910,3.307,20000
2020-09-09 09:40:12.910,3.307,37400
2020-09-09 09:40:12.910,3.307,3000
2020-09-09 09:40:12.910,3.307,10000
2020-09-09 09:40:12.910,3.307,100
2020-09-09 09:40:12.910,3.307,100
2020-09-09 09:40:12.910,3.307,7000
2020-09-09 09:40:12.910,3.307,300
2020-09-09 09:40:12.910,3.307,200
2020-09-09 09:40:12.910,3.307,30000
2020-09-09 09:40:12.910,3.307,10000
2020-09-09 09:40:12.910,3.307,93000
2020-09-09 09:40:12.910,3.307,60500
2020-09-09 09:40:12.910,3.307,300
2020-09-09 09:40:14.980,3.307,6000
2020-09-09 09:40:15.460,3.307,600
2020-09-09 09:40:16.890,3.308,800
2020-09-09 09:40:17.660,3.308,100
2020-09-09 09:40:18.290,3.308,1000
2020-09-09 09:40:18.580,3.307,400
2020-09-09 09:40:18.580,3.306,5000
2020-09-09 09:40:18.580,3.306,9800
2020-09-09 09:40:20.510,3.306,200
2020-09-09 09:40:20.510,3.306,3000
2020-09-09 09:40:20.510,3.306,200
2020-09-09 09:40:20.510,3.306,3000
2020-09-09 09:40:20.510,3.306,1000
2020-09-09 09:40:20.510,3.306,100
2020-09-09 09:40:20.510,3.306,10000
2020-09-09 09:40:20.510,3.306,200
