Datetime,Price,Volume
2020-09-09 09:25:00.790,4.7,5500
2020-09-09 09:25:00.790,4.7,6800
2020-09-09 09:25:00.790,4.7,2100
2020-09-09 09:25:00.790,4.7,10000
2020-09-09 09:25:00.790,4.7,600
2020-09-09 09:25:00.790,4.7,600
2020-09-09 09:25:00.790,4.7,40000
2020-09-09 09:25:00.790,4.7,700
2020-09-09 09:25:00.790,4.7,600
2020-09-09 09:25:00.790,4.7,600
2020-09-09 09:25:00.790,4.7,600
2020-09-09 09:25:00.790,4.7,600
2020-09-09 09:25:00.790,4.7,700
2020-09-09 09:25:00.790,4.7,600
2020-09-09 09:25:00.790,4.7,600
2020-09-09 09:25:00.790,4.7,600
2020-09-09 09:25:00.790,4.7,700
2020-09-09 09:25:00.790,4.7,8100
2020-09-09 09:25:00.790,4.7,3900
2020-09-09 09:25:00.790,4.7,2000
2020-09-09 09:25:00.790,4.7,2200
2020-09-09 09:25:00.790,4.7,300
2020-09-09 09:25:00.790,4.7,200
2020-09-09 09:25:00.790,4.7,600
2020-09-09 09:25:00.790,4.7,2300
2020-09-09 09:25:00.790,4.7,400
2020-09-09 09:25:00.790,4.7,200
2020-09-09 09:25:00.790,4.7,100
2020-09-09 09:25:00.790,4.7,2100
2020-09-09 09:25:00.790,4.7,48300
2020-09-09 09:25:00.790,4.7,19000
2020-09-09 09:25:00.790,4.7,2700
2020-09-09 09:25:00.790,4.7,200
2020-09-09 09:25:00.790,4.7,7500
2020-09-09 09:25:00.790,4.7,4200
2020-09-09 09:25:00.790,4.7,100
2020-09-09 09:25:00.790,4.7,100
2020-09-09 09:25:00.790,4.7,100
2020-09-09 09:25:00.790,4.7,100
2020-09-09 09:25:00.790,4.7,300
2020-09-09 09:25:00.790,4.7,100
2020-09-09 09:25:00.790,4.7,200
2020-09-09 09:25:00.790,4.7,100
2020-09-09 09:25:00.790,4.7,100
2020-09-09 09:25:00.790,4.7,100
2020-09-09 09:25:00.790,4.7,100
2020-09-09 09:25:00.790,4.7,100
2020-09-09 09:25:00.790,4.7,100
2020-09-09 09:25:00.790,4.7,100
2020-09-09 09:25:00.790,4.7,100
2020-09-09 09:25:00.790,4.7,100
2020-09-09 09:25:00.790,4.7,100
2020-09-09 09:25:00.790,4.7,100
2020-09-09 09:25:00.790,4.7,100
2020-09-09 09:25:00.790,4.7,100
2020-09-09 09:25:00.790,4.7,1000
2020-09-09 09:25:00.790,4.7,200
2020-09-09 09:25:00.790,4.7,100
2020-09-09 09:25:00.790,4.7,4700
2020-09-09 09:25:00.790,4.7,400
2020-09-09 09:25:00.790,4.7,100
2020-09-09 09:25:00.790,4.7,100
2020-09-09 09:25:00.790,4.7,200
2020-09-09 09:25:00.790,4.7,1000
2020-09-09 09:25:00.790,4.7,100
2020-09-09 09:25:00.790,4.7,600
2020-09-09 09:25:00.790,4.7,100
2020-09-09 09:25:00.790,4.7,100
2020-09-09 09:25:00.790,4.7,100
2020-09-09 09:25:00.790,4.7,100
2020-09-09 09:25:00.790,4.7,100
2020-09-09 09:25:00.790,4.7,200
2020-09-09 09:25:00.790,4.7,100
2020-09-09 09:25:00.790,4.7,100
2020-09-09 09:25:00.790,4.7,1000
2020-09-09 09:25:00.790,4.7,200
2020-09-09 09:25:00.790,4.7,1000
2020-09-09 09:25:00.790,4.7,1100
2020-09-09 09:25:00.790,4.7,100
2020-09-09 09:25:00.790,4.7,200
2020-09-09 09:25:00.790,4.7,100
2020-09-09 09:25:00.790,4.7,1000
2020-09-09 09:25:00.790,4.7,1000
2020-09-09 09:25:00.790,4.7,100
2020-09-09 09:25:00.790,4.7,100
2020-09-09 09:25:00.790,4.7,200
2020-09-09 09:25:00.790,4.7,100
2020-09-09 09:25:00.790,4.7,100
2020-09-09 09:25:00.790,4.7,1000
2020-09-09 09:25:00.790,4.7,200
2020-09-09 09:25:00.790,4.7,100
2020-09-09 09:25:00.790,4.7,100
2020-09-09 09:25:00.790,4.7,100
2020-09-09 09:25:00.790,4.7,500
2020-09-09 09:25:00.790,4.7,500
2020-09-09 09:25:00.790,4.7,200
2020-09-09 09:25:00.790,4.7,100
2020-09-09 09:25:00.790,4.7,100
2020-09-09 09:25:00.790,4.7,100
2020-09-09 09:25:00.790,4.7,100
2020-09-09 09:25:00.790,4.7,500
2020-09-09 09:25:00.790,4.7,100
2020-09-09 09:25:00.790,4.7,100
2020-09-09 09:25:00.790,4.7,100
2020-09-09 09:25:00.790,4.7,100
2020-09-09 09:25:00.790,4.7,100
2020-09-09 09:25:00.790,4.7,100
2020-09-09 09:25:00.790,4.7,200
2020-09-09 09:25:00.790,4.7,600
2020-09-09 09:25:00.790,4.7,300
2020-09-09 09:25:00.790,4.7,20000
2020-09-09 09:25:00.790,4.7,100
2020-09-09 09:25:00.790,4.7,1100
2020-09-09 09:25:00.790,4.7,100
2020-09-09 09:25:00.790,4.7,200
2020-09-09 09:25:00.790,4.7,1000
2020-09-09 09:25:00.790,4.7,1500
2020-09-09 09:25:00.790,4.7,600
2020-09-09 09:25:00.790,4.7,100
2020-09-09 09:25:00.790,4.7,300
2020-09-09 09:25:00.790,4.7,100
2020-09-09 09:25:00.790,4.7,200
2020-09-09 09:25:00.790,4.7,100
2020-09-09 09:25:00.790,4.7,100
2020-09-09 09:25:00.790,4.7,100
2020-09-09 09:25:00.790,4.7,200
2020-09-09 09:25:00.790,4.7,300
2020-09-09 09:25:00.790,4.7,100
2020-09-09 09:25:00.790,4.7,7000
2020-09-09 09:25:00.790,4.7,700
2020-09-09 09:25:00.790,4.7,1000
2020-09-09 09:25:00.790,4.7,100
2020-09-09 09:25:00.790,4.7,300
2020-09-09 09:25:00.790,4.7,200
2020-09-09 09:25:00.790,4.7,600
2020-09-09 09:25:00.790,4.7,50000
2020-09-09 09:25:00.790,4.7,100
2020-09-09 09:25:00.790,4.7,1000
2020-09-09 09:25:00.790,4.7,1500
2020-09-09 09:25:00.790,4.7,200
2020-09-09 09:25:00.790,4.7,200
2020-09-09 09:25:00.790,4.7,300
2020-09-09 09:25:00.790,4.7,2500
2020-09-09 09:25:00.790,4.7,200
2020-09-09 09:25:00.790,4.7,1000
2020-09-09 09:25:00.790,4.7,300
2020-09-09 09:25:00.790,4.7,300
2020-09-09 09:25:00.790,4.7,2500
2020-09-09 09:25:00.790,4.7,400
2020-09-09 09:25:00.790,4.7,700
2020-09-09 09:25:00.790,4.7,100
2020-09-09 09:25:00.790,4.7,200
2020-09-09 09:25:00.790,4.7,200
2020-09-09 09:25:00.790,4.7,100
2020-09-09 09:25:00.790,4.7,10600
2020-09-09 09:25:00.790,4.7,4400
2020-09-09 09:25:00.790,4.7,14200
2020-09-09 09:25:00.790,4.7,5800
2020-09-09 09:25:00.790,4.7,200
2020-09-09 09:25:00.790,4.7,1300
2020-09-09 09:25:00.790,4.7,1000
2020-09-09 09:25:00.790,4.7,5000
2020-09-09 09:25:00.790,4.7,200
2020-09-09 09:25:00.790,4.7,600
2020-09-09 09:25:00.790,4.7,100
2020-09-09 09:25:00.790,4.7,200
2020-09-09 09:25:00.790,4.7,5000
2020-09-09 09:25:00.790,4.7,1500
2020-09-09 09:25:00.790,4.7,46600
2020-09-09 09:25:00.790,4.7,1900
2020-09-09 09:25:00.790,4.7,200
2020-09-09 09:25:00.790,4.7,10000
2020-09-09 09:25:00.790,4.7,10000
2020-09-09 09:25:00.790,4.7,200
2020-09-09 09:25:00.790,4.7,1000
2020-09-09 09:25:00.790,4.7,600
2020-09-09 09:25:00.790,4.7,200
2020-09-09 09:25:00.790,4.7,9400
2020-09-09 09:25:00.790,4.7,2500
2020-09-09 09:25:00.790,4.7,52000
2020-09-09 09:25:00.790,4.7,3000
2020-09-09 09:25:00.790,4.7,1000
2020-09-09 09:25:00.790,4.7,5200
2020-09-09 09:25:00.790,4.7,100
2020-09-09 09:25:00.790,4.7,600
2020-09-09 09:25:00.790,4.7,20000
2020-09-09 09:25:00.790,4.7,8500
2020-09-09 09:25:00.790,4.7,500
2020-09-09 09:25:00.790,4.7,200
2020-09-09 09:25:00.790,4.7,3000
2020-09-09 09:25:00.790,4.7,200
2020-09-09 09:25:00.790,4.7,3000
2020-09-09 09:25:00.790,4.7,40000
2020-09-09 09:25:00.790,4.7,200
2020-09-09 09:25:00.790,4.7,1500
2020-09-09 09:25:00.790,4.7,1000
2020-09-09 09:25:00.790,4.7,10000
2020-09-09 09:25:00.790,4.7,1300
2020-09-09 09:25:00.790,4.7,800
2020-09-09 09:25:00.790,4.7,300
2020-09-09 09:25:00.790,4.7,700
2020-09-09 09:25:00.790,4.7,5000
2020-09-09 09:25:00.790,4.7,200
2020-09-09 09:25:00.790,4.7,5000
2020-09-09 09:25:00.790,4.7,50000
2020-09-09 09:25:00.790,4.7,4200
2020-09-09 09:25:00.790,4.7,2000
2020-09-09 09:25:00.790,4.7,600
2020-09-09 09:25:00.790,4.7,2500
2020-09-09 09:25:00.790,4.7,200
2020-09-09 09:25:00.790,4.7,300
2020-09-09 09:25:00.790,4.7,200
2020-09-09 09:25:00.790,4.7,1000
2020-09-09 09:25:00.790,4.7,2500
2020-09-09 09:25:00.790,4.7,10000
2020-09-09 09:25:00.790,4.7,600
2020-09-09 09:25:00.790,4.7,5000
2020-09-09 09:25:00.790,4.7,5100
2020-09-09 09:25:00.790,4.7,300
2020-09-09 09:25:00.790,4.7,300
2020-09-09 09:25:00.790,4.7,300
2020-09-09 09:25:00.790,4.7,15600
2020-09-09 09:25:00.790,4.7,500
2020-09-09 09:25:00.790,4.7,25000
2020-09-09 09:25:00.790,4.7,32100
2020-09-09 09:25:00.790,4.7,2000
2020-09-09 09:25:00.790,4.7,4400
2020-09-09 09:25:00.790,4.7,4000
2020-09-09 09:25:00.790,4.7,16400
2020-09-09 09:25:00.790,4.7,300
2020-09-09 09:25:00.790,4.7,3000
2020-09-09 09:25:00.790,4.7,6000
2020-09-09 09:25:00.790,4.7,200
2020-09-09 09:25:00.790,4.7,20000
2020-09-09 09:25:00.790,4.7,1000
2020-09-09 09:25:00.790,4.7,3100
2020-09-09 09:25:00.790,4.7,16900
2020-09-09 09:25:00.790,4.7,2500
2020-09-09 09:25:00.790,4.7,600
2020-09-09 09:25:00.790,4.7,1400
2020-09-09 09:25:00.790,4.7,1800
2020-09-09 09:25:00.790,4.7,1000
2020-09-09 09:25:00.790,4.7,3100
2020-09-09 09:25:00.790,4.7,4100
2020-09-09 09:25:00.790,4.7,2000
2020-09-09 09:25:00.790,4.7,700
2020-09-09 09:25:00.790,4.7,1700
2020-09-09 09:25:00.790,4.7,100
2020-09-09 09:25:00.790,4.7,42400
2020-09-09 09:25:00.790,4.7,50000
2020-09-09 09:25:00.790,4.7,2000
2020-09-09 09:25:00.790,4.7,3000
2020-09-09 09:25:00.790,4.7,2500
2020-09-09 09:25:00.790,4.7,10000
2020-09-09 09:25:00.790,4.7,13700
2020-09-09 09:25:00.790,4.7,30000
2020-09-09 09:25:00.790,4.7,1000
2020-09-09 09:25:00.790,4.7,136800
2020-09-09 09:25:00.790,4.7,7000
2020-09-09 09:25:00.790,4.7,1000
2020-09-09 09:25:00.790,4.7,110000
2020-09-09 09:25:00.790,4.7,66300
2020-09-09 09:25:00.790,4.7,200
2020-09-09 09:25:00.790,4.7,4200
2020-09-09 09:25:00.790,4.7,300
2020-09-09 09:25:00.790,4.7,500
2020-09-09 09:25:00.790,4.7,100
2020-09-09 09:25:00.790,4.7,2100
2020-09-09 09:25:00.790,4.7,1100
2020-09-09 09:25:00.790,4.7,1500
2020-09-09 09:25:00.790,4.7,200
2020-09-09 09:25:00.790,4.7,49700
2020-09-09 09:25:00.790,4.7,16900
2020-09-09 09:25:00.790,4.7,15800
2020-09-09 09:25:00.790,4.7,12500
2020-09-09 09:25:00.790,4.7,5100
2020-09-09 09:25:00.790,4.7,600
2020-09-09 09:25:00.790,4.7,7800
2020-09-09 09:25:00.790,4.7,1200
2020-09-09 09:25:00.790,4.7,2100
2020-09-09 09:25:00.790,4.7,8700
2020-09-09 09:25:00.790,4.7,12000
2020-09-09 09:25:00.790,4.7,33000
2020-09-09 09:25:00.790,4.7,11500
2020-09-09 09:25:00.790,4.7,12900
2020-09-09 09:25:00.790,4.7,9700
2020-09-09 09:25:00.790,4.7,3000
2020-09-09 09:25:00.790,4.7,36000
2020-09-09 09:25:00.790,4.7,49900
2020-09-09 09:25:00.790,4.7,41400
2020-09-09 09:25:00.790,4.7,1900
2020-09-09 09:25:00.790,4.7,3600
2020-09-09 09:25:00.790,4.7,10000
2020-09-09 09:25:00.790,4.7,2200
2020-09-09 09:25:00.790,4.7,900
2020-09-09 09:25:00.790,4.7,9100
2020-09-09 09:25:00.790,4.7,1000
2020-09-09 09:25:00.790,4.7,9900
2020-09-09 09:25:00.790,4.7,100
2020-09-09 09:25:00.790,4.7,100
2020-09-09 09:25:00.790,4.7,4000
2020-09-09 09:25:00.790,4.7,1300
2020-09-09 09:25:00.790,4.7,100
2020-09-09 09:25:00.790,4.7,200
2020-09-09 09:25:00.790,4.7,100
2020-09-09 09:25:00.790,4.7,1200
2020-09-09 09:25:00.790,4.7,100
2020-09-09 09:25:00.790,4.7,500
2020-09-09 09:25:00.790,4.7,1100
2020-09-09 09:25:00.790,4.7,3000
2020-09-09 09:25:00.790,4.7,100
2020-09-09 09:25:00.790,4.7,100
2020-09-09 09:25:00.790,4.7,100
2020-09-09 09:25:00.790,4.7,1100
2020-09-09 09:25:00.790,4.7,900
2020-09-09 09:25:00.790,4.7,1000
2020-09-09 09:25:00.790,4.7,100
2020-09-09 09:25:00.790,4.7,5000
2020-09-09 09:25:00.790,4.7,1000
2020-09-09 09:25:00.790,4.7,100
2020-09-09 09:25:00.790,4.7,500
2020-09-09 09:25:00.790,4.7,200
2020-09-09 09:25:00.790,4.7,100
2020-09-09 09:25:00.790,4.7,100
2020-09-09 09:25:00.790,4.7,10000
2020-09-09 09:25:00.790,4.7,1000
2020-09-09 09:25:00.790,4.7,400
2020-09-09 09:25:00.790,4.7,1600
2020-09-09 09:25:00.790,4.7,2300
2020-09-09 09:25:00.790,4.7,1000
2020-09-09 09:25:00.790,4.7,100
2020-09-09 09:25:00.790,4.7,300
2020-09-09 09:25:00.790,4.7,1100
2020-09-09 09:25:00.790,4.7,200
2020-09-09 09:25:00.790,4.7,100
2020-09-09 09:25:00.790,4.7,400
2020-09-09 09:25:00.790,4.7,7900
2020-09-09 09:25:00.790,4.7,2100
2020-09-09 09:25:00.790,4.7,2500
2020-09-09 09:25:00.790,4.7,300
2020-09-09 09:25:00.790,4.7,400
2020-09-09 09:25:00.790,4.7,600
2020-09-09 09:25:00.790,4.7,2000
2020-09-09 09:25:00.790,4.7,1000
2020-09-09 09:25:00.790,4.7,10000
2020-09-09 09:25:00.790,4.7,500
2020-09-09 09:25:00.790,4.7,1500
2020-09-09 09:25:00.790,4.7,5000
2020-09-09 09:25:00.790,4.7,1000
2020-09-09 09:25:00.790,4.7,5000
2020-09-09 09:25:00.790,4.7,9000
2020-09-09 09:25:00.790,4.7,10000
2020-09-09 09:25:00.790,4.7,5000
2020-09-09 09:25:00.790,4.7,500
2020-09-09 09:25:00.790,4.7,100
2020-09-09 09:25:00.790,4.7,1000
2020-09-09 09:25:00.790,4.7,100
2020-09-09 09:25:00.790,4.7,100
2020-09-09 09:25:00.790,4.7,100
2020-09-09 09:25:00.790,4.7,200
2020-09-09 09:25:00.790,4.7,1000
2020-09-09 09:25:00.790,4.7,200
2020-09-09 09:25:00.790,4.7,1000
2020-09-09 09:25:00.790,4.7,1000
2020-09-09 09:25:00.790,4.7,100
2020-09-09 09:25:00.790,4.7,5000
2020-09-09 09:25:00.790,4.7,300
2020-09-09 09:25:00.790,4.7,500
2020-09-09 09:25:00.790,4.7,14000
2020-09-09 09:25:00.790,4.7,100
2020-09-09 09:25:00.790,4.7,100
2020-09-09 09:25:00.790,4.7,200
2020-09-09 09:25:00.790,4.7,100
2020-09-09 09:25:00.790,4.7,100
2020-09-09 09:25:00.790,4.7,1000
2020-09-09 09:25:00.790,4.7,100
2020-09-09 09:25:00.790,4.7,100
2020-09-09 09:25:00.790,4.7,2500
2020-09-09 09:25:00.790,4.7,200
2020-09-09 09:25:00.790,4.7,300
2020-09-09 09:25:00.790,4.7,200
2020-09-09 09:25:00.790,4.7,100
2020-09-09 09:25:00.790,4.7,100
2020-09-09 09:25:00.790,4.7,2200
2020-09-09 09:25:00.790,4.7,500
2020-09-09 09:25:00.790,4.7,1000
2020-09-09 09:25:00.790,4.7,1000
2020-09-09 09:25:00.790,4.7,300
2020-09-09 09:25:00.790,4.7,1000
2020-09-09 09:25:00.790,4.7,2100
2020-09-09 09:25:00.790,4.7,2500
2020-09-09 09:25:00.790,4.7,1200
2020-09-09 09:25:00.790,4.7,5000
2020-09-09 09:25:00.790,4.7,100
2020-09-09 09:25:00.790,4.7,800
2020-09-09 09:25:00.790,4.7,100
2020-09-09 09:25:00.790,4.7,100
2020-09-09 09:25:00.790,4.7,3000
2020-09-09 09:25:00.790,4.7,100
2020-09-09 09:25:00.790,4.7,10000
2020-09-09 09:25:00.790,4.7,5000
2020-09-09 09:25:00.790,4.7,20000
2020-09-09 09:25:00.790,4.7,50000
2020-09-09 09:25:00.790,4.7,1000
2020-09-09 09:25:00.790,4.7,600
2020-09-09 09:25:00.790,4.7,100
2020-09-09 09:25:00.790,4.7,4000
2020-09-09 09:25:00.790,4.7,5000
2020-09-09 09:25:00.790,4.7,800
2020-09-09 09:25:00.790,4.7,5000
2020-09-09 09:25:00.790,4.7,73000
2020-09-09 09:25:00.790,4.7,1000
2020-09-09 09:25:00.790,4.7,100
2020-09-09 09:25:00.790,4.7,28100
2020-09-09 09:25:00.790,4.7,200
2020-09-09 09:25:00.790,4.7,100
2020-09-09 09:25:00.790,4.7,47300
2020-09-09 09:25:00.790,4.7,3800
2020-09-09 09:25:00.790,4.7,100
2020-09-09 09:25:00.790,4.7,2500
2020-09-09 09:25:00.790,4.7,10000
2020-09-09 09:25:00.790,4.7,200
2020-09-09 09:25:00.790,4.7,100
2020-09-09 09:25:00.790,4.7,2000
2020-09-09 09:25:00.790,4.7,700
2020-09-09 09:25:00.790,4.7,5000
2020-09-09 09:25:00.790,4.7,300
2020-09-09 09:25:00.790,4.7,300
2020-09-09 09:25:00.790,4.7,500
2020-09-09 09:25:00.790,4.7,500
2020-09-09 09:25:00.790,4.7,500
2020-09-09 09:25:00.790,4.7,5000
2020-09-09 09:25:00.790,4.7,1300
2020-09-09 09:25:00.790,4.7,2000
2020-09-09 09:25:00.790,4.7,200
2020-09-09 09:25:00.790,4.7,25000
2020-09-09 09:25:00.790,4.7,5000
2020-09-09 09:25:00.790,4.7,100
2020-09-09 09:25:00.790,4.7,1100
2020-09-09 09:25:00.790,4.7,10100
2020-09-09 09:25:00.790,4.7,1000
2020-09-09 09:25:00.790,4.7,3000
2020-09-09 09:25:00.790,4.7,100
2020-09-09 09:25:00.790,4.7,100
2020-09-09 09:25:00.790,4.7,3000
2020-09-09 09:25:00.790,4.7,300
2020-09-09 09:25:00.790,4.7,10000
2020-09-09 09:25:00.790,4.7,2000
2020-09-09 09:25:00.790,4.7,1000
2020-09-09 09:25:00.790,4.7,10000
2020-09-09 09:25:00.790,4.7,10000
2020-09-09 09:25:00.790,4.7,73500
2020-09-09 09:25:00.790,4.7,31700
2020-09-09 09:25:00.790,4.7,600
2020-09-09 09:25:00.790,4.7,4000
2020-09-09 09:25:00.790,4.7,1000
2020-09-09 09:25:00.790,4.7,100
2020-09-09 09:25:00.790,4.7,20000
2020-09-09 09:25:00.790,4.7,5000
2020-09-09 09:25:00.790,4.7,50000
2020-09-09 09:25:00.790,4.7,100
2020-09-09 09:25:00.790,4.7,1500
2020-09-09 09:25:00.790,4.7,7000
2020-09-09 09:25:00.790,4.7,3000
2020-09-09 09:25:00.790,4.7,1000
2020-09-09 09:25:00.790,4.7,2000
2020-09-09 09:25:00.790,4.7,2000
2020-09-09 09:25:00.790,4.7,10000
2020-09-09 09:25:00.790,4.7,200
2020-09-09 09:25:00.790,4.7,300
2020-09-09 09:25:00.790,4.7,100
2020-09-09 09:25:00.790,4.7,16800
2020-09-09 09:25:00.790,4.7,3200
2020-09-09 09:25:00.790,4.7,500
2020-09-09 09:25:00.790,4.7,300
2020-09-09 09:25:00.790,4.7,100
2020-09-09 09:25:00.790,4.7,300
2020-09-09 09:25:00.790,4.7,100
2020-09-09 09:25:00.790,4.7,3800
2020-09-09 09:25:00.790,4.7,3500
2020-09-09 09:25:00.790,4.7,8300
2020-09-09 09:25:00.790,4.7,4400
2020-09-09 09:25:00.790,4.7,1000
2020-09-09 09:25:00.790,4.7,3000
2020-09-09 09:25:00.790,4.7,1000
2020-09-09 09:25:00.790,4.7,1000
2020-09-09 09:25:00.790,4.7,3000
2020-09-09 09:25:00.790,4.7,3100
2020-09-09 09:25:00.790,4.7,4000
2020-09-09 09:25:00.790,4.7,10000
2020-09-09 09:25:00.790,4.7,11600
2020-09-09 09:25:00.790,4.7,12300
2020-09-09 09:25:00.790,4.7,3600
2020-09-09 09:25:00.790,4.7,500
2020-09-09 09:25:00.790,4.7,500
2020-09-09 09:25:00.790,4.7,1600
2020-09-09 09:25:00.790,4.7,400
2020-09-09 09:25:00.790,4.7,800
2020-09-09 09:25:00.790,4.7,600
2020-09-09 09:25:00.790,4.7,1700
2020-09-09 09:25:00.790,4.7,3500
2020-09-09 09:25:00.790,4.7,1500
2020-09-09 09:25:00.790,4.7,2000
2020-09-09 09:25:00.790,4.7,3000
2020-09-09 09:25:00.790,4.7,2500
2020-09-09 09:25:00.790,4.7,100
2020-09-09 09:25:00.790,4.7,200
2020-09-09 09:25:00.790,4.7,700
2020-09-09 09:25:00.790,4.7,300
2020-09-09 09:25:00.790,4.7,5000
2020-09-09 09:25:00.790,4.7,4900
2020-09-09 09:25:00.790,4.7,600
2020-09-09 09:25:00.790,4.7,6400
2020-09-09 09:25:00.790,4.7,100
2020-09-09 09:25:00.790,4.7,200
2020-09-09 09:25:00.790,4.7,2200
2020-09-09 09:25:00.790,4.7,1000
2020-09-09 09:25:00.790,4.7,1100
2020-09-09 09:25:00.790,4.7,100
2020-09-09 09:25:00.790,4.7,1000
2020-09-09 09:25:00.790,4.7,1000
2020-09-09 09:25:00.790,4.7,50000
2020-09-09 09:25:00.790,4.7,2000
2020-09-09 09:25:00.790,4.7,2500
2020-09-09 09:25:00.790,4.7,400
2020-09-09 09:25:00.790,4.7,1000
2020-09-09 09:25:00.790,4.7,1300
2020-09-09 09:25:00.790,4.7,6500
2020-09-09 09:25:00.790,4.7,1900
2020-09-09 09:25:00.790,4.7,2000
2020-09-09 09:25:00.790,4.7,5000
2020-09-09 09:25:00.790,4.7,2000
2020-09-09 09:25:00.790,4.7,500
2020-09-09 09:25:00.790,4.7,10000
2020-09-09 09:25:00.790,4.7,1200
2020-09-09 09:25:00.790,4.7,1100
2020-09-09 09:25:00.790,4.7,2000
2020-09-09 09:25:00.790,4.7,5000
2020-09-09 09:25:00.790,4.7,5500
2020-09-09 09:25:00.790,4.7,10000
2020-09-09 09:25:00.790,4.7,10000
2020-09-09 09:25:00.790,4.7,2300
2020-09-09 09:25:00.790,4.7,6000
2020-09-09 09:25:00.790,4.7,120000
2020-09-09 09:25:00.790,4.7,300
2020-09-09 09:25:00.790,4.7,5000
2020-09-09 09:25:00.790,4.7,5300
2020-09-09 09:25:00.790,4.7,10000
2020-09-09 09:25:00.790,4.7,200
2020-09-09 09:25:00.790,4.7,800
2020-09-09 09:25:00.790,4.7,3200
2020-09-09 09:25:00.790,4.7,100
2020-09-09 09:25:00.790,4.7,1000
2020-09-09 09:25:00.790,4.7,300
2020-09-09 09:25:00.790,4.7,2500
2020-09-09 09:25:00.790,4.7,500
2020-09-09 09:25:00.790,4.7,300
2020-09-09 09:25:00.790,4.7,300
2020-09-09 09:25:00.790,4.7,2200
2020-09-09 09:25:00.790,4.7,300
2020-09-09 09:25:00.790,4.7,2400
2020-09-09 09:25:00.790,4.7,10000
2020-09-09 09:25:00.790,4.7,3800
2020-09-09 09:25:00.790,4.7,100
2020-09-09 09:25:00.790,4.7,2000
2020-09-09 09:25:00.790,4.7,4000
2020-09-09 09:25:00.790,4.7,500
2020-09-09 09:25:00.790,4.7,23500
2020-09-09 09:25:00.790,4.7,500
2020-09-09 09:25:00.790,4.7,1000
2020-09-09 09:25:00.790,4.7,600
2020-09-09 09:25:00.790,4.7,17100
2020-09-09 09:25:00.790,4.7,2900
2020-09-09 09:25:00.790,4.7,7200
2020-09-09 09:25:00.790,4.7,192800
2020-09-09 09:25:00.790,4.7,2000
2020-09-09 09:25:00.790,4.7,20000
2020-09-09 09:25:00.790,4.7,200
2020-09-09 09:25:00.790,4.7,5000
2020-09-09 09:25:00.790,4.7,3000
2020-09-09 09:25:00.790,4.7,3200
2020-09-09 09:25:00.790,4.7,1500
2020-09-09 09:25:00.790,4.7,4000
2020-09-09 09:25:00.790,4.7,500
2020-09-09 09:25:00.790,4.7,2000
2020-09-09 09:25:00.790,4.7,100
2020-09-09 09:25:00.790,4.7,100
2020-09-09 09:25:00.790,4.7,2300
2020-09-09 09:25:00.790,4.7,2000
2020-09-09 09:25:00.790,4.7,100
2020-09-09 09:25:00.790,4.7,100
2020-09-09 09:25:00.790,4.7,50000
2020-09-09 09:25:00.790,4.7,5000
2020-09-09 09:25:00.790,4.7,1000
2020-09-09 09:25:00.790,4.7,300
2020-09-09 09:25:00.790,4.7,200
2020-09-09 09:25:00.790,4.7,10000
2020-09-09 09:25:00.790,4.7,10000
2020-09-09 09:25:00.790,4.7,100
2020-09-09 09:25:00.790,4.7,2000
2020-09-09 09:25:00.790,4.7,5000
2020-09-09 09:25:00.790,4.7,100
2020-09-09 09:25:00.790,4.7,4000
2020-09-09 09:25:00.790,4.7,1900
2020-09-09 09:25:00.790,4.7,5000
2020-09-09 09:25:00.790,4.7,100
2020-09-09 09:25:00.790,4.7,3600
2020-09-09 09:25:00.790,4.7,100
2020-09-09 09:25:00.790,4.7,5000
2020-09-09 09:25:00.790,4.7,31300
2020-09-09 09:25:00.790,4.7,1000
2020-09-09 09:25:00.790,4.7,300
2020-09-09 09:25:00.790,4.7,300
2020-09-09 09:25:00.790,4.7,700
2020-09-09 09:25:00.790,4.7,49400
2020-09-09 09:25:00.790,4.7,33800
2020-09-09 09:25:00.790,4.7,1000
2020-09-09 09:25:00.790,4.7,2000
2020-09-09 09:25:00.790,4.7,300
2020-09-09 09:25:00.790,4.7,2500
2020-09-09 09:25:00.790,4.7,200
2020-09-09 09:25:00.790,4.7,5000
2020-09-09 09:25:00.790,4.7,4000
2020-09-09 09:25:00.790,4.7,100
2020-09-09 09:25:00.790,4.7,100
2020-09-09 09:25:00.790,4.7,200
2020-09-09 09:25:00.790,4.7,1500
2020-09-09 09:25:00.790,4.7,50000
2020-09-09 09:25:00.790,4.7,5000
2020-09-09 09:25:00.790,4.7,1100
2020-09-09 09:25:00.790,4.7,5000
2020-09-09 09:25:00.790,4.7,800
2020-09-09 09:25:00.790,4.7,500
2020-09-09 09:25:00.790,4.7,100
2020-09-09 09:25:00.790,4.7,1100
2020-09-09 09:25:00.790,4.7,45000
2020-09-09 09:25:00.790,4.7,40000
2020-09-09 09:25:00.790,4.7,50000
2020-09-09 09:25:00.790,4.7,11000
2020-09-09 09:25:00.790,4.7,23000
2020-09-09 09:25:00.790,4.7,5000
2020-09-09 09:25:00.790,4.7,10500
2020-09-09 09:25:00.790,4.7,25000
2020-09-09 09:25:00.790,4.7,10100
2020-09-09 09:25:00.790,4.7,6000
2020-09-09 09:25:00.790,4.7,1100
2020-09-09 09:25:00.790,4.7,2000
2020-09-09 09:25:00.790,4.7,1000
2020-09-09 09:25:00.790,4.7,1000
2020-09-09 09:25:00.790,4.7,6900
2020-09-09 09:25:00.790,4.7,4000
2020-09-09 09:25:00.790,4.7,100
2020-09-09 09:25:00.790,4.7,1000
2020-09-09 09:25:00.790,4.7,2000
2020-09-09 09:25:00.790,4.7,1100
2020-09-09 09:25:00.790,4.7,100
2020-09-09 09:25:00.790,4.7,2500
2020-09-09 09:25:00.790,4.7,100
2020-09-09 09:25:00.790,4.7,2500
2020-09-09 09:25:00.790,4.7,300
2020-09-09 09:25:00.790,4.7,5000
2020-09-09 09:25:00.790,4.7,13200
2020-09-09 09:25:00.790,4.7,7000
2020-09-09 09:25:00.790,4.7,3000
2020-09-09 09:25:00.790,4.7,10000
2020-09-09 09:25:00.790,4.7,6600
2020-09-09 09:25:00.790,4.7,2000
2020-09-09 09:25:00.790,4.7,29000
2020-09-09 09:25:00.790,4.7,10000
2020-09-09 09:25:00.790,4.7,500
2020-09-09 09:25:00.790,4.7,5000
2020-09-09 09:25:00.790,4.7,5000
2020-09-09 09:25:00.790,4.7,100
2020-09-09 09:25:00.790,4.7,600
2020-09-09 09:25:00.790,4.7,12100
2020-09-09 09:25:00.790,4.7,2000
2020-09-09 09:25:00.790,4.7,1400
2020-09-09 09:25:00.790,4.7,700
2020-09-09 09:25:00.790,4.7,6000
2020-09-09 09:25:00.790,4.7,7800
2020-09-09 09:25:00.790,4.7,1000
2020-09-09 09:25:00.790,4.7,1000
2020-09-09 09:25:00.790,4.7,2000
2020-09-09 09:25:00.790,4.7,6200
2020-09-09 09:25:00.790,4.7,4200
2020-09-09 09:25:00.790,4.7,14600
2020-09-09 09:25:00.790,4.7,100
2020-09-09 09:25:00.790,4.7,1000
2020-09-09 09:25:00.790,4.7,1000
2020-09-09 09:25:00.790,4.7,1000
2020-09-09 09:25:00.790,4.7,3000
2020-09-09 09:25:00.790,4.7,6000
2020-09-09 09:25:00.790,4.7,15000
2020-09-09 09:25:00.790,4.7,500
2020-09-09 09:25:00.790,4.7,300
2020-09-09 09:25:00.790,4.7,5000
2020-09-09 09:25:00.790,4.7,3000
2020-09-09 09:25:00.790,4.7,245300
2020-09-09 09:25:00.790,4.7,5000
2020-09-09 09:25:00.790,4.7,1500
2020-09-09 09:25:00.790,4.7,7000
2020-09-09 09:25:00.790,4.7,7000
2020-09-09 09:25:00.790,4.7,35900
2020-09-09 09:25:00.790,4.7,2100
2020-09-09 09:25:00.790,4.7,22800
2020-09-09 09:25:00.790,4.7,24600
2020-09-09 09:25:00.790,4.7,295800
2020-09-09 09:25:00.790,4.7,5000
2020-09-09 09:25:00.790,4.7,80000
2020-09-09 09:25:00.790,4.7,70000
2020-09-09 09:25:00.790,4.7,10300
2020-09-09 09:25:00.790,4.7,187700
2020-09-09 09:25:00.790,4.7,200
2020-09-09 09:25:00.790,4.7,182100
2020-09-09 09:25:00.790,4.7,112900
2020-09-09 09:25:00.790,4.7,20000
2020-09-09 09:25:00.790,4.7,40000
2020-09-09 09:25:00.790,4.7,2000
2020-09-09 09:25:00.790,4.7,30000
2020-09-09 09:25:00.790,4.7,2000
2020-09-09 09:25:00.790,4.7,3600
2020-09-09 09:25:00.790,4.7,4000
2020-09-09 09:25:00.790,4.7,1000
2020-09-09 09:25:00.790,4.7,1100
2020-09-09 09:25:00.790,4.7,2500
2020-09-09 09:25:00.790,4.7,20000
2020-09-09 09:25:00.790,4.7,14000
2020-09-09 09:25:00.790,4.7,5000
2020-09-09 09:25:00.790,4.7,100
2020-09-09 09:25:00.790,4.7,400
2020-09-09 09:25:00.790,4.7,91700
2020-09-09 09:25:00.790,4.7,70000
2020-09-09 09:25:00.790,4.7,500
2020-09-09 09:25:00.790,4.7,900
2020-09-09 09:25:00.790,4.7,15000
2020-09-09 09:25:00.790,4.7,30000
2020-09-09 09:25:00.790,4.7,100
2020-09-09 09:25:00.790,4.7,5000
2020-09-09 09:25:00.790,4.7,1500
2020-09-09 09:25:00.790,4.7,5000
2020-09-09 09:25:00.790,4.7,3200
2020-09-09 09:25:00.790,4.7,2300
2020-09-09 09:25:00.790,4.7,2700
2020-09-09 09:25:00.790,4.7,2000
2020-09-09 09:25:00.790,4.7,10000
2020-09-09 09:25:00.790,4.7,4200
2020-09-09 09:25:00.790,4.7,1300
2020-09-09 09:25:00.790,4.7,44500
2020-09-09 09:25:00.790,4.7,100
2020-09-09 09:25:00.790,4.7,2500
2020-09-09 09:25:00.790,4.7,8200
2020-09-09 09:25:00.790,4.7,10000
2020-09-09 09:25:00.790,4.7,1000
2020-09-09 09:25:00.790,4.7,7000
2020-09-09 09:25:00.790,4.7,1000
2020-09-09 09:25:00.790,4.7,100
2020-09-09 09:25:00.790,4.7,2000
2020-09-09 09:25:00.790,4.7,102000
2020-09-09 09:25:00.790,4.7,2000
2020-09-09 09:25:00.790,4.7,2000
2020-09-09 09:25:00.790,4.7,51000
2020-09-09 09:25:00.790,4.7,23100
2020-09-09 09:25:00.790,4.7,700
2020-09-09 09:25:00.790,4.7,15700
2020-09-09 09:25:00.790,4.7,6000
2020-09-09 09:25:00.790,4.7,2200
2020-09-09 09:25:00.790,4.7,2000
2020-09-09 09:25:00.790,4.7,14000
2020-09-09 09:25:00.790,4.7,15600
2020-09-09 09:25:00.790,4.7,1400
2020-09-09 09:25:00.790,4.7,100
2020-09-09 09:25:00.790,4.7,1600
2020-09-09 09:25:00.790,4.7,1000
2020-09-09 09:25:00.790,4.7,11000
2020-09-09 09:25:00.790,4.7,300
2020-09-09 09:25:00.790,4.7,1800
2020-09-09 09:25:00.790,4.7,1100
2020-09-09 09:25:00.790,4.7,400
2020-09-09 09:25:00.790,4.7,200
2020-09-09 09:25:00.790,4.7,2000
2020-09-09 09:25:00.790,4.7,5000
2020-09-09 09:25:00.790,4.7,5000
2020-09-09 09:25:00.790,4.7,5000
2020-09-09 09:25:00.790,4.7,900
2020-09-09 09:25:00.790,4.7,1000
2020-09-09 09:25:00.790,4.7,200
2020-09-09 09:25:00.790,4.7,300
2020-09-09 09:25:00.790,4.7,1300
2020-09-09 09:25:00.790,4.7,300
2020-09-09 09:25:00.790,4.7,200
2020-09-09 09:25:00.790,4.7,1000
2020-09-09 09:25:00.790,4.7,200
2020-09-09 09:25:00.790,4.7,500
2020-09-09 09:25:00.790,4.7,5000
2020-09-09 09:25:00.790,4.7,5000
2020-09-09 09:25:00.790,4.7,30000
2020-09-09 09:25:00.790,4.7,500
2020-09-09 09:25:00.790,4.7,100
2020-09-09 09:25:00.790,4.7,100
2020-09-09 09:25:00.790,4.7,3000
2020-09-09 09:25:00.790,4.7,200
2020-09-09 09:25:00.790,4.7,100
2020-09-09 09:25:00.790,4.7,601500
2020-09-09 09:25:00.790,4.7,79300
2020-09-09 09:25:00.790,4.7,15000
2020-09-09 09:25:00.790,4.7,2100
2020-09-09 09:25:00.790,4.7,104000
2020-09-09 09:25:00.790,4.7,198100
2020-09-09 09:25:00.790,4.7,20000
2020-09-09 09:25:00.790,4.7,5000
2020-09-09 09:25:00.790,4.7,500
2020-09-09 09:25:00.790,4.7,50000
2020-09-09 09:25:00.790,4.7,300
2020-09-09 09:25:00.790,4.7,15000
2020-09-09 09:25:00.790,4.7,100
2020-09-09 09:25:00.790,4.7,1000
2020-09-09 09:25:00.790,4.7,400
2020-09-09 09:25:00.790,4.7,100
2020-09-09 09:25:00.790,4.7,4000
2020-09-09 09:25:00.790,4.7,3000
2020-09-09 09:25:00.790,4.7,3000
2020-09-09 09:25:00.790,4.7,300
2020-09-09 09:25:00.790,4.7,5000
2020-09-09 09:25:00.790,4.7,10000
2020-09-09 09:25:00.790,4.7,1000
2020-09-09 09:25:00.790,4.7,3000
2020-09-09 09:25:00.790,4.7,1000
2020-09-09 09:25:00.790,4.7,6200
2020-09-09 09:25:00.790,4.7,10000
2020-09-09 09:25:00.790,4.7,4200
2020-09-09 09:25:00.790,4.7,5000
2020-09-09 09:25:00.790,4.7,5000
2020-09-09 09:25:00.790,4.7,4000
2020-09-09 09:25:00.790,4.7,4400
2020-09-09 09:25:00.790,4.7,10000
2020-09-09 09:25:00.790,4.7,10100
2020-09-09 09:25:00.790,4.7,5000
2020-09-09 09:25:00.790,4.7,3500
2020-09-09 09:25:00.790,4.7,10000
2020-09-09 09:25:00.790,4.7,100
2020-09-09 09:25:00.790,4.7,400
2020-09-09 09:25:00.790,4.7,3000
2020-09-09 09:25:00.790,4.7,10000
2020-09-09 09:25:00.790,4.7,200
2020-09-09 09:25:00.790,4.7,1000
2020-09-09 09:25:00.790,4.7,4000
2020-09-09 09:25:00.790,4.7,2300
2020-09-09 09:25:00.790,4.7,2000
2020-09-09 09:25:00.790,4.7,300
2020-09-09 09:25:00.790,4.7,5000
2020-09-09 09:25:00.790,4.7,500
2020-09-09 09:25:00.790,4.7,10000
2020-09-09 09:25:00.790,4.7,5000
2020-09-09 09:25:00.790,4.7,10000
2020-09-09 09:25:00.790,4.7,2200
2020-09-09 09:25:00.790,4.7,700
2020-09-09 09:25:00.790,4.7,200
2020-09-09 09:25:00.790,4.7,5000
2020-09-09 09:25:00.790,4.7,1000
2020-09-09 09:25:00.790,4.7,5000
2020-09-09 09:25:00.790,4.7,200
2020-09-09 09:25:00.790,4.7,1000
2020-09-09 09:25:00.790,4.7,3000
2020-09-09 09:25:00.790,4.7,400
2020-09-09 09:25:00.790,4.7,2000
2020-09-09 09:25:00.790,4.7,20000
2020-09-09 09:25:00.790,4.7,5000
2020-09-09 09:25:00.790,4.7,100
2020-09-09 09:25:00.790,4.7,4500
2020-09-09 09:25:00.790,4.7,2500
2020-09-09 09:25:00.790,4.7,100
2020-09-09 09:25:00.790,4.7,2000
2020-09-09 09:25:00.790,4.7,200
2020-09-09 09:25:00.790,4.7,1000
2020-09-09 09:25:00.790,4.7,20000
2020-09-09 09:25:00.790,4.7,100
2020-09-09 09:25:00.790,4.7,13000
2020-09-09 09:25:00.790,4.7,100
2020-09-09 09:25:00.790,4.7,2000
2020-09-09 09:25:00.790,4.7,800
2020-09-09 09:25:00.790,4.7,100
2020-09-09 09:25:00.790,4.7,4000
2020-09-09 09:25:00.790,4.7,30000
2020-09-09 09:25:00.790,4.7,2300
2020-09-09 09:25:00.790,4.7,10000
2020-09-09 09:25:00.790,4.7,5000
2020-09-09 09:25:00.790,4.7,100
2020-09-09 09:25:00.790,4.7,200
2020-09-09 09:25:00.790,4.7,2900
2020-09-09 09:25:00.790,4.7,1000
2020-09-09 09:25:00.790,4.7,200
2020-09-09 09:25:00.790,4.7,100
2020-09-09 09:25:00.790,4.7,100
2020-09-09 09:25:00.790,4.7,40000
2020-09-09 09:25:00.790,4.7,1000
2020-09-09 09:25:00.790,4.7,1000
2020-09-09 09:25:00.790,4.7,3500
2020-09-09 09:25:00.790,4.7,100
2020-09-09 09:25:00.790,4.7,1000
2020-09-09 09:25:00.790,4.7,100
2020-09-09 09:25:00.790,4.7,100
2020-09-09 09:25:00.790,4.7,5000
2020-09-09 09:25:00.790,4.7,5000
2020-09-09 09:25:00.790,4.7,1000
2020-09-09 09:25:00.790,4.7,2500
2020-09-09 09:25:00.790,4.7,800
2020-09-09 09:25:00.790,4.7,1000
2020-09-09 09:25:00.790,4.7,2500
2020-09-09 09:25:00.790,4.7,500
2020-09-09 09:25:00.790,4.7,200
2020-09-09 09:25:00.790,4.7,25000
2020-09-09 09:25:00.790,4.7,3600
2020-09-09 09:25:00.790,4.7,10000
2020-09-09 09:25:00.790,4.7,2000
2020-09-09 09:25:00.790,4.7,2100
2020-09-09 09:25:00.790,4.7,500
2020-09-09 09:25:00.790,4.7,2000
2020-09-09 09:25:00.790,4.7,100
2020-09-09 09:25:00.790,4.7,1000
2020-09-09 09:25:00.790,4.7,2000
2020-09-09 09:25:00.790,4.7,3000
2020-09-09 09:25:00.790,4.7,50000
2020-09-09 09:25:00.790,4.7,300
2020-09-09 09:25:00.790,4.7,5000
2020-09-09 09:25:00.790,4.7,10000
2020-09-09 09:25:00.790,4.7,100
2020-09-09 09:25:00.790,4.7,100
2020-09-09 09:25:00.790,4.7,500
2020-09-09 09:25:00.790,4.7,1100
2020-09-09 09:25:00.790,4.7,1000
2020-09-09 09:25:00.790,4.7,300
2020-09-09 09:25:00.790,4.7,300
2020-09-09 09:25:00.790,4.7,34300
2020-09-09 09:25:00.790,4.7,200
2020-09-09 09:25:00.790,4.7,11900
2020-09-09 09:25:00.790,4.7,800
2020-09-09 09:25:00.790,4.7,21400
2020-09-09 09:25:00.790,4.7,4500
2020-09-09 09:25:00.790,4.7,100
2020-09-09 09:25:00.790,4.7,300
2020-09-09 09:25:00.790,4.7,2100
2020-09-09 09:25:00.790,4.7,500
2020-09-09 09:25:00.790,4.7,2000
2020-09-09 09:25:00.790,4.7,500
2020-09-09 09:25:00.790,4.7,500
2020-09-09 09:25:00.790,4.7,100
2020-09-09 09:25:00.790,4.7,100
2020-09-09 09:25:00.790,4.7,500
2020-09-09 09:25:00.790,4.7,1000
2020-09-09 09:25:00.790,4.7,2500
2020-09-09 09:25:00.790,4.7,3000
2020-09-09 09:25:00.790,4.7,300
2020-09-09 09:25:00.790,4.7,100
2020-09-09 09:25:00.790,4.7,3900
2020-09-09 09:25:00.790,4.7,24000
2020-09-09 09:25:00.790,4.7,26000
2020-09-09 09:25:00.790,4.7,7800
2020-09-09 09:25:00.790,4.7,8400
2020-09-09 09:25:00.790,4.7,50000
2020-09-09 09:25:00.790,4.7,500
2020-09-09 09:25:00.790,4.7,700
2020-09-09 09:30:00.030,4.7,500000
2020-09-09 09:30:00.140,4.7,13200
2020-09-09 09:30:00.140,4.7,293400
2020-09-09 09:30:00.210,4.701,4200
2020-09-09 09:30:00.250,4.701,25800
2020-09-09 09:30:00.250,4.701,2000
2020-09-09 09:30:00.250,4.701,1100
2020-09-09 09:30:00.250,4.701,300
2020-09-09 09:30:00.250,4.701,4000
2020-09-09 09:30:00.250,4.701,31900
2020-09-09 09:30:00.280,4.701,15000
2020-09-09 09:30:00.320,4.7,6200
2020-09-09 09:30:00.320,4.7,400
2020-09-09 09:30:00.320,4.7,10000
2020-09-09 09:30:00.320,4.7,200
2020-09-09 09:30:00.320,4.7,200
2020-09-09 09:30:00.380,4.701,2000
2020-09-09 09:30:00.380,4.701,4000
2020-09-09 09:30:00.380,4.7,4800
2020-09-09 09:30:00.380,4.7,2500
2020-09-09 09:30:00.380,4.7,4100
2020-09-09 09:30:00.380,4.7,1000
2020-09-09 09:30:00.380,4.7,2200
2020-09-09 09:30:00.380,4.7,10000
2020-09-09 09:30:00.380,4.7,100
2020-09-09 09:30:00.380,4.699,200
2020-09-09 09:30:00.380,4.699,700
2020-09-09 09:30:00.380,4.699,2200
2020-09-09 09:30:00.380,4.699,5000
2020-09-09 09:30:00.380,4.699,500
2020-09-09 09:30:00.380,4.699,1000
2020-09-09 09:30:00.380,4.699,8000
2020-09-09 09:30:00.380,4.699,10000
2020-09-09 09:30:00.380,4.699,5000
2020-09-09 09:30:00.380,4.699,2200
2020-09-09 09:30:00.380,4.699,200
2020-09-09 09:30:00.380,4.699,300
2020-09-09 09:30:00.380,4.701,400
2020-09-09 09:30:00.380,4.701,1000
2020-09-09 09:30:00.480,4.7,100
2020-09-09 09:30:00.480,4.699,700
2020-09-09 09:30:00.480,4.7,1200
2020-09-09 09:30:00.480,4.7,3800
2020-09-09 09:30:00.480,4.7,100
2020-09-09 09:30:00.480,4.7,3500
2020-09-09 09:30:00.480,4.7,100
2020-09-09 09:30:00.480,4.7,2200
2020-09-09 09:30:00.480,4.7,3000
2020-09-09 09:30:00.480,4.7,500
2020-09-09 09:30:00.480,4.699,1000
2020-09-09 09:30:00.480,4.698,2000
2020-09-09 09:30:00.480,4.698,100
2020-09-09 09:30:00.480,4.698,100
2020-09-09 09:30:00.480,4.698,500
2020-09-09 09:30:00.480,4.698,1300
2020-09-09 09:30:00.480,4.698,100
2020-09-09 09:30:00.480,4.7,900
2020-09-09 09:30:00.480,4.7,300
2020-09-09 09:30:00.480,4.7,300
2020-09-09 09:30:00.600,4.7,300
2020-09-09 09:30:00.600,4.701,100
2020-09-09 09:30:00.600,4.701,145600
2020-09-09 09:30:00.600,4.701,800
2020-09-09 09:30:00.600,4.701,4200
2020-09-09 09:30:00.600,4.701,8100
2020-09-09 09:30:00.600,4.701,500
2020-09-09 09:30:00.600,4.701,500
2020-09-09 09:30:00.600,4.702,1000
2020-09-09 09:30:00.600,4.702,1200
2020-09-09 09:30:00.600,4.702,10200
2020-09-09 09:30:00.710,4.702,9800
2020-09-09 09:30:00.710,4.701,200
2020-09-09 09:30:00.710,4.701,7000
2020-09-09 09:30:00.710,4.701,10100
2020-09-09 09:30:00.710,4.701,30000
2020-09-09 09:30:00.710,4.703,1100
2020-09-09 09:30:00.710,4.701,93000
2020-09-09 09:30:00.710,4.701,1000
2020-09-09 09:30:00.710,4.701,50000
2020-09-09 09:30:00.710,4.7,100
2020-09-09 09:30:00.710,4.7,500
2020-09-09 09:30:00.710,4.7,5000
2020-09-09 09:30:00.710,4.7,1000
2020-09-09 09:30:00.710,4.7,500
2020-09-09 09:30:00.710,4.699,1000
2020-09-09 09:30:00.710,4.699,1000
2020-09-09 09:30:00.820,4.699,5000
2020-09-09 09:30:00.820,4.699,100
2020-09-09 09:30:00.820,4.698,9900
2020-09-09 09:30:00.820,4.698,600
2020-09-09 09:30:00.820,4.699,1000
2020-09-09 09:30:00.820,4.699,1000
2020-09-09 09:30:00.820,4.699,300
2020-09-09 09:30:00.820,4.699,20000
2020-09-09 09:30:00.820,4.698,4400
2020-09-09 09:30:00.820,4.698,2000
2020-09-09 09:30:00.820,4.698,4000
2020-09-09 09:30:00.820,4.698,2400
2020-09-09 09:30:00.820,4.699,100
2020-09-09 09:30:00.820,4.699,2500
2020-09-09 09:30:00.820,4.699,100
2020-09-09 09:30:00.820,4.699,6500
2020-09-09 09:30:00.820,4.698,1000
2020-09-09 09:30:00.940,4.699,4000
2020-09-09 09:30:00.940,4.699,500
2020-09-09 09:30:00.940,4.699,300
2020-09-09 09:30:00.940,4.699,100
2020-09-09 09:30:00.940,4.698,31900
2020-09-09 09:30:00.940,4.698,300
2020-09-09 09:30:00.940,4.698,200
2020-09-09 09:30:00.940,4.698,2000
2020-09-09 09:30:00.940,4.698,5200
2020-09-09 09:30:00.940,4.697,200
2020-09-09 09:30:00.940,4.697,5000
2020-09-09 09:30:00.940,4.697,10000
2020-09-09 09:30:00.940,4.697,5000
2020-09-09 09:30:00.940,4.697,1000
2020-09-09 09:30:00.940,4.697,5000
2020-09-09 09:30:00.940,4.697,5000
2020-09-09 09:30:00.940,4.697,500
2020-09-09 09:30:00.940,4.696,1100
2020-09-09 09:30:00.940,4.697,3000
2020-09-09 09:30:00.940,4.697,500
2020-09-09 09:30:00.940,4.697,4000
2020-09-09 09:30:00.940,4.697,300
2020-09-09 09:30:00.940,4.697,200
2020-09-09 09:30:00.940,4.697,400
2020-09-09 09:30:00.940,4.697,4000
2020-09-09 09:30:00.940,4.697,10000
2020-09-09 09:30:00.940,4.697,1000
2020-09-09 09:30:00.940,4.697,2000
2020-09-09 09:30:01.060,4.697,6000
2020-09-09 09:30:01.060,4.697,5000
2020-09-09 09:30:01.060,4.697,1000
2020-09-09 09:30:01.060,4.697,3000
2020-09-09 09:30:01.060,4.697,500
2020-09-09 09:30:01.060,4.697,200
2020-09-09 09:30:01.060,4.697,4600
2020-09-09 09:30:01.060,4.697,2000
2020-09-09 09:30:01.060,4.697,200
2020-09-09 09:30:01.170,4.697,1300
2020-09-09 09:30:01.170,4.696,1700
2020-09-09 09:30:01.170,4.697,5000
2020-09-09 09:30:01.170,4.697,100
2020-09-09 09:30:01.170,4.697,1000
2020-09-09 09:30:01.170,4.697,100
2020-09-09 09:30:01.170,4.697,18700
2020-09-09 09:30:01.170,4.697,300
2020-09-09 09:30:01.170,4.697,500
2020-09-09 09:30:01.170,4.696,800
2020-09-09 09:30:01.170,4.696,3600
2020-09-09 09:30:01.170,4.696,600
2020-09-09 09:30:01.290,4.697,4000
2020-09-09 09:30:01.290,4.697,100
2020-09-09 09:30:01.290,4.697,1600
2020-09-09 09:30:01.290,4.697,1000
2020-09-09 09:30:01.290,4.697,400
2020-09-09 09:30:01.290,4.697,10000
2020-09-09 09:30:01.290,4.697,10000
2020-09-09 09:30:01.290,4.696,2400
2020-09-09 09:30:01.290,4.696,600
2020-09-09 09:30:01.290,4.696,17000
2020-09-09 09:30:01.290,4.697,100
2020-09-09 09:30:01.290,4.696,13000
2020-09-09 09:30:01.290,4.696,2000
2020-09-09 09:30:01.290,4.696,4000
2020-09-09 09:30:01.290,4.696,20000
2020-09-09 09:30:01.290,4.696,500
2020-09-09 09:30:01.290,4.696,2000
2020-09-09 09:30:01.290,4.696,22600
2020-09-09 09:30:01.290,4.697,5000
2020-09-09 09:30:01.290,4.697,6700
2020-09-09 09:30:01.290,4.696,7400
2020-09-09 09:30:01.290,4.696,23600
2020-09-09 09:30:01.290,4.697,7100
2020-09-09 09:30:01.410,4.697,500
2020-09-09 09:30:01.410,4.697,2000
2020-09-09 09:30:01.410,4.697,3000
2020-09-09 09:30:01.410,4.697,1000
2020-09-09 09:30:01.410,4.697,3200
2020-09-09 09:30:01.410,4.697,200
2020-09-09 09:30:01.410,4.697,5000
2020-09-09 09:30:01.410,4.697,300
2020-09-09 09:30:01.410,4.697,500
2020-09-09 09:30:01.530,4.697,500
2020-09-09 09:30:01.530,4.697,1000
2020-09-09 09:30:01.530,4.697,3000
2020-09-09 09:30:01.530,4.697,1000
2020-09-09 09:30:01.530,4.697,1000
2020-09-09 09:30:01.530,4.697,100
2020-09-09 09:30:01.530,4.697,100
2020-09-09 09:30:01.530,4.696,1400
2020-09-09 09:30:01.530,4.696,2000
2020-09-09 09:30:01.530,4.696,1000
2020-09-09 09:30:01.530,4.696,2000
2020-09-09 09:30:01.530,4.695,400
2020-09-09 09:30:01.530,4.695,1200
2020-09-09 09:30:01.530,4.697,1000
2020-09-09 09:30:01.530,4.697,5000
2020-09-09 09:30:01.530,4.697,1000
2020-09-09 09:30:01.530,4.697,100
2020-09-09 09:30:01.530,4.697,200
2020-09-09 09:30:01.530,4.697,13000
2020-09-09 09:30:01.530,4.697,500
2020-09-09 09:30:01.630,4.697,200
2020-09-09 09:30:01.630,4.697,8000
2020-09-09 09:30:01.630,4.697,4600
2020-09-09 09:30:01.630,4.695,1800
2020-09-09 09:30:01.630,4.695,300
2020-09-09 09:30:01.630,4.697,100
2020-09-09 09:30:01.630,4.697,2000
2020-09-09 09:30:01.740,4.697,17800
2020-09-09 09:30:01.740,4.698,4200
2020-09-09 09:30:01.740,4.698,5200
2020-09-09 09:30:01.740,4.699,200
2020-09-09 09:30:01.740,4.699,5000
2020-09-09 09:30:01.740,4.699,200
2020-09-09 09:30:01.740,4.699,3000
2020-09-09 09:30:01.740,4.699,200
2020-09-09 09:30:01.740,4.699,200
2020-09-09 09:30:01.740,4.699,200
2020-09-09 09:30:01.740,4.699,200
2020-09-09 09:30:01.740,4.699,200
2020-09-09 09:30:01.740,4.698,17000
2020-09-09 09:30:01.740,4.699,300
2020-09-09 09:30:01.740,4.699,1800
2020-09-09 09:30:01.740,4.699,10000
2020-09-09 09:30:01.740,4.698,5800
2020-09-09 09:30:01.740,4.698,4000
2020-09-09 09:30:01.740,4.698,10600
2020-09-09 09:30:01.740,4.698,300
2020-09-09 09:30:01.740,4.696,400
2020-09-09 09:30:01.740,4.699,1000
2020-09-09 09:30:01.910,4.699,1000
2020-09-09 09:30:01.910,4.699,200
2020-09-09 09:30:01.910,4.699,5000
2020-09-09 09:30:01.910,4.699,5000
2020-09-09 09:30:01.910,4.699,500
2020-09-09 09:30:01.910,4.699,2500
2020-09-09 09:30:01.910,4.699,10600
2020-09-09 09:30:01.910,4.699,43600
2020-09-09 09:30:01.910,4.699,29800
2020-09-09 09:30:01.910,4.699,3000
2020-09-09 09:30:01.910,4.699,2000
2020-09-09 09:30:01.910,4.699,200
2020-09-09 09:30:01.910,4.699,4000
2020-09-09 09:30:01.910,4.699,5000
2020-09-09 09:30:01.910,4.699,1100
2020-09-09 09:30:01.910,4.699,1000
2020-09-09 09:30:01.910,4.699,2500
2020-09-09 09:30:01.910,4.699,8700
2020-09-09 09:30:01.910,4.699,2000
2020-09-09 09:30:01.910,4.699,5000
2020-09-09 09:30:01.910,4.699,300
2020-09-09 09:30:01.910,4.699,4700
2020-09-09 09:30:02.010,4.699,100
2020-09-09 09:30:02.010,4.699,300
2020-09-09 09:30:02.010,4.698,10000
2020-09-09 09:30:02.010,4.697,10000
2020-09-09 09:30:02.010,4.697,300
2020-09-09 09:30:02.010,4.697,3700
2020-09-09 09:30:02.010,4.696,1600
2020-09-09 09:30:02.010,4.696,2300
2020-09-09 09:30:02.010,4.696,6700
2020-09-09 09:30:02.010,4.695,100
2020-09-09 09:30:02.010,4.695,2000
2020-09-09 09:30:02.010,4.695,5000
2020-09-09 09:30:02.010,4.695,8000
2020-09-09 09:30:02.010,4.695,2000
2020-09-09 09:30:02.010,4.695,2300
2020-09-09 09:30:02.010,4.695,2500
2020-09-09 09:30:02.010,4.695,1500
2020-09-09 09:30:02.010,4.695,5000
2020-09-09 09:30:02.010,4.695,5000
2020-09-09 09:30:02.010,4.695,2300
2020-09-09 09:30:02.010,4.699,5500
2020-09-09 09:30:02.010,4.699,300
2020-09-09 09:30:02.010,4.699,1000
2020-09-09 09:30:02.010,4.699,18000
2020-09-09 09:30:02.010,4.699,600
2020-09-09 09:30:02.010,4.699,300
2020-09-09 09:30:02.010,4.699,200
2020-09-09 09:30:02.010,4.699,1000
2020-09-09 09:30:02.010,4.699,6000
2020-09-09 09:30:02.010,4.7,2000
2020-09-09 09:30:02.010,4.7,500
2020-09-09 09:30:02.010,4.703,100
2020-09-09 09:30:02.010,4.703,9400
2020-09-09 09:30:02.010,4.705,3500
2020-09-09 09:30:02.010,4.705,300
2020-09-09 09:30:02.010,4.705,100
2020-09-09 09:30:02.010,4.705,1000
2020-09-09 09:30:02.010,4.705,5700
2020-09-09 09:30:02.130,4.7,6100
2020-09-09 09:30:02.130,4.7,4600
2020-09-09 09:30:02.130,4.7,300
2020-09-09 09:30:02.130,4.7,1000
2020-09-09 09:30:02.130,4.7,3600
2020-09-09 09:30:02.130,4.7,100
2020-09-09 09:30:02.130,4.7,100
2020-09-09 09:30:02.130,4.7,1000
2020-09-09 09:30:02.130,4.699,10000
2020-09-09 09:30:02.250,4.699,2000
2020-09-09 09:30:02.250,4.699,5000
2020-09-09 09:30:02.250,4.699,100
2020-09-09 09:30:02.250,4.699,4000
2020-09-09 09:30:02.250,4.699,10000
2020-09-09 09:30:02.250,4.698,200
2020-09-09 09:30:02.250,4.699,200
2020-09-09 09:30:02.250,4.699,3700
2020-09-09 09:30:02.250,4.699,2100
2020-09-09 09:30:02.250,4.699,1000
2020-09-09 09:30:02.250,4.699,1000
2020-09-09 09:30:02.390,4.699,900
2020-09-09 09:30:02.390,4.699,600
2020-09-09 09:30:02.390,4.699,1900
2020-09-09 09:30:02.390,4.699,2700
2020-09-09 09:30:02.390,4.698,100
2020-09-09 09:30:02.390,4.698,6900
2020-09-09 09:30:02.390,4.699,200
2020-09-09 09:30:02.390,4.699,2400
2020-09-09 09:30:02.390,4.699,200
2020-09-09 09:30:02.390,4.699,1100
2020-09-09 09:30:02.390,4.698,300
2020-09-09 09:30:02.390,4.699,200
2020-09-09 09:30:02.390,4.699,1800
2020-09-09 09:30:02.390,4.699,2200
2020-09-09 09:30:02.390,4.699,5000
2020-09-09 09:30:02.390,4.699,100
2020-09-09 09:30:02.390,4.699,100
2020-09-09 09:30:02.390,4.7,1000
2020-09-09 09:30:02.500,4.7,100
2020-09-09 09:30:02.500,4.7,5000
2020-09-09 09:30:02.500,4.7,3900
2020-09-09 09:30:02.500,4.7,1000
2020-09-09 09:30:02.500,4.7,100
2020-09-09 09:30:02.500,4.7,500
2020-09-09 09:30:02.500,4.7,400
2020-09-09 09:30:02.500,4.699,2200
2020-09-09 09:30:02.500,4.699,400
2020-09-09 09:30:02.500,4.698,1100
2020-09-09 09:30:02.500,4.704,3000
2020-09-09 09:30:02.500,4.705,4100
2020-09-09 09:30:02.500,4.706,2200
2020-09-09 09:30:02.500,4.706,700
2020-09-09 09:30:02.500,4.706,4000
2020-09-09 09:30:02.620,4.701,500
2020-09-09 09:30:02.730,4.701,18700
2020-09-09 09:30:02.730,4.701,4400
2020-09-09 09:30:02.730,4.701,1400
2020-09-09 09:30:02.730,4.701,2000
2020-09-09 09:30:02.730,4.701,400
2020-09-09 09:30:02.860,4.701,60000
2020-09-09 09:30:02.860,4.706,2500
2020-09-09 09:30:02.860,4.706,200
2020-09-09 09:30:02.980,4.706,200
2020-09-09 09:30:02.980,4.706,200
2020-09-09 09:30:02.980,4.703,2000
2020-09-09 09:30:02.980,4.706,10000
2020-09-09 09:30:02.980,4.703,3000
2020-09-09 09:30:02.980,4.701,5000
2020-09-09 09:30:02.980,4.701,2100
2020-09-09 09:30:02.980,4.703,400
2020-09-09 09:30:03.090,4.703,10000
2020-09-09 09:30:03.090,4.703,1000
2020-09-09 09:30:03.090,4.703,2000
2020-09-09 09:30:03.090,4.703,7000
2020-09-09 09:30:03.090,4.703,9600
2020-09-09 09:30:03.090,4.702,6000
2020-09-09 09:30:03.090,4.701,139800
2020-09-09 09:30:03.210,4.701,18600
2020-09-09 09:30:03.210,4.702,600
2020-09-09 09:30:03.210,4.701,9400
2020-09-09 09:30:03.210,4.701,37700
2020-09-09 09:30:03.210,4.701,12000
2020-09-09 09:30:03.210,4.701,10300
2020-09-09 09:30:03.210,4.701,8400
2020-09-09 09:30:03.210,4.701,1000
2020-09-09 09:30:03.210,4.701,300
2020-09-09 09:30:03.210,4.701,800
2020-09-09 09:30:03.290,4.701,3000
2020-09-09 09:30:03.430,4.706,1000
2020-09-09 09:30:03.520,4.701,7200
2020-09-09 09:30:03.520,4.701,2300
2020-09-09 09:30:03.520,4.701,2200
2020-09-09 09:30:03.520,4.7,300
2020-09-09 09:30:03.520,4.7,500
2020-09-09 09:30:03.520,4.7,4200
2020-09-09 09:30:03.520,4.7,2500
2020-09-09 09:30:03.520,4.7,800
2020-09-09 09:30:03.520,4.7,1500
2020-09-09 09:30:03.520,4.7,1600
2020-09-09 09:30:03.520,4.7,400
2020-09-09 09:30:03.520,4.7,1700
2020-09-09 09:30:03.520,4.7,4400
2020-09-09 09:30:03.520,4.701,500
2020-09-09 09:30:03.570,4.701,600
2020-09-09 09:30:03.570,4.7,200
2020-09-09 09:30:03.570,4.7,400
2020-09-09 09:30:03.570,4.7,100
2020-09-09 09:30:03.570,4.7,700
2020-09-09 09:30:03.570,4.7,1300
2020-09-09 09:30:03.570,4.7,600
2020-09-09 09:30:03.570,4.7,500
2020-09-09 09:30:03.570,4.7,200
2020-09-09 09:30:03.570,4.7,100
2020-09-09 09:30:03.570,4.7,1100
2020-09-09 09:30:03.570,4.7,1000
2020-09-09 09:30:03.570,4.7,1000
2020-09-09 09:30:03.570,4.7,4300
2020-09-09 09:30:03.570,4.7,6000
2020-09-09 09:30:03.570,4.7,10000
2020-09-09 09:30:03.570,4.7,200
2020-09-09 09:30:03.570,4.7,5400
2020-09-09 09:30:03.570,4.7,300
2020-09-09 09:30:03.570,4.7,1000
2020-09-09 09:30:03.570,4.7,3000
2020-09-09 09:30:03.570,4.7,200
2020-09-09 09:30:03.570,4.7,500
2020-09-09 09:30:03.570,4.7,1400
2020-09-09 09:30:03.570,4.7,200
2020-09-09 09:30:03.570,4.7,1000
2020-09-09 09:30:03.570,4.7,60700
2020-09-09 09:30:03.620,4.701,1000
2020-09-09 09:30:03.660,4.7,900
2020-09-09 09:30:03.660,4.7,10000
2020-09-09 09:30:03.700,4.7,5000
2020-09-09 09:30:03.740,4.701,1000
2020-09-09 09:30:03.740,4.7,1000
2020-09-09 09:30:03.780,4.7,2400
2020-09-09 09:30:03.780,4.7,200
2020-09-09 09:30:03.780,4.7,300
2020-09-09 09:30:03.780,4.7,5000
2020-09-09 09:30:03.780,4.7,200
2020-09-09 09:30:03.780,4.7,2000
2020-09-09 09:30:03.780,4.7,1000
2020-09-09 09:30:03.780,4.7,3000
2020-09-09 09:30:03.780,4.7,3000
2020-09-09 09:30:03.780,4.7,11000
2020-09-09 09:30:03.780,4.7,1900
2020-09-09 09:30:03.820,4.7,2100
2020-09-09 09:30:03.820,4.703,1000
2020-09-09 09:30:03.820,4.7,500
2020-09-09 09:30:03.910,4.7,5500
2020-09-09 09:30:03.910,4.7,5000
2020-09-09 09:30:03.910,4.7,17000
2020-09-09 09:30:03.910,4.7,1000
2020-09-09 09:30:03.910,4.7,400
2020-09-09 09:30:03.910,4.7,1000
2020-09-09 09:30:03.910,4.7,500
2020-09-09 09:30:03.910,4.7,2100
2020-09-09 09:30:04.040,4.7,1100
2020-09-09 09:30:04.110,4.703,5000
2020-09-09 09:30:04.110,4.7,1800
2020-09-09 09:30:04.110,4.7,1200
2020-09-09 09:30:04.110,4.7,500
2020-09-09 09:30:04.110,4.7,900
2020-09-09 09:30:04.110,4.7,1000
2020-09-09 09:30:04.110,4.7,600
2020-09-09 09:30:04.110,4.7,3000
2020-09-09 09:30:04.110,4.7,600
2020-09-09 09:30:04.110,4.7,700
2020-09-09 09:30:04.110,4.7,100
2020-09-09 09:30:04.110,4.7,600
2020-09-09 09:30:04.190,4.7,200
2020-09-09 09:30:04.190,4.703,200
2020-09-09 09:30:04.290,4.7,500
2020-09-09 09:30:04.290,4.7,4000
2020-09-09 09:30:04.290,4.7,2000
2020-09-09 09:30:04.290,4.7,200
2020-09-09 09:30:04.290,4.7,700
2020-09-09 09:30:04.290,4.7,2700
2020-09-09 09:30:04.330,4.7,300
2020-09-09 09:30:04.330,4.7,100
2020-09-09 09:30:04.330,4.7,400
2020-09-09 09:30:04.330,4.7,100
2020-09-09 09:30:04.330,4.7,2100
2020-09-09 09:30:04.330,4.7,5000
2020-09-09 09:30:04.330,4.7,1000
2020-09-09 09:30:04.330,4.7,400
2020-09-09 09:30:04.330,4.7,200
2020-09-09 09:30:04.330,4.7,1000
2020-09-09 09:30:04.330,4.7,500
2020-09-09 09:30:04.330,4.7,2000
2020-09-09 09:30:04.330,4.7,10000
2020-09-09 09:30:04.370,4.7,5000
2020-09-09 09:30:04.470,4.701,10000
2020-09-09 09:30:04.470,4.702,1600
2020-09-09 09:30:04.670,4.702,400
2020-09-09 09:30:04.730,4.702,8000
2020-09-09 09:30:04.800,4.703,43800
2020-09-09 09:30:04.870,4.703,10700
2020-09-09 09:30:04.940,4.703,1000
2020-09-09 09:30:05.050,4.703,4500
2020-09-09 09:30:05.050,4.702,40000
2020-09-09 09:30:05.050,4.701,1000
2020-09-09 09:30:05.050,4.7,1400
2020-09-09 09:30:05.050,4.7,600
2020-09-09 09:30:05.050,4.7,2000
2020-09-09 09:30:05.050,4.7,100
2020-09-09 09:30:05.050,4.7,50000
2020-09-09 09:30:05.050,4.7,21200
2020-09-09 09:30:05.050,4.7,100
2020-09-09 09:30:05.050,4.7,3900
2020-09-09 09:30:05.050,4.7,500
2020-09-09 09:30:05.050,4.7,2000
2020-09-09 09:30:05.050,4.7,500
2020-09-09 09:30:05.050,4.7,2500
2020-09-09 09:30:05.050,4.7,800
2020-09-09 09:30:05.050,4.7,100
2020-09-09 09:30:05.050,4.7,100
2020-09-09 09:30:05.050,4.7,20000
2020-09-09 09:30:05.050,4.7,1000
2020-09-09 09:30:05.050,4.7,100
2020-09-09 09:30:05.050,4.7,100
2020-09-09 09:30:05.050,4.7,15600
2020-09-09 09:30:05.100,4.7,1000
2020-09-09 09:30:05.100,4.7,500
2020-09-09 09:30:05.140,4.7,10000
2020-09-09 09:30:05.210,4.701,100
2020-09-09 09:30:05.210,4.701,400
2020-09-09 09:30:05.210,4.7,5400
2020-09-09 09:30:05.210,4.704,1100
2020-09-09 09:30:05.210,4.701,200
2020-09-09 09:30:05.210,4.7,9800
2020-09-09 09:30:05.480,4.701,500
2020-09-09 09:30:05.480,4.701,100
2020-09-09 09:30:05.480,4.7,13400
2020-09-09 09:30:05.730,4.7,26900
2020-09-09 09:30:05.730,4.7,5000
2020-09-09 09:30:05.770,4.7,10100
2020-09-09 09:30:05.770,4.7,8100
2020-09-09 09:30:05.800,4.703,1000
2020-09-09 09:30:05.800,4.7,19000
2020-09-09 09:30:05.840,4.7,500
2020-09-09 09:30:05.870,4.7,11400
2020-09-09 09:30:05.900,4.701,200
2020-09-09 09:30:05.900,4.7,1400
2020-09-09 09:30:06.070,4.7,5000
2020-09-09 09:30:06.100,4.7,1000
2020-09-09 09:30:06.220,4.7,3000
2020-09-09 09:30:06.250,4.7,13700
2020-09-09 09:30:06.380,4.701,1000
2020-09-09 09:30:06.550,4.703,100
2020-09-09 09:30:06.550,4.701,2000
2020-09-09 09:30:06.550,4.701,400
2020-09-09 09:30:06.550,4.705,10000
2020-09-09 09:30:06.550,4.705,100
2020-09-09 09:30:06.550,4.701,100
2020-09-09 09:30:06.550,4.701,200
2020-09-09 09:30:06.580,4.705,100
2020-09-09 09:30:06.620,4.705,300
2020-09-09 09:30:06.690,4.702,1000
2020-09-09 09:30:06.690,4.701,199000
2020-09-09 09:30:06.990,4.703,100
2020-09-09 09:30:06.990,4.703,100
2020-09-09 09:30:06.990,4.702,100
2020-09-09 09:30:07.130,4.705,21700
2020-09-09 09:30:07.260,4.705,1200
2020-09-09 09:30:07.410,4.701,100
2020-09-09 09:30:07.480,4.705,2000
2020-09-09 09:30:07.480,4.705,5000
2020-09-09 09:30:07.580,4.703,200
2020-09-09 09:30:07.930,4.703,700
2020-09-09 09:30:07.930,4.701,100
2020-09-09 09:30:08.590,4.704,14500
2020-09-09 09:30:08.630,4.704,6000
2020-09-09 09:30:09.160,4.705,9600
2020-09-09 09:30:09.160,4.706,10400
2020-09-09 09:30:09.200,4.706,4000
2020-09-09 09:30:09.200,4.704,1500
2020-09-09 09:30:09.260,4.704,10000
2020-09-09 09:30:09.840,4.704,2000
2020-09-09 09:30:10.230,4.706,2500
2020-09-09 09:30:10.260,4.704,18800
2020-09-09 09:30:10.260,4.703,15000
2020-09-09 09:30:10.260,4.702,5000
2020-09-09 09:30:10.260,4.702,300
2020-09-09 09:30:10.260,4.701,500
2020-09-09 09:30:10.260,4.701,4100
2020-09-09 09:30:10.260,4.701,1000
2020-09-09 09:30:10.260,4.701,800
2020-09-09 09:30:10.260,4.701,60100
2020-09-09 09:30:10.260,4.701,100
2020-09-09 09:30:10.260,4.7,139200
2020-09-09 09:30:10.260,4.7,400
2020-09-09 09:30:10.260,4.7,100
2020-09-09 09:30:10.260,4.7,100
2020-09-09 09:30:10.260,4.7,20000
2020-09-09 09:30:10.260,4.7,10000
2020-09-09 09:30:10.260,4.7,1000
2020-09-09 09:30:10.260,4.7,30000
2020-09-09 09:30:10.260,4.7,1000
2020-09-09 09:30:10.260,4.7,5000
2020-09-09 09:30:10.260,4.7,2000
2020-09-09 09:30:10.260,4.7,100
2020-09-09 09:30:10.260,4.7,10000
2020-09-09 09:30:10.260,4.7,500
2020-09-09 09:30:10.260,4.7,1000
2020-09-09 09:30:10.260,4.7,800
2020-09-09 09:30:10.260,4.7,100
2020-09-09 09:30:10.260,4.7,200
2020-09-09 09:30:10.260,4.7,100
2020-09-09 09:30:10.260,4.7,7600
2020-09-09 09:30:10.260,4.7,400
2020-09-09 09:30:10.260,4.7,200
2020-09-09 09:30:10.260,4.7,400
2020-09-09 09:30:10.260,4.7,1000
2020-09-09 09:30:10.260,4.7,1100
2020-09-09 09:30:10.260,4.7,200
2020-09-09 09:30:10.260,4.7,1000
2020-09-09 09:30:10.260,4.7,1000
2020-09-09 09:30:10.260,4.7,4000
2020-09-09 09:30:10.260,4.7,20000
2020-09-09 09:30:10.260,4.7,500
2020-09-09 09:30:10.260,4.7,21200
2020-09-09 09:30:10.260,4.7,1000
2020-09-09 09:30:10.260,4.7,3000
2020-09-09 09:30:10.260,4.7,100
2020-09-09 09:30:10.260,4.7,1000
2020-09-09 09:30:10.260,4.7,100
2020-09-09 09:30:10.260,4.7,600
2020-09-09 09:30:10.260,4.7,309400
2020-09-09 09:30:10.320,4.706,200
2020-09-09 09:30:10.320,4.706,200
2020-09-09 09:30:10.320,4.706,200
2020-09-09 09:30:11.100,4.706,1100
2020-09-09 09:30:11.220,4.705,300
2020-09-09 09:30:11.220,4.705,2000
2020-09-09 09:30:11.220,4.704,60000
2020-09-09 09:30:11.220,4.701,50500
2020-09-09 09:30:11.370,4.706,900
2020-09-09 09:30:11.430,4.702,2000
2020-09-09 09:30:11.580,4.706,20000
2020-09-09 09:30:11.730,4.702,100
2020-09-09 09:30:11.730,4.701,1700
2020-09-09 09:30:11.870,4.705,2500
2020-09-09 09:30:11.870,4.704,700
2020-09-09 09:30:11.870,4.701,29800
2020-09-09 09:30:12.070,4.706,10800
2020-09-09 09:30:12.330,4.703,600
2020-09-09 09:30:12.410,4.701,4000
2020-09-09 09:30:13.230,4.706,50000
2020-09-09 09:30:14.370,4.705,1000
2020-09-09 09:30:14.440,4.703,4200
2020-09-09 09:30:14.440,4.701,59900
2020-09-09 09:30:14.760,4.705,1000
2020-09-09 09:30:14.820,4.705,1000
2020-09-09 09:30:14.820,4.705,1000
2020-09-09 09:30:14.820,4.705,1000
2020-09-09 09:30:14.820,4.705,1000
2020-09-09 09:30:15.030,4.704,2200
2020-09-09 09:30:15.030,4.701,5800
2020-09-09 09:30:15.030,4.705,4000
2020-09-09 09:30:15.030,4.706,3200
2020-09-09 09:30:15.070,4.706,12500
2020-09-09 09:30:15.070,4.708,800
2020-09-09 09:30:15.070,4.709,500
2020-09-09 09:30:15.070,4.709,36200
2020-09-09 09:30:15.380,4.709,18800
2020-09-09 09:30:15.380,4.709,2900
2020-09-09 09:30:15.510,4.709,200
2020-09-09 09:30:16.020,4.708,4000
2020-09-09 09:30:16.670,4.708,20000
2020-09-09 09:30:16.770,4.707,4000
2020-09-09 09:30:16.770,4.707,300
2020-09-09 09:30:17.010,4.706,100
2020-09-09 09:30:17.010,4.706,500
2020-09-09 09:30:17.010,4.706,5800
2020-09-09 09:30:17.030,4.706,4200
2020-09-09 09:30:17.030,4.706,10600
2020-09-09 09:30:17.030,4.706,100
2020-09-09 09:30:17.030,4.706,100
2020-09-09 09:30:17.170,4.706,5100
2020-09-09 09:30:17.260,4.706,20000
2020-09-09 09:30:17.540,4.706,200
2020-09-09 09:30:17.570,4.706,100
2020-09-09 09:30:17.620,4.706,10000
2020-09-09 09:30:17.910,4.706,100
2020-09-09 09:30:18.040,4.705,5000
2020-09-09 09:30:18.040,4.705,10700
2020-09-09 09:30:18.040,4.703,2000
2020-09-09 09:30:18.040,4.703,4000
2020-09-09 09:30:18.040,4.702,23300
2020-09-09 09:30:18.090,4.704,2600
2020-09-09 09:30:18.330,4.704,500
2020-09-09 09:30:18.440,4.703,300
2020-09-09 09:30:18.440,4.702,600
2020-09-09 09:30:18.630,4.702,19900
2020-09-09 09:30:19.000,4.704,500
2020-09-09 09:30:19.290,4.704,2000
2020-09-09 09:30:19.340,4.704,2200
2020-09-09 09:30:19.390,4.704,1300
2020-09-09 09:30:19.410,4.704,3000
2020-09-09 09:30:19.460,4.703,100
2020-09-09 09:30:19.460,4.702,300
2020-09-09 09:30:19.460,4.701,5600
2020-09-09 09:30:19.510,4.701,3000
2020-09-09 09:30:19.740,4.704,3900
2020-09-09 09:30:19.740,4.706,1100
2020-09-09 09:30:19.740,4.702,315000
2020-09-09 09:30:19.740,4.701,585000
2020-09-09 09:30:19.840,4.706,4000
2020-09-09 09:30:19.840,4.706,500
2020-09-09 09:30:19.840,4.706,2500
2020-09-09 09:30:19.890,4.706,200
2020-09-09 09:30:20.000,4.706,2500
2020-09-09 09:30:20.050,4.706,700
2020-09-09 09:30:20.110,4.706,500
2020-09-09 09:30:20.240,4.706,200
2020-09-09 09:30:20.540,4.705,300
2020-09-09 09:30:20.540,4.705,2400
2020-09-09 09:30:20.790,4.706,1000
2020-09-09 09:30:20.830,4.706,3000
2020-09-09 09:30:21.090,4.706,100
2020-09-09 09:30:21.090,4.706,100
2020-09-09 09:30:21.590,4.706,4900
2020-09-09 09:30:21.760,4.706,10000
2020-09-09 09:30:21.920,4.706,1000
2020-09-09 09:30:22.030,4.706,500
2020-09-09 09:30:22.420,4.706,40000
2020-09-09 09:30:22.420,4.706,10000
2020-09-09 09:30:22.420,4.706,30000
2020-09-09 09:30:22.830,4.706,200
2020-09-09 09:30:22.830,4.705,1800
2020-09-09 09:30:22.830,4.705,200
2020-09-09 09:30:22.830,4.705,1000
2020-09-09 09:30:22.830,4.705,100
2020-09-09 09:30:22.830,4.705,500
2020-09-09 09:30:23.070,4.705,500
2020-09-09 09:30:23.070,4.705,500
2020-09-09 09:30:23.070,4.704,300
2020-09-09 09:30:23.070,4.704,1800
2020-09-09 09:30:23.620,4.705,30000
2020-09-09 09:30:23.620,4.704,5000
2020-09-09 09:30:23.620,4.703,1000
2020-09-09 09:30:23.620,4.703,33000
2020-09-09 09:30:23.620,4.702,2000
2020-09-09 09:30:23.620,4.702,355500
2020-09-09 09:30:24.040,4.702,156400
2020-09-09 09:30:24.100,4.706,298200
2020-09-09 09:30:24.260,4.706,1400
2020-09-09 09:30:24.260,4.706,30000
2020-09-09 09:30:24.320,4.706,300
2020-09-09 09:30:24.370,4.705,2000
2020-09-09 09:30:24.370,4.702,1000
2020-09-09 09:30:24.370,4.702,1900
2020-09-09 09:30:24.370,4.702,100
2020-09-09 09:30:24.530,4.706,200
2020-09-09 09:30:24.560,4.705,200
2020-09-09 09:30:24.610,4.702,900
2020-09-09 09:30:24.610,4.702,6400
2020-09-09 09:30:24.610,4.702,7700
2020-09-09 09:30:24.990,4.705,2500
2020-09-09 09:30:25.100,4.705,1000
2020-09-09 09:30:25.490,4.705,2100
2020-09-09 09:30:26.330,4.705,44200
2020-09-09 09:30:26.330,4.705,455800
2020-09-09 09:30:26.440,4.705,2600
2020-09-09 09:30:26.470,4.705,1000
2020-09-09 09:30:26.600,4.705,2000
2020-09-09 09:30:26.830,4.704,200
2020-09-09 09:30:26.830,4.703,10000
2020-09-09 09:30:26.830,4.703,5000
2020-09-09 09:30:26.830,4.702,5000
2020-09-09 09:30:26.830,4.701,1200
2020-09-09 09:30:26.930,4.705,18000
2020-09-09 09:30:27.030,4.705,8900
2020-09-09 09:30:27.030,4.705,1000
2020-09-09 09:30:27.190,4.705,5000
2020-09-09 09:30:27.480,4.705,4000
2020-09-09 09:30:27.930,4.704,50000
2020-09-09 09:30:28.070,4.705,2000
2020-09-09 09:30:28.320,4.705,8600
2020-09-09 09:30:28.400,4.705,60100
2020-09-09 09:30:29.120,4.704,10000
2020-09-09 09:30:29.640,4.704,40000
2020-09-09 09:30:29.640,4.704,300
2020-09-09 09:30:29.920,4.705,2000
2020-09-09 09:30:29.990,4.705,3500
2020-09-09 09:30:30.120,4.705,300000
2020-09-09 09:30:30.220,4.705,500
2020-09-09 09:30:30.620,4.704,4700
2020-09-09 09:30:30.620,4.704,5000
2020-09-09 09:30:30.620,4.704,40000
2020-09-09 09:30:30.620,4.703,300
2020-09-09 09:30:31.170,4.705,4100
2020-09-09 09:30:31.260,4.705,600
2020-09-09 09:30:31.400,4.705,100
2020-09-09 09:30:31.400,4.705,15000
2020-09-09 09:30:31.450,4.705,5200
2020-09-09 09:30:31.450,4.705,3000
2020-09-09 09:30:31.450,4.705,3000
2020-09-09 09:30:31.510,4.705,100
2020-09-09 09:30:31.680,4.705,500
2020-09-09 09:30:31.750,4.705,400
2020-09-09 09:30:31.780,4.705,3900
2020-09-09 09:30:31.780,4.705,10000
2020-09-09 09:30:32.170,4.706,50000
2020-09-09 09:30:32.220,4.705,55000
2020-09-09 09:30:32.570,4.705,31100
2020-09-09 09:30:32.570,4.705,4200
2020-09-09 09:30:32.570,4.705,8400
2020-09-09 09:30:32.570,4.705,200
2020-09-09 09:30:32.570,4.704,6100
2020-09-09 09:30:32.820,4.706,60000
2020-09-09 09:30:33.080,4.706,10000
2020-09-09 09:30:33.630,4.705,100
2020-09-09 09:30:33.630,4.705,5000
2020-09-09 09:30:33.630,4.705,2000
2020-09-09 09:30:33.630,4.704,3900
2020-09-09 09:30:33.630,4.702,19000
2020-09-09 09:30:33.940,4.706,200
2020-09-09 09:30:33.940,4.706,200
2020-09-09 09:30:33.940,4.706,200
2020-09-09 09:30:34.580,4.706,600
2020-09-09 09:30:34.890,4.706,5000
2020-09-09 09:30:35.000,4.705,200
2020-09-09 09:30:35.000,4.705,2000
2020-09-09 09:30:35.000,4.705,38200
2020-09-09 09:30:35.120,4.706,18000
2020-09-09 09:30:35.150,4.705,1000
2020-09-09 09:30:35.840,4.705,10000
2020-09-09 09:30:35.840,4.705,40000
2020-09-09 09:30:35.920,4.706,10000
2020-09-09 09:30:36.710,4.705,10800
2020-09-09 09:30:36.710,4.705,500
2020-09-09 09:30:36.710,4.705,2000
2020-09-09 09:30:36.710,4.705,1000
2020-09-09 09:30:36.710,4.705,20000
2020-09-09 09:30:36.710,4.705,3000
2020-09-09 09:30:36.950,4.705,17000
2020-09-09 09:30:37.010,4.705,20000
2020-09-09 09:30:37.100,4.705,2000
2020-09-09 09:30:37.120,4.705,9100
2020-09-09 09:30:37.670,4.705,100
2020-09-09 09:30:37.670,4.705,30000
2020-09-09 09:30:37.790,4.705,5200
2020-09-09 09:30:37.820,4.704,6100
2020-09-09 09:30:37.870,4.704,1000
2020-09-09 09:30:37.930,4.704,2900
2020-09-09 09:30:37.930,4.704,100
2020-09-09 09:30:37.930,4.705,20000
2020-09-09 09:30:38.070,4.705,2000
2020-09-09 09:30:38.150,4.705,10000
2020-09-09 09:30:38.340,4.705,2000
2020-09-09 09:30:38.370,4.704,900
2020-09-09 09:30:38.370,4.704,100
2020-09-09 09:30:38.680,4.705,5000
2020-09-09 09:30:38.880,4.704,1000
2020-09-09 09:30:39.020,4.705,5000
2020-09-09 09:30:39.310,4.704,1000
2020-09-09 09:30:39.700,4.705,7000
2020-09-09 09:30:39.810,4.704,1000
2020-09-09 09:30:40.010,4.704,27600
2020-09-09 09:30:40.010,4.704,1000
2020-09-09 09:30:40.010,4.704,4700
2020-09-09 09:30:40.010,4.704,2000
2020-09-09 09:30:40.010,4.704,1000
2020-09-09 09:30:40.060,4.704,19000
2020-09-09 09:30:40.060,4.704,10000
2020-09-09 09:30:40.150,4.704,2000
2020-09-09 09:30:40.240,4.704,2000
2020-09-09 09:30:40.240,4.704,500
2020-09-09 09:30:40.270,4.704,1000
2020-09-09 09:30:40.300,4.703,1000
2020-09-09 09:30:40.600,4.704,15500
2020-09-09 09:30:40.600,4.705,84500
2020-09-09 09:30:40.660,4.705,2500
2020-09-09 09:30:40.720,4.705,1100
2020-09-09 09:30:40.770,4.703,1000
2020-09-09 09:30:40.810,4.705,3000
2020-09-09 09:30:41.020,4.704,5300
2020-09-09 09:30:41.020,4.704,2000
2020-09-09 09:30:41.090,4.705,5000
2020-09-09 09:30:41.110,4.704,42700
2020-09-09 09:30:41.250,4.703,100
2020-09-09 09:30:41.440,4.703,200
2020-09-09 09:30:41.520,4.703,700
2020-09-09 09:30:41.520,4.704,19300
2020-09-09 09:30:41.840,4.703,1000
2020-09-09 09:30:42.220,4.703,34400
2020-09-09 09:30:42.440,4.704,4500
2020-09-09 09:30:42.440,4.704,1000
2020-09-09 09:30:42.550,4.704,2000
2020-09-09 09:30:42.660,4.703,1900
2020-09-09 09:30:42.660,4.702,2500
2020-09-09 09:30:42.660,4.702,500
2020-09-09 09:30:42.660,4.702,10300
2020-09-09 09:30:42.660,4.702,6000
2020-09-09 09:30:42.660,4.702,900
2020-09-09 09:30:42.660,4.702,15000
2020-09-09 09:30:42.660,4.702,2400
2020-09-09 09:30:42.660,4.702,4400
2020-09-09 09:30:42.660,4.702,25000
2020-09-09 09:30:42.660,4.702,15000
2020-09-09 09:30:42.660,4.702,1000
2020-09-09 09:30:42.660,4.702,200
2020-09-09 09:30:42.660,4.702,5000
2020-09-09 09:30:42.660,4.702,5000
2020-09-09 09:30:42.660,4.702,8500
2020-09-09 09:30:42.660,4.702,9200
2020-09-09 09:30:42.850,4.703,400
2020-09-09 09:30:43.010,4.704,12700
2020-09-09 09:30:43.030,4.704,2500
2020-09-09 09:30:43.170,4.704,30000
2020-09-09 09:30:43.310,4.703,1800
2020-09-09 09:30:43.310,4.703,100
2020-09-09 09:30:43.310,4.702,18100
2020-09-09 09:30:43.310,4.704,10000
2020-09-09 09:30:43.430,4.704,5000
2020-09-09 09:30:43.460,4.702,272700
2020-09-09 09:30:43.460,4.702,5000
2020-09-09 09:30:43.460,4.702,1000
2020-09-09 09:30:43.460,4.702,5000
2020-09-09 09:30:43.460,4.702,1000
2020-09-09 09:30:43.460,4.702,50000
2020-09-09 09:30:43.460,4.702,1000
2020-09-09 09:30:43.570,4.702,17300
2020-09-09 09:30:43.910,4.702,800
2020-09-09 09:30:43.910,4.704,4200
2020-09-09 09:30:44.070,4.704,1000
2020-09-09 09:30:44.290,4.704,1000
2020-09-09 09:30:44.380,4.704,500
2020-09-09 09:30:44.460,4.704,5000
2020-09-09 09:30:44.460,4.703,5000
2020-09-09 09:30:45.210,4.703,100000
2020-09-09 09:30:45.370,4.703,200
2020-09-09 09:30:46.170,4.703,100
2020-09-09 09:30:46.460,4.703,300
2020-09-09 09:30:46.500,4.703,9700
2020-09-09 09:30:46.500,4.703,30000
2020-09-09 09:30:46.520,4.703,2100
2020-09-09 09:30:46.550,4.703,30000
2020-09-09 09:30:46.550,4.703,30000
2020-09-09 09:30:46.550,4.703,30000
2020-09-09 09:30:46.550,4.703,30000
2020-09-09 09:30:46.550,4.703,10000
2020-09-09 09:30:46.550,4.703,30000
2020-09-09 09:30:46.550,4.703,50000
2020-09-09 09:30:46.550,4.703,50000
2020-09-09 09:30:46.550,4.703,30000
2020-09-09 09:30:46.660,4.703,5000
2020-09-09 09:30:46.660,4.703,6000
2020-09-09 09:30:46.660,4.704,9000
2020-09-09 09:30:46.870,4.704,200
2020-09-09 09:30:46.930,4.703,2000
2020-09-09 09:30:47.010,4.703,300
2020-09-09 09:30:47.340,4.703,5000
2020-09-09 09:30:47.470,4.703,100
2020-09-09 09:30:47.620,4.703,4300
2020-09-09 09:30:47.730,4.702,1000
2020-09-09 09:30:47.730,4.702,1300
2020-09-09 09:30:47.840,4.703,200
2020-09-09 09:30:47.870,4.703,10000
2020-09-09 09:30:47.960,4.703,5000
2020-09-09 09:30:48.050,4.703,1100
2020-09-09 09:30:48.110,4.703,2600
2020-09-09 09:30:48.250,4.703,5000
2020-09-09 09:30:48.630,4.703,200
2020-09-09 09:30:48.630,4.703,500
2020-09-09 09:30:48.840,4.703,1000
2020-09-09 09:30:48.890,4.703,5000
2020-09-09 09:30:48.890,4.703,2000
2020-09-09 09:30:49.000,4.703,10000
2020-09-09 09:30:49.210,4.703,4200
2020-09-09 09:30:49.210,4.702,1000
2020-09-09 09:30:49.500,4.703,50000
2020-09-09 09:30:49.530,4.703,20000
2020-09-09 09:30:49.550,4.703,2000
2020-09-09 09:30:49.550,4.703,20000
2020-09-09 09:30:49.550,4.703,30000
2020-09-09 09:30:49.550,4.703,10000
2020-09-09 09:30:49.550,4.703,30000
2020-09-09 09:30:49.550,4.703,30000
2020-09-09 09:30:49.550,4.703,30000
2020-09-09 09:30:49.550,4.703,30000
2020-09-09 09:30:49.550,4.703,50000
2020-09-09 09:30:49.550,4.703,50000
2020-09-09 09:30:49.820,4.703,15000
2020-09-09 09:30:49.880,4.703,100
2020-09-09 09:30:50.030,4.703,500
2020-09-09 09:30:50.120,4.703,5000
2020-09-09 09:30:50.210,4.703,100
2020-09-09 09:30:50.260,4.703,1000
2020-09-09 09:30:50.320,4.703,300
2020-09-09 09:30:50.490,4.703,500
2020-09-09 09:30:50.630,4.703,5000
2020-09-09 09:30:50.740,4.703,2200
2020-09-09 09:30:50.740,4.703,9800
2020-09-09 09:30:50.740,4.704,200
2020-09-09 09:30:50.940,4.703,30300
2020-09-09 09:30:50.940,4.702,7700
2020-09-09 09:30:50.940,4.702,300
2020-09-09 09:30:50.940,4.702,5000
2020-09-09 09:30:50.940,4.702,40000
2020-09-09 09:30:50.940,4.702,30000
2020-09-09 09:30:50.940,4.702,10000
2020-09-09 09:30:50.940,4.702,100
2020-09-09 09:30:51.030,4.702,100
2020-09-09 09:30:51.700,4.702,1000
2020-09-09 09:30:51.920,4.702,40000
2020-09-09 09:30:52.060,4.702,1000
2020-09-09 09:30:52.250,4.702,3000
2020-09-09 09:30:52.490,4.702,100000
2020-09-09 09:30:52.550,4.701,3800
2020-09-09 09:30:52.550,4.701,10000
2020-09-09 09:30:52.550,4.701,6100
2020-09-09 09:30:52.580,4.702,900
2020-09-09 09:30:52.610,4.702,10000
2020-09-09 09:30:52.610,4.702,3000
2020-09-09 09:30:52.670,4.702,1000
2020-09-09 09:30:52.800,4.702,100
2020-09-09 09:30:52.800,4.702,100
2020-09-09 09:30:53.120,4.702,300000
2020-09-09 09:30:53.200,4.702,10000
2020-09-09 09:30:53.380,4.702,3000
2020-09-09 09:30:53.380,4.702,30000
2020-09-09 09:30:53.490,4.702,5600
2020-09-09 09:30:53.490,4.702,4300
2020-09-09 09:30:54.000,4.703,100
2020-09-09 09:30:54.420,4.703,5400
2020-09-09 09:30:55.180,4.704,86200
2020-09-09 09:30:55.620,4.704,3000
2020-09-09 09:30:55.650,4.704,2000
2020-09-09 09:30:56.350,4.704,1500
2020-09-09 09:30:57.240,4.704,20000
2020-09-09 09:30:57.240,4.704,500
2020-09-09 09:30:57.240,4.703,14500
2020-09-09 09:30:57.240,4.703,2000
2020-09-09 09:30:57.240,4.703,500
2020-09-09 09:30:57.240,4.703,6400
2020-09-09 09:30:57.240,4.703,700
2020-09-09 09:30:57.240,4.703,10100
2020-09-09 09:30:57.240,4.703,300
2020-09-09 09:30:57.240,4.703,5000
2020-09-09 09:30:57.240,4.703,3000
2020-09-09 09:30:57.240,4.703,100
2020-09-09 09:30:57.240,4.703,5000
2020-09-09 09:30:57.240,4.703,2000
2020-09-09 09:30:57.240,4.703,2100
2020-09-09 09:30:57.240,4.702,100
2020-09-09 09:30:57.240,4.702,500
2020-09-09 09:30:57.240,4.702,200
2020-09-09 09:30:57.240,4.702,1200
2020-09-09 09:30:57.240,4.702,45300
2020-09-09 09:30:57.240,4.702,1000
2020-09-09 09:30:57.240,4.702,1000
2020-09-09 09:30:57.240,4.702,7500
2020-09-09 09:30:57.240,4.702,1000
2020-09-09 09:30:57.240,4.702,1600
2020-09-09 09:30:57.240,4.702,10800
2020-09-09 09:30:57.240,4.701,493900
2020-09-09 09:30:57.240,4.701,1800
2020-09-09 09:30:57.240,4.701,2500
2020-09-09 09:30:57.240,4.701,2000
2020-09-09 09:30:57.240,4.701,2000
2020-09-09 09:30:57.240,4.701,2500
2020-09-09 09:30:57.240,4.701,1000
2020-09-09 09:30:57.240,4.701,300
2020-09-09 09:30:57.240,4.701,2000
2020-09-09 09:30:57.240,4.701,100
2020-09-09 09:30:57.240,4.701,5000
2020-09-09 09:30:57.240,4.701,5000
2020-09-09 09:30:57.240,4.701,1000
2020-09-09 09:30:57.240,4.701,200
2020-09-09 09:30:57.240,4.701,5000
2020-09-09 09:30:57.240,4.701,10000
2020-09-09 09:30:57.240,4.701,2000
2020-09-09 09:30:57.240,4.701,40000
2020-09-09 09:30:57.240,4.701,50000
2020-09-09 09:30:57.240,4.701,10000
2020-09-09 09:30:57.240,4.701,6400
2020-09-09 09:30:57.240,4.701,1000
2020-09-09 09:30:57.240,4.701,3000
2020-09-09 09:30:57.240,4.701,2000
2020-09-09 09:30:57.240,4.701,300
2020-09-09 09:30:57.240,4.701,2000
2020-09-09 09:30:57.240,4.7,127100
2020-09-09 09:30:57.470,4.703,500
2020-09-09 09:30:57.670,4.703,2000
2020-09-09 09:30:58.180,4.702,5000
2020-09-09 09:30:58.180,4.701,2000
2020-09-09 09:30:58.180,4.701,2000
2020-09-09 09:30:58.180,4.701,1000
2020-09-09 09:30:58.300,4.701,500
2020-09-09 09:30:58.710,4.701,6600
2020-09-09 09:30:58.710,4.703,3400
2020-09-09 09:30:59.000,4.703,13000
2020-09-09 09:30:59.180,4.702,400
2020-09-09 09:30:59.530,4.701,6700
2020-09-09 09:30:59.630,4.701,3000
2020-09-09 09:31:00.130,4.701,10000
2020-09-09 09:31:00.210,4.701,6000
2020-09-09 09:31:00.550,4.701,86600
2020-09-09 09:31:00.550,4.702,13400
2020-09-09 09:31:00.830,4.702,1500
2020-09-09 09:31:01.070,4.702,1300
2020-09-09 09:31:01.100,4.702,1000
2020-09-09 09:31:01.190,4.702,2500
2020-09-09 09:31:01.250,4.702,10000
2020-09-09 09:31:01.270,4.702,300
2020-09-09 09:31:01.420,4.7,413500
2020-09-09 09:31:01.420,4.7,200
2020-09-09 09:31:01.420,4.7,11000
2020-09-09 09:31:01.420,4.7,2500
2020-09-09 09:31:01.420,4.7,200
2020-09-09 09:31:01.420,4.7,100
2020-09-09 09:31:01.420,4.7,100
2020-09-09 09:31:01.420,4.7,1200
2020-09-09 09:31:01.420,4.7,100
2020-09-09 09:31:01.420,4.7,100
2020-09-09 09:31:01.420,4.7,8400
2020-09-09 09:31:01.420,4.7,20000
2020-09-09 09:31:01.420,4.7,2900
2020-09-09 09:31:01.420,4.7,100
2020-09-09 09:31:01.420,4.7,1000
2020-09-09 09:31:01.420,4.7,20000
2020-09-09 09:31:01.420,4.7,200
2020-09-09 09:31:01.420,4.7,100
2020-09-09 09:31:01.420,4.7,10000
2020-09-09 09:31:01.420,4.7,400
2020-09-09 09:31:01.420,4.7,1000
2020-09-09 09:31:01.420,4.7,100
2020-09-09 09:31:01.420,4.7,200
2020-09-09 09:31:01.420,4.7,100
2020-09-09 09:31:01.420,4.7,100
2020-09-09 09:31:01.420,4.7,100
2020-09-09 09:31:01.420,4.7,10000
2020-09-09 09:31:01.420,4.7,300
2020-09-09 09:31:01.420,4.7,100
2020-09-09 09:31:01.420,4.7,200
2020-09-09 09:31:01.420,4.7,3200
2020-09-09 09:31:01.420,4.7,200
2020-09-09 09:31:01.420,4.7,600
2020-09-09 09:31:01.420,4.7,500
2020-09-09 09:31:01.420,4.7,600
2020-09-09 09:31:01.420,4.7,3000
2020-09-09 09:31:01.420,4.7,100
2020-09-09 09:31:01.420,4.7,6300
2020-09-09 09:31:01.420,4.7,200
2020-09-09 09:31:01.420,4.7,100
2020-09-09 09:31:01.420,4.7,100
2020-09-09 09:31:01.420,4.7,1500
2020-09-09 09:31:01.420,4.7,100
2020-09-09 09:31:01.420,4.7,200
2020-09-09 09:31:01.420,4.7,5000
2020-09-09 09:31:01.420,4.7,600
2020-09-09 09:31:01.420,4.7,1000
2020-09-09 09:31:01.420,4.7,3000
2020-09-09 09:31:01.420,4.7,100
2020-09-09 09:31:01.420,4.7,200
2020-09-09 09:31:01.420,4.7,2000
2020-09-09 09:31:01.420,4.7,1000
2020-09-09 09:31:01.420,4.7,100
2020-09-09 09:31:01.420,4.7,2000
2020-09-09 09:31:01.420,4.7,1000
2020-09-09 09:31:01.420,4.7,100
2020-09-09 09:31:01.420,4.7,300
2020-09-09 09:31:01.420,4.7,200
2020-09-09 09:31:01.420,4.7,2000
2020-09-09 09:31:01.420,4.7,4000
2020-09-09 09:31:01.420,4.7,500
2020-09-09 09:31:01.420,4.7,2000
2020-09-09 09:31:01.420,4.7,2000
2020-09-09 09:31:01.420,4.7,100
2020-09-09 09:31:01.420,4.7,400
2020-09-09 09:31:01.420,4.7,800
2020-09-09 09:31:01.420,4.7,200
2020-09-09 09:31:01.420,4.7,200
2020-09-09 09:31:01.420,4.7,1500
2020-09-09 09:31:01.420,4.7,63600
2020-09-09 09:31:01.420,4.7,1300
2020-09-09 09:31:01.420,4.7,5000
2020-09-09 09:31:01.420,4.7,5000
2020-09-09 09:31:01.420,4.7,100000
2020-09-09 09:31:01.420,4.7,600
2020-09-09 09:31:01.420,4.7,200
2020-09-09 09:31:01.420,4.7,1000
2020-09-09 09:31:01.420,4.7,4000
2020-09-09 09:31:01.420,4.7,2000
2020-09-09 09:31:01.420,4.7,1000
2020-09-09 09:31:01.420,4.7,200
2020-09-09 09:31:01.420,4.7,1000
2020-09-09 09:31:01.420,4.7,2000
2020-09-09 09:31:01.420,4.7,45000
2020-09-09 09:31:01.420,4.7,15000
2020-09-09 09:31:01.420,4.7,1000
2020-09-09 09:31:01.420,4.7,3000
2020-09-09 09:31:01.420,4.7,5000
2020-09-09 09:31:01.420,4.7,1000
2020-09-09 09:31:01.420,4.7,1500
2020-09-09 09:31:01.420,4.7,500
2020-09-09 09:31:01.420,4.7,100
2020-09-09 09:31:01.420,4.7,100
2020-09-09 09:31:01.420,4.7,1000
2020-09-09 09:31:01.420,4.7,10000
2020-09-09 09:31:01.420,4.7,1700
2020-09-09 09:31:01.420,4.7,63800
2020-09-09 09:31:01.420,4.7,2000
2020-09-09 09:31:01.420,4.7,1300
2020-09-09 09:31:01.420,4.7,400
2020-09-09 09:31:01.420,4.7,200
2020-09-09 09:31:01.420,4.7,2100
2020-09-09 09:31:01.420,4.7,7100
2020-09-09 09:31:01.450,4.702,1000
2020-09-09 09:31:01.630,4.702,10000
2020-09-09 09:31:01.710,4.702,11400
2020-09-09 09:31:02.080,4.7,2900
2020-09-09 09:31:02.080,4.7,100
2020-09-09 09:31:02.080,4.7,1000
2020-09-09 09:31:02.080,4.7,200
2020-09-09 09:31:02.080,4.7,1000
2020-09-09 09:31:02.080,4.7,10000
2020-09-09 09:31:02.080,4.7,300
2020-09-09 09:31:02.080,4.7,200
2020-09-09 09:31:02.080,4.7,1000
2020-09-09 09:31:02.080,4.7,200
2020-09-09 09:31:02.080,4.7,4000
2020-09-09 09:31:02.080,4.7,1400
2020-09-09 09:31:02.080,4.7,4800
2020-09-09 09:31:02.080,4.7,500
2020-09-09 09:31:02.080,4.7,2000
2020-09-09 09:31:02.080,4.7,400
2020-09-09 09:31:02.160,4.701,3000
2020-09-09 09:31:02.370,4.701,1000
2020-09-09 09:31:02.600,4.701,8000
2020-09-09 09:31:02.600,4.701,6800
2020-09-09 09:31:02.690,4.701,5000
2020-09-09 09:31:02.860,4.701,500
2020-09-09 09:31:02.860,4.701,300
2020-09-09 09:31:03.030,4.701,2500
2020-09-09 09:31:03.090,4.701,6000
2020-09-09 09:31:03.090,4.701,600
2020-09-09 09:31:03.470,4.7,19600
2020-09-09 09:31:03.470,4.7,5000
2020-09-09 09:31:03.470,4.7,2000
2020-09-09 09:31:03.470,4.7,2000
2020-09-09 09:31:03.470,4.7,3000
2020-09-09 09:31:03.470,4.7,100
2020-09-09 09:31:03.470,4.7,5000
2020-09-09 09:31:03.470,4.7,100
2020-09-09 09:31:03.470,4.7,2300
2020-09-09 09:31:03.470,4.7,200
2020-09-09 09:31:03.470,4.7,500
2020-09-09 09:31:03.470,4.7,21300
2020-09-09 09:31:03.470,4.7,10000
2020-09-09 09:31:03.470,4.7,1000
2020-09-09 09:31:03.470,4.7,1000
2020-09-09 09:31:03.470,4.7,1000
2020-09-09 09:31:03.470,4.7,5000
2020-09-09 09:31:03.470,4.7,1000
2020-09-09 09:31:03.470,4.7,2500
2020-09-09 09:31:03.470,4.7,1000
2020-09-09 09:31:03.470,4.7,10000
2020-09-09 09:31:03.470,4.7,20000
2020-09-09 09:31:03.470,4.7,7300
2020-09-09 09:31:03.470,4.7,1000
2020-09-09 09:31:03.470,4.7,1000
2020-09-09 09:31:03.470,4.7,5000
2020-09-09 09:31:03.470,4.7,90000
2020-09-09 09:31:03.470,4.7,5000
2020-09-09 09:31:03.470,4.7,3000
2020-09-09 09:31:03.470,4.7,200
2020-09-09 09:31:03.470,4.7,4300
2020-09-09 09:31:03.470,4.7,100
2020-09-09 09:31:03.470,4.7,5000
2020-09-09 09:31:03.470,4.7,1000
2020-09-09 09:31:03.470,4.7,7600
2020-09-09 09:31:03.470,4.7,5000
2020-09-09 09:31:03.470,4.7,50000
2020-09-09 09:31:03.470,4.7,8900
2020-09-09 09:31:03.470,4.7,500
2020-09-09 09:31:03.470,4.7,1000
2020-09-09 09:31:03.470,4.7,500
2020-09-09 09:31:03.470,4.7,3300
2020-09-09 09:31:03.470,4.7,100
2020-09-09 09:31:03.470,4.7,5000
2020-09-09 09:31:03.470,4.7,300
2020-09-09 09:31:03.470,4.7,200
2020-09-09 09:31:03.470,4.7,22000
2020-09-09 09:31:03.470,4.7,600
2020-09-09 09:31:03.470,4.7,10000
2020-09-09 09:31:03.470,4.7,200
2020-09-09 09:31:03.470,4.7,1000
2020-09-09 09:31:03.470,4.7,2300
2020-09-09 09:31:03.470,4.7,10000
2020-09-09 09:31:03.470,4.7,100
2020-09-09 09:31:03.470,4.7,27400
2020-09-09 09:31:03.470,4.7,10700
2020-09-09 09:31:03.470,4.7,2000
2020-09-09 09:31:03.470,4.7,3000
2020-09-09 09:31:03.470,4.7,100
2020-09-09 09:31:03.470,4.7,6000
2020-09-09 09:31:03.470,4.7,2500
2020-09-09 09:31:03.740,4.7,54100
2020-09-09 09:31:03.940,4.7,4500
2020-09-09 09:31:03.940,4.7,13500
2020-09-09 09:31:04.010,4.7,1100
2020-09-09 09:31:04.120,4.7,2100
2020-09-09 09:31:04.190,4.7,24700
2020-09-09 09:31:04.190,4.7,100
2020-09-09 09:31:04.190,4.7,1500
2020-09-09 09:31:04.250,4.7,1000
2020-09-09 09:31:04.250,4.7,2000
2020-09-09 09:31:04.280,4.7,6800
2020-09-09 09:31:04.390,4.7,2000
2020-09-09 09:31:04.890,4.7,2300
2020-09-09 09:31:05.030,4.7,900
2020-09-09 09:31:05.090,4.7,100
2020-09-09 09:31:05.120,4.7,3000
2020-09-09 09:31:05.140,4.7,5000
2020-09-09 09:31:05.140,4.699,4000
2020-09-09 09:31:05.140,4.699,2000
2020-09-09 09:31:05.140,4.699,7000
2020-09-09 09:31:05.140,4.699,1000
2020-09-09 09:31:05.140,4.699,2000
2020-09-09 09:31:05.140,4.699,200
2020-09-09 09:31:05.140,4.699,2000
2020-09-09 09:31:05.140,4.699,10000
2020-09-09 09:31:05.140,4.699,100
2020-09-09 09:31:05.140,4.699,3000
2020-09-09 09:31:05.140,4.699,200
2020-09-09 09:31:05.140,4.699,3000
2020-09-09 09:31:05.140,4.699,300
2020-09-09 09:31:05.140,4.699,200
2020-09-09 09:31:05.140,4.699,100000
2020-09-09 09:31:05.140,4.699,7100
2020-09-09 09:31:05.140,4.699,2200
2020-09-09 09:31:05.140,4.699,10000
2020-09-09 09:31:05.140,4.699,10000
2020-09-09 09:31:05.140,4.699,3000
2020-09-09 09:31:05.140,4.699,9900
2020-09-09 09:31:05.140,4.699,500
2020-09-09 09:31:05.140,4.699,100000
2020-09-09 09:31:05.140,4.699,4000
2020-09-09 09:31:05.140,4.699,2000
2020-09-09 09:31:05.140,4.699,1000
2020-09-09 09:31:05.140,4.699,10700
2020-09-09 09:31:05.140,4.699,2000
2020-09-09 09:31:05.140,4.699,100
2020-09-09 09:31:05.140,4.699,500
2020-09-09 09:31:05.410,4.699,30000
2020-09-09 09:31:05.550,4.699,200
2020-09-09 09:31:05.550,4.699,200
2020-09-09 09:31:05.550,4.699,200
2020-09-09 09:31:05.720,4.698,1700
2020-09-09 09:31:05.720,4.698,2000
2020-09-09 09:31:05.720,4.698,200
2020-09-09 09:31:05.720,4.698,500
2020-09-09 09:31:05.720,4.698,4000
2020-09-09 09:31:05.890,4.699,100
2020-09-09 09:31:05.890,4.699,100
2020-09-09 09:31:05.970,4.699,5200
2020-09-09 09:31:06.260,4.699,5000
2020-09-09 09:31:06.340,4.699,1000
2020-09-09 09:31:06.380,4.699,400
2020-09-09 09:31:06.530,4.699,600
2020-09-09 09:31:06.530,4.699,100000
2020-09-09 09:31:06.720,4.699,10000
2020-09-09 09:31:06.750,4.699,1800
2020-09-09 09:31:06.810,4.699,500
2020-09-09 09:31:07.000,4.699,1000
2020-09-09 09:31:07.000,4.699,27900
2020-09-09 09:31:07.380,4.699,5000
2020-09-09 09:31:07.400,4.699,500
2020-09-09 09:31:07.430,4.699,200
2020-09-09 09:31:07.460,4.699,2400
2020-09-09 09:31:08.020,4.699,5400
2020-09-09 09:31:08.120,4.699,1000
2020-09-09 09:31:08.220,4.699,2000
2020-09-09 09:31:08.390,4.699,1000
2020-09-09 09:31:08.550,4.699,8300
2020-09-09 09:31:08.610,4.699,1100
2020-09-09 09:31:08.770,4.699,1000
2020-09-09 09:31:08.900,4.699,300
2020-09-09 09:31:09.030,4.699,1000
2020-09-09 09:31:09.080,4.699,100
2020-09-09 09:31:09.080,4.698,1000
2020-09-09 09:31:09.080,4.698,10000
2020-09-09 09:31:09.080,4.698,20000
2020-09-09 09:31:09.080,4.698,5000
2020-09-09 09:31:09.080,4.698,20000
2020-09-09 09:31:09.080,4.698,500
2020-09-09 09:31:09.080,4.698,1000
2020-09-09 09:31:09.080,4.698,5000
2020-09-09 09:31:09.080,4.698,3000
2020-09-09 09:31:09.080,4.698,1000
2020-09-09 09:31:09.080,4.698,2000
2020-09-09 09:31:09.080,4.698,200
2020-09-09 09:31:09.080,4.698,500
2020-09-09 09:31:09.080,4.698,300
2020-09-09 09:31:09.080,4.698,5500
2020-09-09 09:31:09.080,4.698,5000
2020-09-09 09:31:09.080,4.698,1000
2020-09-09 09:31:09.080,4.698,100
2020-09-09 09:31:09.080,4.698,1000
2020-09-09 09:31:09.080,4.698,2000
2020-09-09 09:31:09.080,4.698,10000
2020-09-09 09:31:09.080,4.697,10000
2020-09-09 09:31:09.080,4.697,400
2020-09-09 09:31:09.080,4.697,50000
2020-09-09 09:31:09.080,4.697,12600
2020-09-09 09:31:09.080,4.697,3900
2020-09-09 09:31:09.080,4.697,1000
2020-09-09 09:31:09.080,4.697,200
2020-09-09 09:31:09.080,4.697,2000
2020-09-09 09:31:09.080,4.697,10000
2020-09-09 09:31:09.080,4.697,300
2020-09-09 09:31:09.080,4.697,115700
2020-09-09 09:31:09.080,4.697,40000
2020-09-09 09:31:09.080,4.697,18300
2020-09-09 09:31:09.080,4.699,2500
2020-09-09 09:31:09.370,4.698,20000
2020-09-09 09:31:09.370,4.698,35000
2020-09-09 09:31:09.550,4.698,1000
2020-09-09 09:31:09.810,4.698,300
2020-09-09 09:31:09.930,4.698,1000
2020-09-09 09:31:09.950,4.698,500
2020-09-09 09:31:10.260,4.697,16500
2020-09-09 09:31:10.460,4.697,200
2020-09-09 09:31:10.630,4.697,400
2020-09-09 09:31:10.830,4.697,500
2020-09-09 09:31:11.310,4.697,1800
2020-09-09 09:31:11.340,4.697,3000
2020-09-09 09:31:11.810,4.697,20000
2020-09-09 09:31:11.860,4.697,20000
2020-09-09 09:31:11.860,4.697,40000
2020-09-09 09:31:11.890,4.697,5800
2020-09-09 09:31:11.890,4.697,20000
2020-09-09 09:31:11.970,4.698,1000
2020-09-09 09:31:12.150,4.698,100
2020-09-09 09:31:12.310,4.698,12000
2020-09-09 09:31:12.310,4.698,100000
2020-09-09 09:31:12.380,4.698,2000
2020-09-09 09:31:12.440,4.698,1000
2020-09-09 09:31:12.610,4.698,200
2020-09-09 09:31:12.790,4.698,200
2020-09-09 09:31:13.220,4.698,100
2020-09-09 09:31:13.830,4.696,100
2020-09-09 09:31:14.130,4.698,500
2020-09-09 09:31:14.330,4.698,200
2020-09-09 09:31:14.440,4.698,1000
2020-09-09 09:31:14.580,4.698,5000
2020-09-09 09:31:14.810,4.698,10000
2020-09-09 09:31:14.960,4.697,14200
2020-09-09 09:31:15.680,4.698,2000
2020-09-09 09:31:15.990,4.698,300
2020-09-09 09:31:16.020,4.698,200
2020-09-09 09:31:17.090,4.696,9900
2020-09-09 09:31:17.090,4.696,42200
2020-09-09 09:31:17.090,4.696,50000
2020-09-09 09:31:17.090,4.696,10000
2020-09-09 09:31:17.090,4.696,1000
2020-09-09 09:31:17.090,4.696,3000
2020-09-09 09:31:17.090,4.696,83900
2020-09-09 09:31:17.120,4.698,3300
2020-09-09 09:31:17.700,4.697,100
2020-09-09 09:31:17.700,4.697,200
2020-09-09 09:31:17.740,4.696,500
2020-09-09 09:31:18.180,4.696,500
2020-09-09 09:31:18.260,4.697,12700
2020-09-09 09:31:18.350,4.697,500
2020-09-09 09:31:18.490,4.697,36500
2020-09-09 09:31:18.510,4.698,4200
2020-09-09 09:31:18.780,4.698,100000
2020-09-09 09:31:19.000,4.697,800
2020-09-09 09:31:19.060,4.698,1100
2020-09-09 09:31:19.270,4.698,5000
2020-09-09 09:31:19.370,4.697,50000
2020-09-09 09:31:19.490,4.697,1100
2020-09-09 09:31:19.580,4.698,2300
2020-09-09 09:31:19.750,4.697,11600
2020-09-09 09:31:19.750,4.697,800
2020-09-09 09:31:19.750,4.697,5000
2020-09-09 09:31:19.750,4.697,10000
2020-09-09 09:31:19.750,4.696,62600
2020-09-09 09:31:20.100,4.698,2000
2020-09-09 09:31:20.300,4.698,100
2020-09-09 09:31:20.500,4.697,1000
2020-09-09 09:31:20.580,4.697,100
2020-09-09 09:31:20.700,4.696,1600
2020-09-09 09:31:20.700,4.696,3000
2020-09-09 09:31:20.700,4.696,100
2020-09-09 09:31:20.700,4.696,3000
2020-09-09 09:31:20.700,4.696,3000
2020-09-09 09:31:20.700,4.696,3000
2020-09-09 09:31:20.700,4.696,10000
2020-09-09 09:31:20.700,4.696,20000
2020-09-09 09:31:20.700,4.696,6300
2020-09-09 09:31:20.760,4.697,4600
2020-09-09 09:31:20.880,4.696,10000
2020-09-09 09:31:20.900,4.697,600
2020-09-09 09:31:20.900,4.698,1400
2020-09-09 09:31:20.980,4.697,3000
2020-09-09 09:31:21.100,4.697,5000
2020-09-09 09:31:21.470,4.696,8700
2020-09-09 09:31:21.470,4.696,1000
2020-09-09 09:31:21.470,4.696,1000
2020-09-09 09:31:21.470,4.696,100
2020-09-09 09:31:21.470,4.696,1000
2020-09-09 09:31:21.470,4.696,1000
2020-09-09 09:31:21.470,4.696,2500
2020-09-09 09:31:21.470,4.696,2700
2020-09-09 09:31:21.510,4.697,3400
2020-09-09 09:31:21.770,4.697,5000
2020-09-09 09:31:21.860,4.697,1600
2020-09-09 09:31:21.860,4.696,5400
2020-09-09 09:31:21.860,4.696,500
2020-09-09 09:31:21.860,4.696,2500
2020-09-09 09:31:22.500,4.697,3000
2020-09-09 09:31:22.500,4.697,5000
2020-09-09 09:31:22.500,4.697,100
2020-09-09 09:31:22.500,4.696,500
2020-09-09 09:31:22.500,4.696,41400
2020-09-09 09:31:22.500,4.698,500
2020-09-09 09:31:22.920,4.698,2000
2020-09-09 09:31:23.200,4.697,600
2020-09-09 09:31:23.200,4.696,158600
2020-09-09 09:31:23.200,4.696,100
2020-09-09 09:31:23.200,4.696,1000
2020-09-09 09:31:23.200,4.696,2300
2020-09-09 09:31:23.200,4.696,2200
2020-09-09 09:31:23.200,4.695,700
2020-09-09 09:31:23.200,4.695,3000
2020-09-09 09:31:23.200,4.695,10000
2020-09-09 09:31:23.200,4.695,1500
2020-09-09 09:31:23.200,4.695,5000
2020-09-09 09:31:23.200,4.695,500
2020-09-09 09:31:23.200,4.695,2200
2020-09-09 09:31:23.200,4.695,300
2020-09-09 09:31:23.200,4.695,3000
2020-09-09 09:31:23.200,4.695,1000
2020-09-09 09:31:23.200,4.695,3000
2020-09-09 09:31:23.200,4.695,1000
2020-09-09 09:31:23.200,4.695,2000
2020-09-09 09:31:23.200,4.695,1000
2020-09-09 09:31:23.200,4.695,3000
2020-09-09 09:31:23.200,4.695,4000
2020-09-09 09:31:23.200,4.695,10000
2020-09-09 09:31:23.200,4.695,10000
2020-09-09 09:31:23.200,4.695,100
2020-09-09 09:31:23.200,4.695,3800
2020-09-09 09:31:23.200,4.695,300
2020-09-09 09:31:23.200,4.695,5000
2020-09-09 09:31:23.200,4.695,200
2020-09-09 09:31:23.200,4.695,10000
2020-09-09 09:31:23.200,4.695,200
2020-09-09 09:31:23.200,4.695,50000
2020-09-09 09:31:23.200,4.695,5000
2020-09-09 09:31:23.200,4.695,30000
2020-09-09 09:31:23.200,4.695,1000
2020-09-09 09:31:23.200,4.695,4000
2020-09-09 09:31:23.200,4.695,300
2020-09-09 09:31:23.200,4.695,500
2020-09-09 09:31:23.200,4.695,5000
2020-09-09 09:31:23.200,4.695,10000
2020-09-09 09:31:23.200,4.695,500
2020-09-09 09:31:23.200,4.695,600
2020-09-09 09:31:23.200,4.695,100
2020-09-09 09:31:23.200,4.695,800
2020-09-09 09:31:23.200,4.695,2500
2020-09-09 09:31:23.200,4.695,5000
2020-09-09 09:31:23.200,4.695,4000
2020-09-09 09:31:23.200,4.695,5000
2020-09-09 09:31:23.200,4.695,200
2020-09-09 09:31:23.200,4.695,100
2020-09-09 09:31:23.200,4.695,2500
2020-09-09 09:31:23.200,4.695,1000
2020-09-09 09:31:23.200,4.695,30000
2020-09-09 09:31:23.200,4.695,1000
2020-09-09 09:31:23.200,4.695,100
2020-09-09 09:31:23.200,4.695,2000
2020-09-09 09:31:23.200,4.695,1500
2020-09-09 09:31:23.200,4.695,2300
2020-09-09 09:31:23.200,4.695,10000
2020-09-09 09:31:23.200,4.695,100
2020-09-09 09:31:23.200,4.695,40000
2020-09-09 09:31:23.200,4.695,500
2020-09-09 09:31:23.200,4.695,100
2020-09-09 09:31:23.200,4.695,100
2020-09-09 09:31:23.200,4.695,2500
2020-09-09 09:31:23.200,4.695,1000
2020-09-09 09:31:23.200,4.695,1000
2020-09-09 09:31:23.200,4.695,200
2020-09-09 09:31:23.200,4.695,300
2020-09-09 09:31:23.200,4.695,4200
2020-09-09 09:31:23.200,4.695,500
2020-09-09 09:31:23.200,4.695,2500
2020-09-09 09:31:23.200,4.695,3000
2020-09-09 09:31:23.200,4.695,100
2020-09-09 09:31:23.200,4.695,3000
2020-09-09 09:31:23.200,4.695,1500
2020-09-09 09:31:23.200,4.695,100
2020-09-09 09:31:23.200,4.695,300
2020-09-09 09:31:23.200,4.695,30000
2020-09-09 09:31:23.200,4.695,3000
2020-09-09 09:31:23.200,4.695,2700
2020-09-09 09:31:23.200,4.695,500
2020-09-09 09:31:23.200,4.695,2000
2020-09-09 09:31:23.200,4.695,5000
2020-09-09 09:31:23.250,4.695,200
2020-09-09 09:31:23.300,4.695,5000
2020-09-09 09:31:23.550,4.695,20000
2020-09-09 09:31:23.700,4.695,5000
2020-09-09 09:31:23.810,4.694,1300
2020-09-09 09:31:23.810,4.694,100
2020-09-09 09:31:23.810,4.694,2000
2020-09-09 09:31:23.810,4.694,2000
2020-09-09 09:31:23.810,4.694,1200
2020-09-09 09:31:23.950,4.695,1000
2020-09-09 09:31:24.040,4.695,5000
2020-09-09 09:31:24.070,4.695,5000
2020-09-09 09:31:24.180,4.695,1500
2020-09-09 09:31:24.180,4.695,2000
2020-09-09 09:31:24.240,4.695,2100
2020-09-09 09:31:24.320,4.695,50000
2020-09-09 09:31:24.430,4.695,5000
2020-09-09 09:31:25.050,4.695,1600
2020-09-09 09:31:25.050,4.695,4000
2020-09-09 09:31:25.310,4.695,200
2020-09-09 09:31:25.310,4.695,2000
2020-09-09 09:31:25.540,4.695,500
2020-09-09 09:31:25.590,4.695,50000
2020-09-09 09:31:25.590,4.695,1000
2020-09-09 09:31:25.800,4.695,300
2020-09-09 09:31:26.040,4.695,2000
2020-09-09 09:31:26.150,4.695,10000
2020-09-09 09:31:26.280,4.695,200
2020-09-09 09:31:26.400,4.695,200
2020-09-09 09:31:26.480,4.695,2000
2020-09-09 09:31:26.570,4.694,12000
2020-09-09 09:31:26.570,4.694,100
2020-09-09 09:31:26.570,4.694,300
2020-09-09 09:31:26.570,4.694,300
2020-09-09 09:31:26.570,4.694,3000
2020-09-09 09:31:26.570,4.694,1600
2020-09-09 09:31:26.570,4.694,6000
2020-09-09 09:31:26.570,4.694,26700
2020-09-09 09:31:26.630,4.695,800
2020-09-09 09:31:26.690,4.695,1000
2020-09-09 09:31:26.750,4.695,100
2020-09-09 09:31:26.870,4.695,1000
2020-09-09 09:31:26.920,4.694,33300
2020-09-09 09:31:26.920,4.694,300
2020-09-09 09:31:26.920,4.694,10000
2020-09-09 09:31:26.920,4.694,5000
2020-09-09 09:31:26.920,4.694,1400
2020-09-09 09:31:27.130,4.695,500
2020-09-09 09:31:27.270,4.694,1500
2020-09-09 09:31:27.270,4.694,100
2020-09-09 09:31:27.270,4.694,2100
2020-09-09 09:31:27.270,4.694,3000
2020-09-09 09:31:27.320,4.694,200
2020-09-09 09:31:27.320,4.694,2900
2020-09-09 09:31:27.380,4.694,10000
2020-09-09 09:31:27.580,4.694,1000
2020-09-09 09:31:27.690,4.694,29200
2020-09-09 09:31:27.690,4.695,70800
2020-09-09 09:31:27.760,4.695,10000
2020-09-09 09:31:27.870,4.695,1000
2020-09-09 09:31:27.890,4.695,5000
2020-09-09 09:31:28.110,4.695,100
2020-09-09 09:31:28.360,4.695,500
2020-09-09 09:31:28.360,4.695,10000
2020-09-09 09:31:28.560,4.693,10000
2020-09-09 09:31:28.560,4.693,10000
2020-09-09 09:31:28.640,4.694,500
2020-09-09 09:31:28.640,4.695,9500
2020-09-09 09:31:29.000,4.694,300
2020-09-09 09:31:29.150,4.694,600
2020-09-09 09:31:29.150,4.694,8100
2020-09-09 09:31:29.210,4.695,20000
2020-09-09 09:31:29.360,4.694,200
2020-09-09 09:31:29.420,4.694,6700
2020-09-09 09:31:29.780,4.694,3100
2020-09-09 09:31:29.780,4.695,1900
2020-09-09 09:31:29.950,4.695,1000
2020-09-09 09:31:29.950,4.695,1000
2020-09-09 09:31:29.950,4.695,500
2020-09-09 09:31:29.950,4.695,200
2020-09-09 09:31:30.010,4.695,2100
2020-09-09 09:31:30.110,4.694,500
2020-09-09 09:31:30.220,4.694,200
2020-09-09 09:31:30.580,4.694,11800
2020-09-09 09:31:31.280,4.694,200
2020-09-09 09:31:31.360,4.694,100
2020-09-09 09:31:31.420,4.693,2700
2020-09-09 09:31:31.420,4.693,800
2020-09-09 09:31:31.420,4.693,600
2020-09-09 09:31:31.420,4.693,2100
2020-09-09 09:31:31.420,4.693,1300
2020-09-09 09:31:31.420,4.693,5000
2020-09-09 09:31:31.420,4.693,300
2020-09-09 09:31:31.420,4.693,6000
2020-09-09 09:31:31.420,4.693,800
2020-09-09 09:31:31.420,4.693,2000
2020-09-09 09:31:31.420,4.693,1000
2020-09-09 09:31:31.420,4.693,100000
2020-09-09 09:31:31.420,4.693,2000
2020-09-09 09:31:31.420,4.693,200
2020-09-09 09:31:31.420,4.693,200
2020-09-09 09:31:31.420,4.693,2200
2020-09-09 09:31:31.420,4.693,700
2020-09-09 09:31:31.420,4.693,5000
2020-09-09 09:31:31.420,4.693,10000
2020-09-09 09:31:31.510,4.693,3000
2020-09-09 09:31:31.550,4.693,2000
2020-09-09 09:31:31.550,4.693,1100
2020-09-09 09:31:31.790,4.693,600
2020-09-09 09:31:32.240,4.693,500
2020-09-09 09:31:32.370,4.693,2000
2020-09-09 09:31:32.710,4.693,20000
2020-09-09 09:31:32.940,4.693,5300
2020-09-09 09:31:33.290,4.693,3000
2020-09-09 09:31:33.350,4.693,90000
2020-09-09 09:31:33.630,4.693,10000
2020-09-09 09:31:33.750,4.693,200
2020-09-09 09:31:34.110,4.693,100
2020-09-09 09:31:34.160,4.693,200
2020-09-09 09:31:34.160,4.692,200
2020-09-09 09:31:34.160,4.692,1000
2020-09-09 09:31:34.160,4.692,2000
2020-09-09 09:31:34.160,4.692,10700
2020-09-09 09:31:34.160,4.692,6600
2020-09-09 09:31:34.270,4.694,1000
2020-09-09 09:31:34.400,4.694,1700
2020-09-09 09:31:34.400,4.694,300
2020-09-09 09:31:34.460,4.694,1300
2020-09-09 09:31:34.520,4.694,100
2020-09-09 09:31:34.520,4.694,300
2020-09-09 09:31:34.740,4.693,2100
2020-09-09 09:31:34.740,4.693,4200
2020-09-09 09:31:34.740,4.692,3400
2020-09-09 09:31:34.740,4.692,1000
2020-09-09 09:31:34.740,4.692,2000
2020-09-09 09:31:34.740,4.692,1000
2020-09-09 09:31:34.740,4.692,4000
2020-09-09 09:31:34.740,4.692,1000
2020-09-09 09:31:34.740,4.692,600
2020-09-09 09:31:34.740,4.692,3000
2020-09-09 09:31:34.740,4.692,1000
2020-09-09 09:31:34.740,4.692,500
2020-09-09 09:31:34.740,4.692,100
2020-09-09 09:31:34.740,4.692,1100
2020-09-09 09:31:34.800,4.694,500
2020-09-09 09:31:34.950,4.694,13600
2020-09-09 09:31:35.560,4.694,500
2020-09-09 09:31:35.660,4.693,100
2020-09-09 09:31:35.660,4.692,900
2020-09-09 09:31:35.660,4.692,1000
2020-09-09 09:31:35.660,4.692,5000
2020-09-09 09:31:35.660,4.692,800
2020-09-09 09:31:35.660,4.692,6100
2020-09-09 09:31:35.660,4.692,5000
2020-09-09 09:31:35.660,4.692,2000
2020-09-09 09:31:35.660,4.692,1000
2020-09-09 09:31:35.660,4.692,200
2020-09-09 09:31:35.660,4.692,1000
2020-09-09 09:31:35.660,4.691,3600
2020-09-09 09:31:35.660,4.691,1800
2020-09-09 09:31:35.660,4.691,100
2020-09-09 09:31:35.660,4.691,100
2020-09-09 09:31:35.660,4.691,300
2020-09-09 09:31:35.660,4.691,33400
2020-09-09 09:31:35.740,4.694,100
2020-09-09 09:31:35.880,4.694,300
2020-09-09 09:31:35.880,4.693,3100
2020-09-09 09:31:35.880,4.693,6900
2020-09-09 09:31:35.960,4.694,200
2020-09-09 09:31:35.960,4.694,200
2020-09-09 09:31:35.960,4.694,81000
2020-09-09 09:31:35.960,4.694,200
2020-09-09 09:31:36.070,4.694,300
2020-09-09 09:31:36.070,4.694,100
2020-09-09 09:31:36.100,4.694,1000
2020-09-09 09:31:36.230,4.693,100
2020-09-09 09:31:36.230,4.693,100
2020-09-09 09:31:36.230,4.693,200
2020-09-09 09:31:36.230,4.691,11500
2020-09-09 09:31:37.050,4.694,7100
2020-09-09 09:31:37.050,4.694,2000
2020-09-09 09:31:37.050,4.694,12600
2020-09-09 09:31:37.050,4.694,78300
2020-09-09 09:31:37.220,4.694,5000
2020-09-09 09:31:37.590,4.694,1000
2020-09-09 09:31:37.770,4.694,1000
2020-09-09 09:31:37.770,4.694,32900
2020-09-09 09:31:37.770,4.693,2000
2020-09-09 09:31:37.770,4.693,1000
2020-09-09 09:31:37.770,4.692,300
2020-09-09 09:31:37.770,4.691,5100
2020-09-09 09:31:37.770,4.691,1000
2020-09-09 09:31:37.770,4.691,300
2020-09-09 09:31:37.770,4.691,15000
2020-09-09 09:31:37.770,4.691,100
2020-09-09 09:31:37.770,4.691,100
2020-09-09 09:31:37.770,4.691,30000
2020-09-09 09:31:37.770,4.691,5000
2020-09-09 09:31:37.770,4.691,17000
2020-09-09 09:31:37.770,4.691,5000
2020-09-09 09:31:37.770,4.691,2000
2020-09-09 09:31:37.770,4.691,20000
2020-09-09 09:31:37.770,4.691,5000
2020-09-09 09:31:37.770,4.691,800
2020-09-09 09:31:37.770,4.691,4000
2020-09-09 09:31:37.770,4.691,1200
2020-09-09 09:31:37.770,4.691,5000
2020-09-09 09:31:37.770,4.691,100000
2020-09-09 09:31:37.770,4.691,1500
2020-09-09 09:31:37.770,4.691,2500
2020-09-09 09:31:37.770,4.691,5000
2020-09-09 09:31:37.770,4.691,10000
2020-09-09 09:31:37.770,4.691,1000
2020-09-09 09:31:37.770,4.691,700
2020-09-09 09:31:37.770,4.691,1000
2020-09-09 09:31:37.770,4.691,10000
2020-09-09 09:31:37.770,4.691,5000
2020-09-09 09:31:37.770,4.691,10000
2020-09-09 09:31:37.770,4.691,200
2020-09-09 09:31:37.770,4.691,200
2020-09-09 09:31:37.770,4.691,500
2020-09-09 09:31:37.790,4.691,5000
2020-09-09 09:31:37.830,4.691,100
2020-09-09 09:31:37.880,4.691,3000
2020-09-09 09:31:38.040,4.691,300
2020-09-09 09:31:38.060,4.691,15000
2020-09-09 09:31:38.090,4.691,1000
2020-09-09 09:31:38.140,4.69,300
2020-09-09 09:31:38.330,4.69,200
2020-09-09 09:31:38.330,4.69,2000
2020-09-09 09:31:38.330,4.69,200
2020-09-09 09:31:38.330,4.69,1100
2020-09-09 09:31:38.450,4.69,3100
2020-09-09 09:31:38.450,4.69,5300
2020-09-09 09:31:38.450,4.69,300
2020-09-09 09:31:38.450,4.69,1300
2020-09-09 09:31:38.450,4.691,200
2020-09-09 09:31:38.480,4.691,10000
2020-09-09 09:31:38.620,4.691,200
2020-09-09 09:31:38.870,4.691,150100
2020-09-09 09:31:39.040,4.691,3000
2020-09-09 09:31:39.090,4.691,15000
2020-09-09 09:31:39.150,4.691,2000
2020-09-09 09:31:39.260,4.691,1000
2020-09-09 09:31:39.350,4.691,1000
2020-09-09 09:31:39.380,4.691,4200
2020-09-09 09:31:39.460,4.691,100000
2020-09-09 09:31:39.490,4.691,300
2020-09-09 09:31:39.600,4.691,3000
2020-09-09 09:31:39.770,4.691,700
2020-09-09 09:31:39.840,4.691,61500
2020-09-09 09:31:39.990,4.691,25000
2020-09-09 09:31:40.020,4.691,2000
2020-09-09 09:31:40.150,4.69,200
2020-09-09 09:31:40.230,4.691,5000
2020-09-09 09:31:40.570,4.691,5000
2020-09-09 09:31:40.630,4.691,1000
2020-09-09 09:31:40.780,4.691,1200
2020-09-09 09:31:40.850,4.691,4000
2020-09-09 09:31:40.970,4.691,4200
2020-09-09 09:31:41.020,4.691,1100
2020-09-09 09:31:41.050,4.691,4000
2020-09-09 09:31:41.240,4.69,38500
2020-09-09 09:31:41.240,4.69,40000
2020-09-09 09:31:41.240,4.69,400
2020-09-09 09:31:41.240,4.69,1500
2020-09-09 09:31:41.240,4.69,3000
2020-09-09 09:31:41.240,4.69,5000
2020-09-09 09:31:41.240,4.69,10000
2020-09-09 09:31:41.240,4.69,2200
2020-09-09 09:31:41.240,4.69,500
2020-09-09 09:31:41.240,4.69,31800
2020-09-09 09:31:41.240,4.69,3000
2020-09-09 09:31:41.240,4.69,5500
2020-09-09 09:31:41.240,4.69,200
2020-09-09 09:31:41.240,4.69,700
2020-09-09 09:31:41.240,4.69,1200
2020-09-09 09:31:41.240,4.69,100
2020-09-09 09:31:41.240,4.69,4200
2020-09-09 09:31:41.240,4.69,500
2020-09-09 09:31:41.240,4.69,10000
2020-09-09 09:31:41.240,4.69,10000
2020-09-09 09:31:41.240,4.69,10000
2020-09-09 09:31:41.240,4.69,300
2020-09-09 09:31:41.240,4.69,2000
2020-09-09 09:31:41.240,4.69,2000
2020-09-09 09:31:41.240,4.69,500
2020-09-09 09:31:41.240,4.69,100
2020-09-09 09:31:41.240,4.69,5000
2020-09-09 09:31:41.240,4.69,2500
2020-09-09 09:31:41.240,4.69,5000
2020-09-09 09:31:41.240,4.69,300
2020-09-09 09:31:41.240,4.69,1000
2020-09-09 09:31:41.240,4.69,500
2020-09-09 09:31:41.240,4.69,1000
2020-09-09 09:31:41.240,4.69,100
2020-09-09 09:31:41.240,4.69,300
2020-09-09 09:31:41.240,4.69,2000
2020-09-09 09:31:41.240,4.69,1000
2020-09-09 09:31:41.240,4.69,20000
2020-09-09 09:31:41.240,4.69,100
2020-09-09 09:31:41.240,4.69,200
2020-09-09 09:31:41.240,4.69,10000
2020-09-09 09:31:41.240,4.69,2000
2020-09-09 09:31:41.240,4.69,20000
2020-09-09 09:31:41.240,4.69,1300
2020-09-09 09:31:41.240,4.69,3000
2020-09-09 09:31:41.240,4.69,200
2020-09-09 09:31:41.240,4.69,5000
2020-09-09 09:31:41.240,4.69,1000
2020-09-09 09:31:41.240,4.69,200
2020-09-09 09:31:41.240,4.69,3000
2020-09-09 09:31:41.240,4.69,1000
2020-09-09 09:31:41.240,4.69,200
2020-09-09 09:31:41.240,4.69,20000
2020-09-09 09:31:41.240,4.69,400
2020-09-09 09:31:41.240,4.69,300
2020-09-09 09:31:41.240,4.69,10000
2020-09-09 09:31:41.240,4.69,5000
2020-09-09 09:31:41.240,4.69,500
2020-09-09 09:31:41.240,4.69,100
2020-09-09 09:31:41.240,4.69,500
2020-09-09 09:31:41.240,4.69,100
2020-09-09 09:31:41.240,4.69,3000
2020-09-09 09:31:41.240,4.69,20000
2020-09-09 09:31:41.240,4.69,300
2020-09-09 09:31:41.240,4.69,100
2020-09-09 09:31:41.240,4.69,200000
2020-09-09 09:31:41.240,4.69,50000
2020-09-09 09:31:41.240,4.69,5000
2020-09-09 09:31:41.240,4.69,200
2020-09-09 09:31:41.240,4.69,200
2020-09-09 09:31:41.240,4.69,200
2020-09-09 09:31:41.240,4.69,100
2020-09-09 09:31:41.240,4.69,500
2020-09-09 09:31:41.240,4.69,45700
2020-09-09 09:31:41.240,4.69,100
2020-09-09 09:31:41.240,4.69,30000
2020-09-09 09:31:41.240,4.69,500
2020-09-09 09:31:41.240,4.69,600
2020-09-09 09:31:41.240,4.69,2000
2020-09-09 09:31:41.240,4.69,600
2020-09-09 09:31:41.240,4.69,2000
2020-09-09 09:31:41.240,4.69,600
2020-09-09 09:31:41.240,4.69,400
2020-09-09 09:31:41.240,4.69,200
2020-09-09 09:31:41.240,4.69,100
2020-09-09 09:31:41.240,4.69,1700
2020-09-09 09:31:41.240,4.69,9000
2020-09-09 09:31:41.240,4.69,800
2020-09-09 09:31:41.240,4.69,100
2020-09-09 09:31:41.240,4.69,500
2020-09-09 09:31:41.240,4.69,5000
2020-09-09 09:31:41.240,4.69,500
2020-09-09 09:31:41.240,4.69,500
2020-09-09 09:31:41.240,4.69,100
2020-09-09 09:31:41.240,4.69,2000
2020-09-09 09:31:41.240,4.69,1000
2020-09-09 09:31:41.240,4.69,2000
2020-09-09 09:31:41.240,4.69,500
2020-09-09 09:31:41.240,4.69,1000
2020-09-09 09:31:41.240,4.69,400
2020-09-09 09:31:41.240,4.69,10000
2020-09-09 09:31:41.240,4.69,100
2020-09-09 09:31:41.240,4.69,2800
2020-09-09 09:31:41.240,4.69,1500
2020-09-09 09:31:41.240,4.69,200
2020-09-09 09:31:41.240,4.69,100
2020-09-09 09:31:41.240,4.69,2000
2020-09-09 09:31:41.240,4.69,200
2020-09-09 09:31:41.240,4.69,500
2020-09-09 09:31:41.240,4.69,10000
2020-09-09 09:31:41.240,4.69,400
2020-09-09 09:31:41.240,4.69,200
2020-09-09 09:31:41.240,4.69,2000
2020-09-09 09:31:41.240,4.69,3000
2020-09-09 09:31:41.240,4.69,2000
2020-09-09 09:31:41.240,4.69,400
2020-09-09 09:31:41.240,4.69,15000
2020-09-09 09:31:41.240,4.69,2000
2020-09-09 09:31:41.240,4.69,2000
2020-09-09 09:31:41.300,4.69,5000
2020-09-09 09:31:41.360,4.69,22000
2020-09-09 09:31:41.790,4.69,500
2020-09-09 09:31:41.910,4.69,500
2020-09-09 09:31:41.910,4.69,100
2020-09-09 09:31:41.940,4.69,20000
2020-09-09 09:31:42.290,4.69,15000
2020-09-09 09:31:42.350,4.69,7000
2020-09-09 09:31:42.620,4.69,100
