Datetime,Price,Volume
2020-08-18 09:25:00.280,3.421,100
2020-08-18 09:25:00.280,3.421,800
2020-08-18 09:25:00.280,3.421,6300
2020-08-18 09:25:00.280,3.421,14900
2020-08-18 09:25:00.280,3.421,63200
2020-08-18 09:25:00.280,3.421,5500
2020-08-18 09:25:00.280,3.421,13000
2020-08-18 09:25:00.280,3.421,3400
2020-08-18 09:25:00.280,3.421,36500
2020-08-18 09:25:00.280,3.421,1500
2020-08-18 09:25:00.280,3.421,1000
2020-08-18 09:25:00.280,3.421,9400
2020-08-18 09:25:00.280,3.421,2200
2020-08-18 09:25:00.280,3.421,100
2020-08-18 09:25:00.280,3.421,500
2020-08-18 09:25:00.280,3.421,100
2020-08-18 09:25:00.280,3.421,175700
2020-08-18 09:25:00.280,3.421,43500
2020-08-18 09:25:00.280,3.421,500
2020-08-18 09:25:00.280,3.421,500
2020-08-18 09:25:00.280,3.421,500
2020-08-18 09:25:00.280,3.421,500
2020-08-18 09:25:00.280,3.421,500
2020-08-18 09:25:00.280,3.421,500
2020-08-18 09:25:00.280,3.421,500
2020-08-18 09:25:00.280,3.421,500
2020-08-18 09:25:00.280,3.421,500
2020-08-18 09:25:00.280,3.421,500
2020-08-18 09:25:00.280,3.421,500
2020-08-18 09:25:00.280,3.421,500
2020-08-18 09:25:00.280,3.421,500
2020-08-18 09:25:00.280,3.421,500
2020-08-18 09:25:00.280,3.421,500
2020-08-18 09:25:00.280,3.421,500
2020-08-18 09:25:00.280,3.421,500
2020-08-18 09:25:00.280,3.421,500
2020-08-18 09:25:00.280,3.421,27700
2020-08-18 09:25:00.280,3.421,500
2020-08-18 09:25:00.280,3.421,500
2020-08-18 09:25:00.280,3.421,500
2020-08-18 09:25:00.280,3.421,500
2020-08-18 09:25:00.280,3.421,500
2020-08-18 09:25:00.280,3.421,500
2020-08-18 09:25:00.280,3.421,500
2020-08-18 09:25:00.280,3.421,500
2020-08-18 09:25:00.280,3.421,500
2020-08-18 09:25:00.280,3.421,500
2020-08-18 09:25:00.280,3.421,500
2020-08-18 09:25:00.280,3.421,500
2020-08-18 09:25:00.280,3.421,500
2020-08-18 09:25:00.280,3.421,500
2020-08-18 09:25:00.280,3.421,500
2020-08-18 09:25:00.280,3.421,500
2020-08-18 09:25:00.280,3.421,500
2020-08-18 09:25:00.280,3.421,500
2020-08-18 09:25:00.280,3.421,500
2020-08-18 09:25:00.280,3.421,500
2020-08-18 09:25:00.280,3.421,500
2020-08-18 09:25:00.280,3.421,500
2020-08-18 09:25:00.280,3.421,500
2020-08-18 09:25:00.280,3.421,500
2020-08-18 09:25:00.280,3.421,500
2020-08-18 09:25:00.280,3.421,500
2020-08-18 09:25:00.280,3.421,500
2020-08-18 09:25:00.280,3.421,500
2020-08-18 09:25:00.280,3.421,500
2020-08-18 09:25:00.280,3.421,500
2020-08-18 09:25:00.280,3.421,500
2020-08-18 09:25:00.280,3.421,500
2020-08-18 09:25:00.280,3.421,500
2020-08-18 09:25:00.280,3.421,500
2020-08-18 09:25:00.280,3.421,500
2020-08-18 09:25:00.280,3.421,500
2020-08-18 09:25:00.280,3.421,500
2020-08-18 09:25:00.280,3.421,500
2020-08-18 09:25:00.280,3.421,500
2020-08-18 09:25:00.280,3.421,500
2020-08-18 09:25:00.280,3.421,500
2020-08-18 09:25:00.280,3.421,500
2020-08-18 09:25:00.280,3.421,500
2020-08-18 09:25:00.280,3.421,600
2020-08-18 09:25:00.280,3.421,500
2020-08-18 09:25:00.280,3.421,500
2020-08-18 09:25:00.280,3.421,80000
2020-08-18 09:25:00.280,3.421,500
2020-08-18 09:25:00.280,3.421,600
2020-08-18 09:25:00.280,3.421,500
2020-08-18 09:25:00.280,3.421,500
2020-08-18 09:25:00.280,3.421,600
2020-08-18 09:25:00.280,3.421,500
2020-08-18 09:25:00.280,3.421,500
2020-08-18 09:25:00.280,3.421,500
2020-08-18 09:25:00.280,3.421,500
2020-08-18 09:25:00.280,3.421,14800
2020-08-18 09:25:00.280,3.421,500
2020-08-18 09:25:00.280,3.421,500
2020-08-18 09:25:00.280,3.421,500
2020-08-18 09:25:00.280,3.421,500
2020-08-18 09:25:00.280,3.421,3000
2020-08-18 09:25:00.280,3.421,2000
2020-08-18 09:25:00.280,3.421,500
2020-08-18 09:25:00.280,3.421,6000
2020-08-18 09:25:00.280,3.421,1000
2020-08-18 09:25:00.280,3.421,158000
2020-08-18 09:25:00.280,3.421,12000
2020-08-18 09:25:00.280,3.421,10000
2020-08-18 09:25:00.280,3.421,20000
2020-08-18 09:25:00.280,3.421,19800
2020-08-18 09:25:00.280,3.421,10000
2020-08-18 09:25:00.280,3.421,50000
2020-08-18 09:25:00.280,3.421,131000
2020-08-18 09:25:00.280,3.421,500
2020-08-18 09:25:00.280,3.421,9000
2020-08-18 09:25:00.280,3.421,500
2020-08-18 09:25:00.280,3.421,500
2020-08-18 09:25:00.280,3.421,10000
2020-08-18 09:25:00.280,3.421,175600
2020-08-18 09:25:00.280,3.421,73800
2020-08-18 09:25:00.280,3.421,8800
2020-08-18 09:25:00.280,3.421,14800
2020-08-18 09:25:00.280,3.421,500
2020-08-18 09:25:00.280,3.421,4700
2020-08-18 09:25:00.280,3.421,100
2020-08-18 09:25:00.280,3.421,8100
2020-08-18 09:25:00.280,3.421,30000
2020-08-18 09:25:00.280,3.421,15000
2020-08-18 09:25:00.280,3.421,30000
2020-08-18 09:25:00.280,3.421,600
2020-08-18 09:25:00.280,3.421,500
2020-08-18 09:25:00.280,3.421,4100
2020-08-18 09:25:00.280,3.421,1000
2020-08-18 09:25:00.280,3.421,1200
2020-08-18 09:25:00.280,3.421,1000
2020-08-18 09:25:00.280,3.421,31000
2020-08-18 09:25:00.280,3.421,1000
2020-08-18 09:25:00.280,3.421,176700
2020-08-18 09:25:00.280,3.421,297200
2020-08-18 09:25:00.280,3.421,11200
2020-08-18 09:25:00.280,3.421,50000
2020-08-18 09:25:00.280,3.421,100
2020-08-18 09:25:00.280,3.421,20000
2020-08-18 09:25:00.280,3.421,30000
2020-08-18 09:25:00.280,3.421,200
2020-08-18 09:25:00.280,3.421,20000
2020-08-18 09:25:00.280,3.421,173700
2020-08-18 09:25:00.280,3.421,96300
2020-08-18 09:25:00.280,3.421,5000
2020-08-18 09:25:00.280,3.421,30000
2020-08-18 09:25:00.280,3.421,2000
2020-08-18 09:25:00.280,3.421,3500
2020-08-18 09:25:00.280,3.421,500
2020-08-18 09:25:00.280,3.421,210000
2020-08-18 09:25:00.280,3.421,10000
2020-08-18 09:25:00.280,3.421,300
2020-08-18 09:25:00.280,3.421,50000
2020-08-18 09:25:00.280,3.421,32800
2020-08-18 09:25:00.280,3.421,14000
2020-08-18 09:25:00.280,3.421,3600
2020-08-18 09:25:00.280,3.421,50000
2020-08-18 09:25:00.280,3.421,94400
2020-08-18 09:25:00.280,3.421,31100
2020-08-18 09:25:00.280,3.421,9000
2020-08-18 09:25:00.280,3.421,9000
2020-08-18 09:25:00.280,3.421,156500
2020-08-18 09:25:00.280,3.421,3100
2020-08-18 09:25:00.280,3.421,6000
2020-08-18 09:25:00.280,3.421,5900
2020-08-18 09:25:00.280,3.421,120000
2020-08-18 09:25:00.280,3.421,27800
2020-08-18 09:25:00.280,3.421,3900
2020-08-18 09:25:00.280,3.421,3000
2020-08-18 09:25:00.280,3.421,200
2020-08-18 09:25:00.280,3.421,500
2020-08-18 09:25:00.280,3.421,6000
2020-08-18 09:25:00.280,3.421,7700
2020-08-18 09:25:00.280,3.421,7000
2020-08-18 09:25:00.280,3.421,7900
2020-08-18 09:25:00.280,3.421,1000
2020-08-18 09:25:00.280,3.421,1100
2020-08-18 09:25:00.280,3.421,10000
2020-08-18 09:25:00.280,3.421,2000
2020-08-18 09:25:00.280,3.421,300
2020-08-18 09:25:00.280,3.421,100
2020-08-18 09:25:00.280,3.421,200
2020-08-18 09:25:00.280,3.421,100
2020-08-18 09:25:00.280,3.421,3200
2020-08-18 09:25:00.280,3.421,1500
2020-08-18 09:25:00.280,3.421,8500
2020-08-18 09:25:00.280,3.421,6500
2020-08-18 09:25:00.280,3.421,400
2020-08-18 09:25:00.280,3.421,2000
2020-08-18 09:25:00.280,3.421,500
2020-08-18 09:25:00.280,3.421,600
2020-08-18 09:25:00.280,3.421,100
2020-08-18 09:25:00.280,3.421,4300
2020-08-18 09:25:00.280,3.421,300
2020-08-18 09:25:00.280,3.421,200
2020-08-18 09:25:00.280,3.421,500
2020-08-18 09:25:00.280,3.421,2500
2020-08-18 09:25:00.280,3.421,2000
2020-08-18 09:25:00.280,3.421,3000
2020-08-18 09:25:00.280,3.421,17100
2020-08-18 09:25:00.280,3.421,5000
2020-08-18 09:25:00.280,3.421,7900
2020-08-18 09:25:00.280,3.421,30500
2020-08-18 09:25:00.280,3.421,1000
2020-08-18 09:25:00.280,3.421,18200
2020-08-18 09:25:00.280,3.421,400
2020-08-18 09:25:00.280,3.421,600
2020-08-18 09:25:00.280,3.421,1000
2020-08-18 09:25:00.280,3.421,300
2020-08-18 09:25:00.280,3.421,800
2020-08-18 09:25:00.280,3.421,1200
2020-08-18 09:25:00.280,3.421,4700
2020-08-18 09:25:00.280,3.421,3000
2020-08-18 09:25:00.280,3.421,4200
2020-08-18 09:25:00.280,3.421,500
2020-08-18 09:25:00.280,3.421,500
2020-08-18 09:25:00.280,3.421,300
2020-08-18 09:25:00.280,3.421,2000
2020-08-18 09:25:00.280,3.421,1700
2020-08-18 09:25:00.280,3.421,400
2020-08-18 09:25:00.280,3.421,300
2020-08-18 09:25:00.280,3.421,24900
2020-08-18 09:25:00.280,3.421,4000
2020-08-18 09:25:00.280,3.421,3500
2020-08-18 09:25:00.280,3.421,300
2020-08-18 09:25:00.280,3.421,6200
2020-08-18 09:25:00.280,3.421,600
2020-08-18 09:25:00.280,3.421,500
2020-08-18 09:25:00.280,3.421,7700
2020-08-18 09:25:00.280,3.421,600
2020-08-18 09:25:00.280,3.421,3200
2020-08-18 09:25:00.280,3.421,5000
2020-08-18 09:25:00.280,3.421,38500
2020-08-18 09:25:00.280,3.421,31100
2020-08-18 09:25:00.280,3.421,200
2020-08-18 09:25:00.280,3.421,1000
2020-08-18 09:25:00.280,3.421,200
2020-08-18 09:25:00.280,3.421,7500
2020-08-18 09:25:00.280,3.421,3500
2020-08-18 09:25:00.280,3.421,2500
2020-08-18 09:25:00.280,3.421,1700
2020-08-18 09:25:00.280,3.421,3300
2020-08-18 09:25:00.280,3.421,2700
2020-08-18 09:25:00.280,3.421,100
2020-08-18 09:25:00.280,3.421,100
2020-08-18 09:25:00.280,3.421,1000
2020-08-18 09:25:00.280,3.421,5000
2020-08-18 09:25:00.280,3.421,1100
2020-08-18 09:25:00.280,3.421,600
2020-08-18 09:25:00.280,3.421,500
2020-08-18 09:25:00.280,3.421,400
2020-08-18 09:25:00.280,3.421,2000
2020-08-18 09:25:00.280,3.421,3300
2020-08-18 09:25:00.280,3.421,1600
2020-08-18 09:25:00.280,3.421,200
2020-08-18 09:25:00.280,3.421,1800
2020-08-18 09:25:00.280,3.421,2300
2020-08-18 09:25:00.280,3.421,3800
2020-08-18 09:25:00.280,3.421,1000
2020-08-18 09:25:00.280,3.421,100
2020-08-18 09:25:00.280,3.421,1000
2020-08-18 09:25:00.280,3.421,300
2020-08-18 09:25:00.280,3.421,4500
2020-08-18 09:25:00.280,3.421,10900
2020-08-18 09:25:00.280,3.421,600
2020-08-18 09:25:00.280,3.421,3000
2020-08-18 09:25:00.280,3.421,20000
2020-08-18 09:25:00.280,3.421,3000
2020-08-18 09:25:00.280,3.421,6000
2020-08-18 09:25:00.280,3.421,8700
2020-08-18 09:25:00.280,3.421,300
2020-08-18 09:25:00.280,3.421,5000
2020-08-18 09:25:00.280,3.421,20000
2020-08-18 09:25:00.280,3.421,83400
2020-08-18 09:25:00.280,3.421,125000
2020-08-18 09:25:00.280,3.421,17100
2020-08-18 09:25:00.280,3.421,200
2020-08-18 09:25:00.280,3.421,10000
2020-08-18 09:25:00.280,3.421,2700
2020-08-18 09:25:00.280,3.421,2300
2020-08-18 09:25:00.280,3.421,3000
2020-08-18 09:25:00.280,3.421,600
2020-08-18 09:25:00.280,3.421,8100
2020-08-18 09:25:00.280,3.421,5000
2020-08-18 09:25:00.280,3.421,100000
2020-08-18 09:25:00.280,3.421,10000
2020-08-18 09:25:00.280,3.421,26000
2020-08-18 09:25:00.280,3.421,56500
2020-08-18 09:25:00.280,3.421,10000
2020-08-18 09:25:00.280,3.421,100
2020-08-18 09:25:00.280,3.421,200
2020-08-18 09:25:00.280,3.421,79100
2020-08-18 09:25:00.280,3.421,18600
2020-08-18 09:25:00.280,3.421,600
2020-08-18 09:25:00.280,3.421,100
2020-08-18 09:25:00.280,3.421,400
2020-08-18 09:25:00.280,3.421,100
2020-08-18 09:25:00.280,3.421,1000
2020-08-18 09:25:00.280,3.421,41600
2020-08-18 09:25:00.280,3.421,2000
2020-08-18 09:25:00.280,3.421,6600
2020-08-18 09:25:00.280,3.421,79400
2020-08-18 09:25:00.280,3.421,14100
2020-08-18 09:25:00.280,3.421,11200
2020-08-18 09:30:00.090,3.422,100
2020-08-18 09:30:00.090,3.422,1000
2020-08-18 09:30:00.090,3.422,6000
2020-08-18 09:30:00.090,3.422,300
2020-08-18 09:30:00.090,3.422,500
2020-08-18 09:30:00.090,3.422,500
2020-08-18 09:30:00.090,3.422,4000
2020-08-18 09:30:00.090,3.422,5900
2020-08-18 09:30:00.090,3.422,100
2020-08-18 09:30:00.280,3.422,70000
2020-08-18 09:30:00.280,3.422,11600
2020-08-18 09:30:00.390,3.421,119300
2020-08-18 09:30:00.390,3.42,500
2020-08-18 09:30:00.390,3.42,500
2020-08-18 09:30:00.390,3.42,100
2020-08-18 09:30:00.390,3.42,3000
2020-08-18 09:30:00.390,3.42,17400
2020-08-18 09:30:00.390,3.42,2100
2020-08-18 09:30:00.390,3.42,300
2020-08-18 09:30:00.390,3.42,1300
2020-08-18 09:30:00.390,3.42,200
2020-08-18 09:30:00.390,3.42,1000
2020-08-18 09:30:00.390,3.42,30000
2020-08-18 09:30:00.390,3.42,6000
2020-08-18 09:30:00.390,3.42,10000
2020-08-18 09:30:00.390,3.42,28200
2020-08-18 09:30:00.390,3.421,3000
2020-08-18 09:30:00.530,3.421,500
2020-08-18 09:30:00.640,3.421,2000
2020-08-18 09:30:00.720,3.42,600
2020-08-18 09:30:00.720,3.42,600
2020-08-18 09:30:00.720,3.42,600
2020-08-18 09:30:00.760,3.421,2000
2020-08-18 09:30:00.760,3.42,100
2020-08-18 09:30:00.760,3.42,200
2020-08-18 09:30:00.760,3.42,700
2020-08-18 09:30:00.760,3.42,1500
2020-08-18 09:30:00.760,3.421,12100
2020-08-18 09:30:00.760,3.421,900
2020-08-18 09:30:00.760,3.421,1000
2020-08-18 09:30:00.840,3.42,4500
2020-08-18 09:30:00.840,3.42,15500
2020-08-18 09:30:00.910,3.42,6600
2020-08-18 09:30:00.960,3.421,40000
2020-08-18 09:30:01.090,3.42,4100
2020-08-18 09:30:01.090,3.421,6100
2020-08-18 09:30:01.130,3.421,21100
2020-08-18 09:30:01.180,3.421,500
2020-08-18 09:30:01.220,3.421,8400
2020-08-18 09:30:01.220,3.42,3800
2020-08-18 09:30:01.220,3.42,2000
2020-08-18 09:30:01.220,3.42,200
2020-08-18 09:30:01.220,3.42,1300
2020-08-18 09:30:01.220,3.421,10000
2020-08-18 09:30:01.260,3.421,3000
2020-08-18 09:30:01.310,3.42,1000
2020-08-18 09:30:01.360,3.42,1600
2020-08-18 09:30:01.360,3.42,100
2020-08-18 09:30:01.360,3.42,28300
2020-08-18 09:30:01.360,3.421,100
2020-08-18 09:30:01.540,3.421,5000
2020-08-18 09:30:01.730,3.421,21400
2020-08-18 09:30:01.730,3.421,1800
2020-08-18 09:30:01.730,3.421,3000
2020-08-18 09:30:01.730,3.421,4000
2020-08-18 09:30:01.730,3.421,19800
2020-08-18 09:30:01.770,3.421,500
2020-08-18 09:30:01.770,3.42,1000
2020-08-18 09:30:01.770,3.42,900
2020-08-18 09:30:01.770,3.42,1000
2020-08-18 09:30:01.770,3.42,1000
2020-08-18 09:30:01.770,3.42,1000
2020-08-18 09:30:01.770,3.42,100
2020-08-18 09:30:01.770,3.42,300
2020-08-18 09:30:01.770,3.42,2900
2020-08-18 09:30:01.770,3.42,26300
2020-08-18 09:30:01.770,3.421,14600
2020-08-18 09:30:01.810,3.421,2000
2020-08-18 09:30:01.890,3.421,10000
2020-08-18 09:30:01.890,3.421,10000
2020-08-18 09:30:01.960,3.42,5000
2020-08-18 09:30:02.000,3.421,400
2020-08-18 09:30:02.070,3.421,600
2020-08-18 09:30:02.180,3.421,19100
2020-08-18 09:30:02.180,3.421,70900
2020-08-18 09:30:02.220,3.421,100
2020-08-18 09:30:02.410,3.421,3000
2020-08-18 09:30:02.540,3.42,500
2020-08-18 09:30:02.540,3.421,14200
2020-08-18 09:30:02.570,3.421,10000
2020-08-18 09:30:02.570,3.421,8900
2020-08-18 09:30:02.660,3.421,2000
2020-08-18 09:30:02.700,3.421,20000
2020-08-18 09:30:02.740,3.421,30000
2020-08-18 09:30:02.810,3.42,10000
2020-08-18 09:30:02.890,3.421,1000
2020-08-18 09:30:03.180,3.421,2500
2020-08-18 09:30:03.180,3.42,9200
2020-08-18 09:30:03.180,3.42,3100
2020-08-18 09:30:03.180,3.42,300
2020-08-18 09:30:03.180,3.42,600
2020-08-18 09:30:03.180,3.42,1000
2020-08-18 09:30:03.180,3.42,3000
2020-08-18 09:30:03.180,3.42,4500
2020-08-18 09:30:03.180,3.42,500
2020-08-18 09:30:03.180,3.42,10000
2020-08-18 09:30:03.180,3.42,200
2020-08-18 09:30:03.180,3.42,20000
2020-08-18 09:30:03.180,3.42,2000
2020-08-18 09:30:03.180,3.42,2900
2020-08-18 09:30:03.180,3.42,5000
2020-08-18 09:30:03.180,3.42,1000
2020-08-18 09:30:03.180,3.42,3000
2020-08-18 09:30:03.180,3.42,2000
2020-08-18 09:30:03.180,3.42,1400
2020-08-18 09:30:03.180,3.42,2000
2020-08-18 09:30:03.180,3.42,500
2020-08-18 09:30:03.180,3.42,30000
2020-08-18 09:30:03.180,3.42,10000
2020-08-18 09:30:03.180,3.42,100
2020-08-18 09:30:03.180,3.42,7000
2020-08-18 09:30:03.310,3.421,200
2020-08-18 09:30:03.310,3.421,38000
2020-08-18 09:30:03.310,3.421,2000
2020-08-18 09:30:03.310,3.421,100
2020-08-18 09:30:03.440,3.421,1000
2020-08-18 09:30:03.440,3.42,13000
2020-08-18 09:30:03.440,3.42,200
2020-08-18 09:30:03.440,3.42,20000
2020-08-18 09:30:03.440,3.42,7900
2020-08-18 09:30:03.440,3.42,2900
2020-08-18 09:30:03.440,3.42,1500
2020-08-18 09:30:03.440,3.42,500
2020-08-18 09:30:03.440,3.42,38800
2020-08-18 09:30:03.440,3.42,20000
2020-08-18 09:30:03.440,3.42,1000
2020-08-18 09:30:03.440,3.42,13500
2020-08-18 09:30:03.440,3.421,50000
2020-08-18 09:30:03.440,3.421,1400
2020-08-18 09:30:03.560,3.421,22400
2020-08-18 09:30:03.710,3.421,300
2020-08-18 09:30:03.710,3.421,52900
2020-08-18 09:30:03.710,3.42,19300
2020-08-18 09:30:03.710,3.42,100
2020-08-18 09:30:03.710,3.42,2000
2020-08-18 09:30:03.830,3.42,3000
2020-08-18 09:30:03.940,3.42,20000
2020-08-18 09:30:03.990,3.42,5000
2020-08-18 09:30:03.990,3.42,1000
2020-08-18 09:30:04.030,3.419,3800
2020-08-18 09:30:04.030,3.419,100
2020-08-18 09:30:04.030,3.419,1400
2020-08-18 09:30:04.030,3.419,100
2020-08-18 09:30:04.030,3.419,2000
2020-08-18 09:30:04.030,3.419,1400
2020-08-18 09:30:04.030,3.419,1000
2020-08-18 09:30:04.030,3.419,200
2020-08-18 09:30:04.140,3.42,69600
2020-08-18 09:30:04.140,3.421,41300
2020-08-18 09:30:04.140,3.421,1700
2020-08-18 09:30:04.140,3.421,3000
2020-08-18 09:30:04.140,3.421,300
2020-08-18 09:30:04.140,3.421,58100
2020-08-18 09:30:04.140,3.421,40000
2020-08-18 09:30:04.140,3.421,15800
2020-08-18 09:30:04.140,3.421,6200
2020-08-18 09:30:04.140,3.421,28500
2020-08-18 09:30:04.490,3.42,100
2020-08-18 09:30:04.490,3.421,5900
2020-08-18 09:30:04.600,3.421,5000
2020-08-18 09:30:04.960,3.42,14900
2020-08-18 09:30:04.960,3.42,1400
2020-08-18 09:30:04.960,3.42,5000
2020-08-18 09:30:04.960,3.419,800
2020-08-18 09:30:04.960,3.419,2200
2020-08-18 09:30:04.960,3.42,29200
2020-08-18 09:30:05.080,3.42,10000
2020-08-18 09:30:05.230,3.42,3300
2020-08-18 09:30:05.290,3.42,200
2020-08-18 09:30:05.410,3.42,5900
2020-08-18 09:30:05.460,3.42,8000
2020-08-18 09:30:05.540,3.42,5000
2020-08-18 09:30:05.610,3.42,100
2020-08-18 09:30:05.690,3.42,5000
2020-08-18 09:30:05.690,3.42,3000
2020-08-18 09:30:05.690,3.42,26300
2020-08-18 09:30:05.800,3.42,3000
2020-08-18 09:30:05.800,3.42,5100
2020-08-18 09:30:05.870,3.42,8400
2020-08-18 09:30:05.980,3.42,1000
2020-08-18 09:30:06.230,3.42,291200
2020-08-18 09:30:06.230,3.42,10000
2020-08-18 09:30:06.340,3.42,61300
2020-08-18 09:30:06.410,3.419,20000
2020-08-18 09:30:06.520,3.42,100
2020-08-18 09:30:06.710,3.42,2400
2020-08-18 09:30:06.780,3.419,3400
2020-08-18 09:30:06.810,3.42,75000
2020-08-18 09:30:07.060,3.42,1000
2020-08-18 09:30:07.120,3.419,1600
2020-08-18 09:30:07.120,3.42,1200
2020-08-18 09:30:07.120,3.42,7800
2020-08-18 09:30:07.430,3.42,415200
2020-08-18 09:30:07.430,3.42,23700
2020-08-18 09:30:07.430,3.42,561100
2020-08-18 09:30:07.620,3.419,8800
2020-08-18 09:30:07.620,3.419,9000
2020-08-18 09:30:07.820,3.42,1000
2020-08-18 09:30:07.970,3.42,10000
2020-08-18 09:30:08.050,3.42,42300
2020-08-18 09:30:08.200,3.42,1600
2020-08-18 09:30:08.390,3.42,3300
2020-08-18 09:30:08.610,3.42,20000
2020-08-18 09:30:08.610,3.42,300000
2020-08-18 09:30:08.760,3.42,500
2020-08-18 09:30:08.790,3.42,60200
2020-08-18 09:30:08.790,3.421,2400
2020-08-18 09:30:08.790,3.421,10000
2020-08-18 09:30:08.790,3.421,22000
2020-08-18 09:30:08.830,3.421,6900
2020-08-18 09:30:08.900,3.421,600
2020-08-18 09:30:08.930,3.421,3000
2020-08-18 09:30:08.930,3.421,6000
2020-08-18 09:30:09.090,3.421,10000
2020-08-18 09:30:09.130,3.421,2000
2020-08-18 09:30:09.280,3.421,5000
2020-08-18 09:30:09.280,3.421,5000
2020-08-18 09:30:09.350,3.42,500
2020-08-18 09:30:09.570,3.42,500
2020-08-18 09:30:09.570,3.421,194000
2020-08-18 09:30:09.570,3.421,5900
2020-08-18 09:30:09.570,3.421,35400
2020-08-18 09:30:10.060,3.421,10000
2020-08-18 09:30:10.100,3.421,48800
2020-08-18 09:30:10.100,3.421,34700
2020-08-18 09:30:10.100,3.421,16500
2020-08-18 09:30:10.130,3.421,1100
2020-08-18 09:30:10.360,3.421,3500
2020-08-18 09:30:10.440,3.421,200
2020-08-18 09:30:10.440,3.421,200
2020-08-18 09:30:10.440,3.421,200
2020-08-18 09:30:10.500,3.421,18300
2020-08-18 09:30:10.500,3.421,1700
2020-08-18 09:30:10.620,3.421,1300
2020-08-18 09:30:10.620,3.421,1500
2020-08-18 09:30:10.620,3.421,700
2020-08-18 09:30:10.660,3.421,19300
2020-08-18 09:30:10.660,3.421,18100
2020-08-18 09:30:10.660,3.421,157300
2020-08-18 09:30:10.730,3.421,10000
2020-08-18 09:30:10.800,3.421,300
2020-08-18 09:30:11.130,3.42,12400
2020-08-18 09:30:11.490,3.421,9500
2020-08-18 09:30:11.730,3.421,500
2020-08-18 09:30:11.930,3.421,28100
2020-08-18 09:30:11.930,3.421,5100
2020-08-18 09:30:11.930,3.421,500
2020-08-18 09:30:11.930,3.421,6000
2020-08-18 09:30:11.930,3.421,100
2020-08-18 09:30:11.930,3.421,2000
2020-08-18 09:30:11.930,3.421,1000
2020-08-18 09:30:11.930,3.421,5800
2020-08-18 09:30:11.930,3.421,1000
2020-08-18 09:30:11.930,3.421,8900
2020-08-18 09:30:11.930,3.42,16900
2020-08-18 09:30:11.930,3.42,1200
2020-08-18 09:30:11.930,3.42,4600
2020-08-18 09:30:11.930,3.419,5000
2020-08-18 09:30:11.930,3.419,3000
2020-08-18 09:30:11.930,3.419,9300
2020-08-18 09:30:11.930,3.418,1600
2020-08-18 09:30:11.930,3.418,200
2020-08-18 09:30:11.930,3.418,2200
2020-08-18 09:30:12.020,3.42,18300
2020-08-18 09:30:12.090,3.42,10000
2020-08-18 09:30:12.090,3.42,12700
2020-08-18 09:30:12.090,3.421,22400
2020-08-18 09:30:12.120,3.421,2800
2020-08-18 09:30:12.400,3.418,5000
2020-08-18 09:30:12.730,3.421,10000
2020-08-18 09:30:13.130,3.419,200
2020-08-18 09:30:13.260,3.419,5000
2020-08-18 09:30:13.460,3.419,10000
2020-08-18 09:30:13.710,3.419,11800
2020-08-18 09:30:13.710,3.419,3500
2020-08-18 09:30:13.800,3.421,5000
2020-08-18 09:30:13.800,3.42,10000
2020-08-18 09:30:13.930,3.421,700
2020-08-18 09:30:14.060,3.421,4000
2020-08-18 09:30:14.140,3.42,5400
2020-08-18 09:30:14.240,3.421,700
2020-08-18 09:30:14.270,3.421,1800
2020-08-18 09:30:14.470,3.421,1800
2020-08-18 09:30:15.000,3.421,150000
2020-08-18 09:30:15.280,3.421,32300
2020-08-18 09:30:15.870,3.42,100
2020-08-18 09:30:16.700,3.421,1000
2020-08-18 09:30:17.350,3.421,20000
2020-08-18 09:30:17.410,3.421,10000
2020-08-18 09:30:17.450,3.42,500
2020-08-18 09:30:17.900,3.421,600
2020-08-18 09:30:17.900,3.421,3200
2020-08-18 09:30:17.900,3.421,15000
2020-08-18 09:30:17.900,3.421,6600
2020-08-18 09:30:17.900,3.421,9000
2020-08-18 09:30:17.900,3.421,3000
2020-08-18 09:30:17.900,3.421,5000
2020-08-18 09:30:17.900,3.421,400
2020-08-18 09:30:17.900,3.421,10000
2020-08-18 09:30:17.900,3.421,5200
2020-08-18 09:30:17.900,3.421,2000
2020-08-18 09:30:17.900,3.421,14200
2020-08-18 09:30:17.900,3.421,20000
2020-08-18 09:30:17.900,3.421,3000
2020-08-18 09:30:17.900,3.421,10000
2020-08-18 09:30:17.900,3.421,60000
2020-08-18 09:30:17.900,3.421,400
2020-08-18 09:30:17.900,3.421,5000
2020-08-18 09:30:17.900,3.421,100
2020-08-18 09:30:17.900,3.421,200
2020-08-18 09:30:17.960,3.421,3300
2020-08-18 09:30:18.030,3.422,300
2020-08-18 09:30:18.720,3.422,200
2020-08-18 09:30:18.750,3.421,3000
2020-08-18 09:30:18.810,3.421,20800
2020-08-18 09:30:18.810,3.42,4000
2020-08-18 09:30:18.810,3.42,129900
2020-08-18 09:30:18.810,3.42,10000
2020-08-18 09:30:18.910,3.42,50000
2020-08-18 09:30:20.590,3.42,300000
2020-08-18 09:30:20.620,3.42,52900
2020-08-18 09:30:20.870,3.419,5000
2020-08-18 09:30:21.160,3.419,100
2020-08-18 09:30:21.260,3.42,40000
2020-08-18 09:30:21.260,3.419,60000
2020-08-18 09:30:21.700,3.419,600
2020-08-18 09:30:21.830,3.419,19000
2020-08-18 09:30:21.830,3.419,30000
2020-08-18 09:30:21.830,3.419,10000
2020-08-18 09:30:21.830,3.419,900
2020-08-18 09:30:21.830,3.419,8000
2020-08-18 09:30:22.180,3.42,11700
2020-08-18 09:30:22.300,3.42,280700
2020-08-18 09:30:22.300,3.42,9000
2020-08-18 09:30:22.300,3.42,1900
2020-08-18 09:30:22.600,3.421,1800
2020-08-18 09:30:23.050,3.421,1200
2020-08-18 09:30:23.050,3.421,7800
2020-08-18 09:30:23.150,3.42,600
2020-08-18 09:30:23.180,3.421,600
2020-08-18 09:30:23.280,3.42,7800
2020-08-18 09:30:23.280,3.419,5700
2020-08-18 09:30:23.930,3.419,149100
2020-08-18 09:30:23.930,3.419,2000
2020-08-18 09:30:23.930,3.419,100000
2020-08-18 09:30:24.230,3.419,300000
2020-08-18 09:30:24.920,3.419,100000
2020-08-18 09:30:24.950,3.419,500
2020-08-18 09:30:25.050,3.419,4000
2020-08-18 09:30:25.390,3.419,400
2020-08-18 09:30:25.460,3.419,4200
2020-08-18 09:30:25.600,3.419,80000
2020-08-18 09:30:25.880,3.418,8900
2020-08-18 09:30:25.880,3.418,200
2020-08-18 09:30:25.880,3.418,100
2020-08-18 09:30:25.880,3.418,500
2020-08-18 09:30:25.880,3.418,40000
2020-08-18 09:30:25.880,3.418,200
2020-08-18 09:30:25.880,3.418,19700
2020-08-18 09:30:25.880,3.418,2000
2020-08-18 09:30:25.880,3.418,100
2020-08-18 09:30:25.880,3.418,6000
2020-08-18 09:30:25.880,3.418,60000
2020-08-18 09:30:25.880,3.418,400
2020-08-18 09:30:25.880,3.418,500
2020-08-18 09:30:25.880,3.418,15000
2020-08-18 09:30:25.880,3.418,1000
2020-08-18 09:30:25.880,3.418,1900
2020-08-18 09:30:25.920,3.419,1000
2020-08-18 09:30:25.980,3.419,600
2020-08-18 09:30:26.950,3.419,119900
2020-08-18 09:30:28.200,3.419,1000
2020-08-18 09:30:28.270,3.419,137300
2020-08-18 09:30:28.270,3.419,4300
2020-08-18 09:30:28.270,3.419,17100
2020-08-18 09:30:28.270,3.419,800
2020-08-18 09:30:28.270,3.419,5000
2020-08-18 09:30:28.270,3.42,2900
2020-08-18 09:30:28.270,3.42,10000
2020-08-18 09:30:28.270,3.42,11200
2020-08-18 09:30:28.270,3.421,6600
2020-08-18 09:30:28.270,3.421,20000
2020-08-18 09:30:28.270,3.421,30000
2020-08-18 09:30:28.270,3.421,10000
2020-08-18 09:30:28.270,3.421,600
2020-08-18 09:30:28.270,3.421,20000
2020-08-18 09:30:28.270,3.421,185700
2020-08-18 09:30:28.270,3.421,1000
2020-08-18 09:30:28.270,3.421,1300
2020-08-18 09:30:28.270,3.421,20000
2020-08-18 09:30:28.270,3.421,1500
2020-08-18 09:30:28.270,3.422,114700
2020-08-18 09:30:29.810,3.418,2000
2020-08-18 09:30:31.600,3.42,2000
2020-08-18 09:30:32.070,3.419,4000
2020-08-18 09:30:32.070,3.419,6000
2020-08-18 09:30:32.210,3.419,900
2020-08-18 09:30:32.210,3.418,2100
2020-08-18 09:30:32.210,3.418,100
2020-08-18 09:30:32.210,3.418,700
2020-08-18 09:30:32.210,3.418,3000
2020-08-18 09:30:32.210,3.418,1300
2020-08-18 09:30:32.210,3.418,100
2020-08-18 09:30:32.210,3.418,8800
2020-08-18 09:30:32.210,3.418,600
2020-08-18 09:30:32.210,3.418,5000
2020-08-18 09:30:32.210,3.418,5000
2020-08-18 09:30:32.210,3.418,2800
2020-08-18 09:30:32.210,3.418,7600
2020-08-18 09:30:32.410,3.419,600
2020-08-18 09:30:32.410,3.418,800
2020-08-18 09:30:32.410,3.418,3000
2020-08-18 09:30:32.410,3.418,12900
2020-08-18 09:30:32.910,3.418,6800
2020-08-18 09:30:32.910,3.419,23500
2020-08-18 09:30:33.630,3.42,8000
2020-08-18 09:30:33.630,3.42,3000
2020-08-18 09:30:33.630,3.42,75600
2020-08-18 09:30:34.270,3.419,100
2020-08-18 09:30:34.580,3.419,15000
2020-08-18 09:30:37.110,3.42,7900
2020-08-18 09:30:37.110,3.419,3000
2020-08-18 09:30:39.480,3.419,1800
2020-08-18 09:30:40.100,3.419,1200
2020-08-18 09:30:40.100,3.42,16500
2020-08-18 09:30:40.100,3.42,10000
2020-08-18 09:30:40.100,3.42,1000
2020-08-18 09:30:41.320,3.42,22200
2020-08-18 09:30:41.540,3.42,150300
2020-08-18 09:30:41.600,3.419,155400
2020-08-18 09:30:41.600,3.419,10000
2020-08-18 09:30:41.600,3.419,1500
2020-08-18 09:30:41.600,3.419,100
2020-08-18 09:30:41.600,3.419,14500
2020-08-18 09:30:41.600,3.419,500
2020-08-18 09:30:41.600,3.419,5000
2020-08-18 09:30:41.600,3.419,300
2020-08-18 09:30:42.360,3.419,10000
2020-08-18 09:30:42.450,3.419,600000
2020-08-18 09:30:42.480,3.419,102700
2020-08-18 09:30:42.480,3.419,2000
2020-08-18 09:30:43.320,3.419,195300
2020-08-18 09:30:43.320,3.419,800
2020-08-18 09:30:43.320,3.418,80300
2020-08-18 09:30:43.320,3.418,17000
2020-08-18 09:30:43.320,3.418,50000
2020-08-18 09:30:43.320,3.418,100
2020-08-18 09:30:43.320,3.418,2000
2020-08-18 09:30:43.320,3.418,1000
2020-08-18 09:30:43.320,3.417,200
2020-08-18 09:30:43.320,3.417,300
2020-08-18 09:30:43.320,3.417,200
2020-08-18 09:30:43.320,3.417,20000
2020-08-18 09:30:43.320,3.417,3200
2020-08-18 09:30:43.320,3.417,60000
2020-08-18 09:30:43.320,3.417,469600
2020-08-18 09:30:43.970,3.419,10000
2020-08-18 09:30:43.970,3.419,1500
2020-08-18 09:30:44.000,3.419,2600
2020-08-18 09:30:44.000,3.42,56400
2020-08-18 09:30:44.170,3.419,5600
2020-08-18 09:30:45.720,3.42,49800
2020-08-18 09:30:45.720,3.42,2000
2020-08-18 09:30:46.040,3.42,94200
2020-08-18 09:30:46.320,3.421,10000
2020-08-18 09:30:46.320,3.421,7500
2020-08-18 09:30:46.320,3.421,3000
2020-08-18 09:30:46.320,3.421,579500
2020-08-18 09:30:47.960,3.42,1000
2020-08-18 09:30:48.270,3.42,500
2020-08-18 09:30:48.550,3.421,2900
2020-08-18 09:30:49.270,3.42,1700
2020-08-18 09:30:49.460,3.42,38000
2020-08-18 09:30:49.620,3.42,2000
2020-08-18 09:30:50.630,3.42,110800
2020-08-18 09:30:50.630,3.42,400
2020-08-18 09:30:50.990,3.419,11700
2020-08-18 09:30:51.910,3.42,35100
2020-08-18 09:30:53.070,3.419,6000
2020-08-18 09:30:53.310,3.419,2900
2020-08-18 09:30:53.500,3.419,2200
2020-08-18 09:30:53.810,3.42,153700
2020-08-18 09:30:53.810,3.42,3000
2020-08-18 09:30:54.140,3.42,100000
2020-08-18 09:30:54.810,3.421,14500
2020-08-18 09:30:55.020,3.42,3000
2020-08-18 09:30:55.090,3.42,40300
2020-08-18 09:30:55.090,3.42,300
2020-08-18 09:30:55.090,3.419,1100
2020-08-18 09:30:55.090,3.419,300
2020-08-18 09:30:55.090,3.419,1400
2020-08-18 09:30:55.310,3.419,12200
2020-08-18 09:30:55.400,3.419,100000
2020-08-18 09:30:56.890,3.419,51600
2020-08-18 09:30:56.890,3.419,20000
2020-08-18 09:30:56.890,3.42,28400
2020-08-18 09:30:56.890,3.42,600000
2020-08-18 09:30:58.470,3.419,400
2020-08-18 09:30:58.660,3.419,100
2020-08-18 09:30:58.750,3.419,5800
2020-08-18 09:30:58.750,3.419,10000
2020-08-18 09:30:58.750,3.419,584200
2020-08-18 09:30:59.440,3.418,3000
2020-08-18 09:30:59.440,3.418,3000
2020-08-18 09:30:59.440,3.418,4900
2020-08-18 09:30:59.440,3.419,300000
2020-08-18 09:30:59.860,3.419,11600
2020-08-18 09:31:00.170,3.419,3000
2020-08-18 09:31:00.170,3.419,101200
2020-08-18 09:31:00.170,3.419,2200
2020-08-18 09:31:00.170,3.419,32200
2020-08-18 09:31:00.170,3.42,164400
2020-08-18 09:31:00.970,3.419,19000
2020-08-18 09:31:00.970,3.419,3500
2020-08-18 09:31:01.420,3.42,20200
2020-08-18 09:31:01.950,3.419,1000
2020-08-18 09:31:02.460,3.42,20100
2020-08-18 09:31:02.710,3.419,14100
2020-08-18 09:31:02.780,3.42,300
2020-08-18 09:31:02.980,3.42,66600
2020-08-18 09:31:02.980,3.42,30000
2020-08-18 09:31:02.980,3.42,203400
2020-08-18 09:31:02.980,3.42,80000
2020-08-18 09:31:03.080,3.42,1000
2020-08-18 09:31:03.620,3.419,70100
2020-08-18 09:31:03.680,3.418,900
2020-08-18 09:31:04.160,3.419,233000
2020-08-18 09:31:04.160,3.419,58400
2020-08-18 09:31:04.540,3.418,1200
2020-08-18 09:31:05.320,3.419,300000
2020-08-18 09:31:05.890,3.419,100000
2020-08-18 09:31:06.340,3.418,8000
2020-08-18 09:31:06.340,3.418,7200
2020-08-18 09:31:06.820,3.419,5000
2020-08-18 09:31:08.030,3.419,14600
2020-08-18 09:31:08.330,3.419,17300
2020-08-18 09:31:09.130,3.419,10000
2020-08-18 09:31:09.860,3.418,1400
2020-08-18 09:31:09.860,3.419,300000
2020-08-18 09:31:10.130,3.419,94700
2020-08-18 09:31:10.130,3.419,3000
2020-08-18 09:31:10.130,3.419,502300
2020-08-18 09:31:10.160,3.419,100
2020-08-18 09:31:11.080,3.419,300
2020-08-18 09:31:11.390,3.418,100
2020-08-18 09:31:11.680,3.419,5000
2020-08-18 09:31:11.750,3.419,392300
2020-08-18 09:31:11.750,3.419,1500
2020-08-18 09:31:11.750,3.419,1000
2020-08-18 09:31:11.750,3.419,36400
2020-08-18 09:31:11.750,3.419,2000
2020-08-18 09:31:11.750,3.419,47100
2020-08-18 09:31:11.750,3.419,1000
2020-08-18 09:31:11.750,3.419,17800
2020-08-18 09:31:11.750,3.419,100
2020-08-18 09:31:11.750,3.419,4000
2020-08-18 09:31:11.750,3.419,800
2020-08-18 09:31:11.750,3.419,36600
2020-08-18 09:31:11.970,3.419,19000
2020-08-18 09:31:12.880,3.419,500
2020-08-18 09:31:13.370,3.419,20000
2020-08-18 09:31:13.370,3.42,1000
2020-08-18 09:31:13.650,3.419,19900
2020-08-18 09:31:13.650,3.419,13500
2020-08-18 09:31:14.180,3.419,400
2020-08-18 09:31:14.750,3.42,1000
2020-08-18 09:31:15.800,3.419,200
2020-08-18 09:31:15.800,3.419,800
2020-08-18 09:31:16.050,3.419,299200
2020-08-18 09:31:16.250,3.418,1300
2020-08-18 09:31:16.250,3.418,7200
2020-08-18 09:31:16.540,3.419,8000
2020-08-18 09:31:16.900,3.419,1300
2020-08-18 09:31:16.930,3.419,200
2020-08-18 09:31:17.190,3.419,18000
2020-08-18 09:31:17.350,3.418,500
2020-08-18 09:31:17.600,3.419,57800
2020-08-18 09:31:17.630,3.418,300
2020-08-18 09:31:17.780,3.419,800
2020-08-18 09:31:17.850,3.419,20000
2020-08-18 09:31:17.850,3.419,300000
2020-08-18 09:31:17.910,3.419,30000
2020-08-18 09:31:18.090,3.419,89700
2020-08-18 09:31:18.350,3.418,1700
2020-08-18 09:31:18.440,3.419,7100
2020-08-18 09:31:18.510,3.419,3100
2020-08-18 09:31:18.700,3.419,64800
2020-08-18 09:31:18.820,3.419,3100
2020-08-18 09:31:18.820,3.418,500
2020-08-18 09:31:19.280,3.42,1000
2020-08-18 09:31:19.280,3.42,2000
2020-08-18 09:31:19.830,3.42,10000
2020-08-18 09:31:20.100,3.42,30000
2020-08-18 09:31:20.100,3.42,270000
2020-08-18 09:31:20.130,3.42,600000
2020-08-18 09:31:20.130,3.419,8000
2020-08-18 09:31:20.460,3.42,30000
2020-08-18 09:31:20.460,3.42,100
2020-08-18 09:31:21.160,3.421,8000
2020-08-18 09:31:21.160,3.421,6000
2020-08-18 09:31:21.160,3.421,2000
2020-08-18 09:31:21.160,3.421,200
2020-08-18 09:31:21.160,3.421,10000
2020-08-18 09:31:21.160,3.421,146200
2020-08-18 09:31:21.790,3.421,10000
2020-08-18 09:31:22.750,3.421,2000
2020-08-18 09:31:24.260,3.421,500
2020-08-18 09:31:24.780,3.421,6000
2020-08-18 09:31:24.930,3.421,2000
2020-08-18 09:31:26.040,3.421,107100
2020-08-18 09:31:26.290,3.42,6000
2020-08-18 09:31:28.110,3.42,294000
2020-08-18 09:31:28.110,3.42,1000
2020-08-18 09:31:28.110,3.42,5000
2020-08-18 09:31:28.770,3.42,1600
2020-08-18 09:31:28.770,3.42,2000
2020-08-18 09:31:28.770,3.42,2100
2020-08-18 09:31:28.930,3.42,50000
2020-08-18 09:31:29.290,3.421,800
2020-08-18 09:31:29.370,3.421,200
2020-08-18 09:31:30.140,3.421,8200
2020-08-18 09:31:30.140,3.422,173200
2020-08-18 09:31:30.140,3.422,118600
2020-08-18 09:31:30.470,3.42,1000
2020-08-18 09:31:30.530,3.422,22000
2020-08-18 09:31:30.840,3.422,10000
2020-08-18 09:31:31.140,3.42,3000
2020-08-18 09:31:31.700,3.421,14000
2020-08-18 09:31:31.790,3.421,1300
2020-08-18 09:31:31.880,3.421,34700
2020-08-18 09:31:31.880,3.42,48800
2020-08-18 09:31:32.640,3.421,20000
2020-08-18 09:31:32.710,3.421,100
2020-08-18 09:31:32.710,3.421,1400
2020-08-18 09:31:33.250,3.421,50000
2020-08-18 09:31:33.620,3.42,10000
2020-08-18 09:31:34.040,3.421,8700
2020-08-18 09:31:34.900,3.421,11700
2020-08-18 09:31:35.760,3.421,1000
2020-08-18 09:31:36.520,3.421,300000
2020-08-18 09:31:36.790,3.421,2900
2020-08-18 09:31:36.790,3.42,85100
2020-08-18 09:31:36.790,3.42,127300
2020-08-18 09:31:36.790,3.42,600
2020-08-18 09:31:36.790,3.42,500000
2020-08-18 09:31:36.790,3.42,2000
2020-08-18 09:31:36.790,3.42,9000
2020-08-18 09:31:36.790,3.42,69600
2020-08-18 09:31:37.520,3.42,10000
2020-08-18 09:31:37.690,3.42,96400
2020-08-18 09:31:37.690,3.42,14800
2020-08-18 09:31:37.690,3.421,188800
2020-08-18 09:31:37.990,3.421,100000
2020-08-18 09:31:38.020,3.421,5000
2020-08-18 09:31:38.470,3.421,1000
2020-08-18 09:31:38.940,3.421,1000
2020-08-18 09:31:38.940,3.421,2000
2020-08-18 09:31:39.400,3.421,1700
2020-08-18 09:31:39.500,3.421,10000
2020-08-18 09:31:39.500,3.421,10000
2020-08-18 09:31:39.750,3.421,30000
2020-08-18 09:31:40.170,3.421,174800
2020-08-18 09:31:40.170,3.421,1000
2020-08-18 09:31:40.170,3.421,2000
2020-08-18 09:31:40.170,3.421,1000
2020-08-18 09:31:40.170,3.421,6000
2020-08-18 09:31:40.170,3.421,2700
2020-08-18 09:31:40.170,3.421,1800
2020-08-18 09:31:41.250,3.421,110700
2020-08-18 09:31:41.250,3.421,5000
2020-08-18 09:31:41.250,3.421,500000
2020-08-18 09:31:41.250,3.421,30400
2020-08-18 09:31:41.490,3.421,300
2020-08-18 09:31:41.520,3.421,1000
2020-08-18 09:31:41.520,3.421,252600
2020-08-18 09:31:41.520,3.422,32100
2020-08-18 09:31:41.520,3.422,5000
2020-08-18 09:31:41.520,3.422,500
2020-08-18 09:31:41.520,3.422,9800
2020-08-18 09:31:42.010,3.421,100000
2020-08-18 09:31:42.010,3.42,75000
2020-08-18 09:31:42.010,3.42,40000
2020-08-18 09:31:42.110,3.42,300000
2020-08-18 09:31:42.170,3.42,485000
2020-08-18 09:31:42.530,3.422,20000
2020-08-18 09:31:42.680,3.421,2000
2020-08-18 09:31:43.540,3.421,500
2020-08-18 09:31:44.100,3.421,1900
2020-08-18 09:31:44.300,3.422,13000
2020-08-18 09:31:45.880,3.421,10600
2020-08-18 09:31:45.880,3.421,500
2020-08-18 09:31:46.090,3.421,1000
2020-08-18 09:31:47.790,3.422,3400
2020-08-18 09:31:47.790,3.422,96600
2020-08-18 09:31:48.330,3.422,10000
2020-08-18 09:31:48.560,3.422,10000
2020-08-18 09:31:48.650,3.422,9300
2020-08-18 09:31:49.130,3.421,4200
2020-08-18 09:31:49.270,3.422,15000
2020-08-18 09:31:49.430,3.421,1800
2020-08-18 09:31:49.620,3.422,12300
2020-08-18 09:31:49.620,3.422,500
2020-08-18 09:31:49.620,3.422,87200
2020-08-18 09:31:49.950,3.421,1500
2020-08-18 09:31:50.460,3.422,15600
2020-08-18 09:31:50.460,3.422,500
2020-08-18 09:31:50.460,3.422,200
2020-08-18 09:31:50.460,3.422,9100
2020-08-18 09:31:50.460,3.422,9100
2020-08-18 09:31:50.460,3.422,30000
2020-08-18 09:31:50.460,3.422,5000
2020-08-18 09:31:50.460,3.422,30500
2020-08-18 09:31:50.460,3.422,9500
2020-08-18 09:31:50.460,3.422,3000
2020-08-18 09:31:50.460,3.422,3800
2020-08-18 09:31:50.460,3.422,48000
2020-08-18 09:31:50.460,3.422,10000
2020-08-18 09:31:50.460,3.422,1000
2020-08-18 09:31:50.460,3.422,2000
2020-08-18 09:31:50.460,3.422,22700
2020-08-18 09:31:50.460,3.422,100000
2020-08-18 09:31:50.460,3.422,100000
2020-08-18 09:31:50.460,3.422,70000
2020-08-18 09:31:50.460,3.422,10000
2020-08-18 09:31:50.460,3.422,60000
2020-08-18 09:31:50.800,3.422,12600
2020-08-18 09:31:50.970,3.422,100
2020-08-18 09:31:51.160,3.422,124600
2020-08-18 09:31:51.440,3.422,10000
2020-08-18 09:31:51.880,3.422,20000
2020-08-18 09:31:51.880,3.422,6500
2020-08-18 09:31:52.060,3.422,100
2020-08-18 09:31:53.220,3.422,4000
2020-08-18 09:31:53.560,3.422,15600
2020-08-18 09:31:55.320,3.422,20000
2020-08-18 09:31:55.550,3.423,3800
2020-08-18 09:31:55.550,3.423,6200
2020-08-18 09:31:55.550,3.423,10000
2020-08-18 09:31:57.190,3.422,10000
2020-08-18 09:31:57.460,3.422,17300
2020-08-18 09:31:58.800,3.422,16000
2020-08-18 09:31:58.860,3.422,13500
2020-08-18 09:31:59.350,3.422,1200
2020-08-18 09:31:59.930,3.422,800
2020-08-18 09:32:00.030,3.423,1000
2020-08-18 09:32:00.440,3.422,1000
2020-08-18 09:32:01.180,3.422,800
2020-08-18 09:32:01.240,3.422,38600
2020-08-18 09:32:01.240,3.422,86400
2020-08-18 09:32:02.050,3.423,500
2020-08-18 09:32:02.050,3.423,200
2020-08-18 09:32:02.050,3.423,3200
2020-08-18 09:32:02.050,3.423,500
2020-08-18 09:32:02.050,3.423,600
2020-08-18 09:32:02.050,3.423,2000
2020-08-18 09:32:02.050,3.423,3000
2020-08-18 09:32:02.050,3.423,1100
2020-08-18 09:32:02.050,3.423,38900
2020-08-18 09:32:02.050,3.423,114200
2020-08-18 09:32:02.050,3.423,20000
2020-08-18 09:32:02.050,3.423,100000
2020-08-18 09:32:02.050,3.423,5000
2020-08-18 09:32:02.050,3.423,60800
2020-08-18 09:32:02.340,3.423,42000
2020-08-18 09:32:02.340,3.423,3000
2020-08-18 09:32:02.340,3.423,1000
2020-08-18 09:32:02.340,3.423,1000
2020-08-18 09:32:02.340,3.423,20000
2020-08-18 09:32:02.340,3.423,300
2020-08-18 09:32:02.340,3.423,223800
2020-08-18 09:32:02.420,3.422,2400
2020-08-18 09:32:02.510,3.423,32300
2020-08-18 09:32:02.820,3.422,11200
2020-08-18 09:32:03.100,3.423,100000
2020-08-18 09:32:03.100,3.423,20000
2020-08-18 09:32:03.140,3.422,10000
2020-08-18 09:32:03.520,3.423,100000
2020-08-18 09:32:03.700,3.423,3500
2020-08-18 09:32:03.980,3.423,10000
2020-08-18 09:32:04.620,3.423,20400
2020-08-18 09:32:04.650,3.423,17800
2020-08-18 09:32:04.790,3.422,3400
2020-08-18 09:32:04.790,3.423,700
2020-08-18 09:32:04.980,3.423,14600
2020-08-18 09:32:05.010,3.422,86600
2020-08-18 09:32:05.010,3.422,300000
2020-08-18 09:32:05.010,3.422,13400
2020-08-18 09:32:05.160,3.422,200
2020-08-18 09:32:06.190,3.423,300
2020-08-18 09:32:06.190,3.423,500
2020-08-18 09:32:06.190,3.423,14100
2020-08-18 09:32:06.220,3.422,10000
2020-08-18 09:32:07.090,3.423,2600
2020-08-18 09:32:07.490,3.423,18400
2020-08-18 09:32:07.490,3.423,1600
2020-08-18 09:32:07.490,3.423,3000
2020-08-18 09:32:07.490,3.423,277000
2020-08-18 09:32:07.520,3.423,2600
2020-08-18 09:32:07.520,3.422,2300
2020-08-18 09:32:07.520,3.422,2700
2020-08-18 09:32:07.890,3.423,10000
2020-08-18 09:32:07.980,3.422,2000
2020-08-18 09:32:08.010,3.423,300000
2020-08-18 09:32:08.330,3.423,10000
2020-08-18 09:32:08.330,3.423,10000
2020-08-18 09:32:08.680,3.423,20000
2020-08-18 09:32:09.150,3.423,3000
2020-08-18 09:32:09.190,3.423,30000
2020-08-18 09:32:09.780,3.423,10000
2020-08-18 09:32:10.020,3.423,100000
2020-08-18 09:32:10.020,3.423,100000
2020-08-18 09:32:10.020,3.423,27400
2020-08-18 09:32:10.020,3.423,72600
2020-08-18 09:32:10.020,3.423,50000
2020-08-18 09:32:10.020,3.423,60000
2020-08-18 09:32:10.450,3.423,1000
2020-08-18 09:32:11.550,3.423,30000
2020-08-18 09:32:11.550,3.423,90000
2020-08-18 09:32:11.550,3.423,10000
2020-08-18 09:32:11.550,3.423,100000
2020-08-18 09:32:11.550,3.423,70000
2020-08-18 09:32:11.550,3.423,40000
2020-08-18 09:32:11.550,3.423,20000
2020-08-18 09:32:11.550,3.423,10000
2020-08-18 09:32:11.550,3.423,346400
2020-08-18 09:32:11.550,3.423,42300
2020-08-18 09:32:11.550,3.423,800
2020-08-18 09:32:11.970,3.423,110500
2020-08-18 09:32:11.970,3.423,50000
2020-08-18 09:32:11.970,3.423,40000
2020-08-18 09:32:11.970,3.423,80000
2020-08-18 09:32:11.970,3.423,60000
2020-08-18 09:32:11.970,3.423,34800
2020-08-18 09:32:11.970,3.423,100
2020-08-18 09:32:11.970,3.423,800
2020-08-18 09:32:11.970,3.422,95300
2020-08-18 09:32:11.970,3.422,99900
2020-08-18 09:32:11.970,3.422,700
2020-08-18 09:32:11.970,3.422,10000
2020-08-18 09:32:11.970,3.422,5700
2020-08-18 09:32:11.970,3.422,1000
2020-08-18 09:32:11.970,3.422,14300
2020-08-18 09:32:11.970,3.422,20000
2020-08-18 09:32:11.970,3.422,1800
2020-08-18 09:32:11.970,3.422,87900
2020-08-18 09:32:11.970,3.422,100000
2020-08-18 09:32:11.970,3.422,58000
2020-08-18 09:32:11.970,3.422,29200
2020-08-18 09:32:12.300,3.423,3000
2020-08-18 09:32:12.360,3.422,4000
2020-08-18 09:32:12.530,3.422,1800
2020-08-18 09:32:12.680,3.423,100
2020-08-18 09:32:12.770,3.423,40000
2020-08-18 09:32:12.990,3.423,300000
2020-08-18 09:32:13.050,3.422,10000
2020-08-18 09:32:13.080,3.422,200
2020-08-18 09:32:13.640,3.422,200
2020-08-18 09:32:14.100,3.423,300000
2020-08-18 09:32:14.190,3.423,2000
2020-08-18 09:32:14.260,3.423,1000
2020-08-18 09:32:14.380,3.423,253900
2020-08-18 09:32:14.580,3.424,100
2020-08-18 09:32:14.580,3.424,7600
2020-08-18 09:32:14.580,3.424,6000
2020-08-18 09:32:14.580,3.424,6300
2020-08-18 09:32:14.870,3.424,3700
2020-08-18 09:32:14.870,3.424,6000
2020-08-18 09:32:14.870,3.424,5000
2020-08-18 09:32:14.870,3.424,3300
2020-08-18 09:32:14.870,3.424,1100
2020-08-18 09:32:14.870,3.424,4700
2020-08-18 09:32:14.870,3.424,100
2020-08-18 09:32:14.870,3.424,1000
2020-08-18 09:32:14.870,3.424,1100
2020-08-18 09:32:16.710,3.424,600000
2020-08-18 09:32:17.480,3.424,80000
2020-08-18 09:32:17.480,3.424,100000
2020-08-18 09:32:17.480,3.424,100000
2020-08-18 09:32:17.480,3.424,18900
2020-08-18 09:32:17.480,3.424,1100
2020-08-18 09:32:17.480,3.424,10000
2020-08-18 09:32:19.080,3.423,700
2020-08-18 09:32:19.490,3.423,7600
2020-08-18 09:32:20.140,3.424,3000
2020-08-18 09:32:20.260,3.424,40000
2020-08-18 09:32:20.460,3.424,30000
2020-08-18 09:32:20.720,3.424,500
2020-08-18 09:32:20.780,3.424,15400
2020-08-18 09:32:20.780,3.424,84600
2020-08-18 09:32:20.940,3.423,2000
2020-08-18 09:32:21.010,3.424,10000
2020-08-18 09:32:21.280,3.423,1300
2020-08-18 09:32:22.150,3.424,4600
2020-08-18 09:32:22.660,3.424,600
2020-08-18 09:32:23.200,3.424,40000
2020-08-18 09:32:23.480,3.424,20000
2020-08-18 09:32:23.480,3.424,50000
2020-08-18 09:32:24.040,3.424,8700
2020-08-18 09:32:24.070,3.424,500
2020-08-18 09:32:24.160,3.424,8600
2020-08-18 09:32:24.160,3.424,1000
2020-08-18 09:32:24.190,3.424,31600
2020-08-18 09:32:24.350,3.425,4000
2020-08-18 09:32:24.350,3.425,1000
2020-08-18 09:32:24.350,3.425,600
2020-08-18 09:32:24.350,3.425,500
2020-08-18 09:32:24.350,3.425,5000
2020-08-18 09:32:24.350,3.425,52800
2020-08-18 09:32:24.350,3.425,2000
2020-08-18 09:32:24.350,3.425,2000
2020-08-18 09:32:24.350,3.425,500
2020-08-18 09:32:24.350,3.425,1000
2020-08-18 09:32:24.350,3.425,100
2020-08-18 09:32:24.350,3.425,7000
2020-08-18 09:32:24.350,3.425,500
2020-08-18 09:32:24.350,3.425,100
2020-08-18 09:32:24.350,3.425,10000
2020-08-18 09:32:24.350,3.425,212900
2020-08-18 09:32:26.510,3.425,80000
2020-08-18 09:32:26.510,3.425,100000
2020-08-18 09:32:26.510,3.425,100000
2020-08-18 09:32:26.510,3.425,40000
2020-08-18 09:32:26.510,3.425,100000
2020-08-18 09:32:26.510,3.425,100000
2020-08-18 09:32:26.510,3.425,100000
2020-08-18 09:32:26.510,3.425,67100
2020-08-18 09:32:26.510,3.425,32900
2020-08-18 09:32:26.510,3.425,60000
2020-08-18 09:32:26.510,3.425,40000
2020-08-18 09:32:26.510,3.425,40000
2020-08-18 09:32:26.510,3.425,100000
2020-08-18 09:32:26.510,3.425,40000
2020-08-18 09:32:26.510,3.425,10000
2020-08-18 09:32:26.510,3.425,50000
2020-08-18 09:32:26.510,3.425,40000
2020-08-18 09:32:26.510,3.425,40000
2020-08-18 09:32:26.510,3.425,20000
2020-08-18 09:32:27.310,3.424,9200
2020-08-18 09:32:27.550,3.424,1000
2020-08-18 09:32:28.060,3.424,21400
2020-08-18 09:32:28.760,3.425,427100
2020-08-18 09:32:28.760,3.425,6000
2020-08-18 09:32:28.760,3.425,10000
2020-08-18 09:32:29.070,3.426,1000
2020-08-18 09:32:29.070,3.426,6000
2020-08-18 09:32:29.070,3.426,5000
2020-08-18 09:32:29.070,3.426,45400
2020-08-18 09:32:29.070,3.426,300
2020-08-18 09:32:29.070,3.426,500
2020-08-18 09:32:29.070,3.426,20000
2020-08-18 09:32:29.070,3.426,1300
2020-08-18 09:32:29.070,3.426,300
2020-08-18 09:32:29.070,3.426,5900
2020-08-18 09:32:29.070,3.426,1000
2020-08-18 09:32:29.350,3.426,2000
2020-08-18 09:32:29.480,3.427,100
2020-08-18 09:32:29.480,3.427,1000
2020-08-18 09:32:29.480,3.427,3000
2020-08-18 09:32:29.480,3.427,10000
2020-08-18 09:32:29.480,3.427,5000
2020-08-18 09:32:29.480,3.427,5000
2020-08-18 09:32:29.480,3.427,5000
2020-08-18 09:32:29.480,3.427,6000
2020-08-18 09:32:29.480,3.427,33300
2020-08-18 09:32:29.930,3.426,6000
2020-08-18 09:32:30.850,3.426,4500
2020-08-18 09:32:30.870,3.427,800
2020-08-18 09:32:31.490,3.426,200800
2020-08-18 09:32:31.490,3.426,138300
2020-08-18 09:32:32.380,3.426,15000
2020-08-18 09:32:32.420,3.426,900
2020-08-18 09:32:32.480,3.426,116600
2020-08-18 09:32:32.480,3.427,20800
2020-08-18 09:32:32.480,3.427,1200
2020-08-18 09:32:32.480,3.427,100
2020-08-18 09:32:32.480,3.427,37900
2020-08-18 09:32:32.550,3.426,29200
2020-08-18 09:32:32.550,3.425,139600
2020-08-18 09:32:32.580,3.427,162100
2020-08-18 09:32:32.580,3.427,137900
2020-08-18 09:32:32.700,3.425,10200
2020-08-18 09:32:32.700,3.427,50000
2020-08-18 09:32:33.130,3.425,100
2020-08-18 09:32:34.130,3.426,1500
2020-08-18 09:32:34.620,3.426,2000
2020-08-18 09:32:35.380,3.425,100
2020-08-18 09:32:35.490,3.426,60000
2020-08-18 09:32:35.570,3.426,300000
2020-08-18 09:32:36.500,3.425,5000
2020-08-18 09:32:37.680,3.426,30000
2020-08-18 09:32:37.710,3.426,20000
2020-08-18 09:32:38.310,3.426,1000
2020-08-18 09:32:38.480,3.426,600
2020-08-18 09:32:38.480,3.426,300000
2020-08-18 09:32:38.580,3.426,184900
2020-08-18 09:32:38.580,3.426,115100
2020-08-18 09:32:39.370,3.426,2200
2020-08-18 09:32:39.710,3.426,82700
2020-08-18 09:32:39.710,3.426,32000
2020-08-18 09:32:39.710,3.426,5000
2020-08-18 09:32:39.710,3.427,280300
2020-08-18 09:32:39.860,3.425,1900
2020-08-18 09:32:39.860,3.425,15400
2020-08-18 09:32:40.600,3.427,1000
2020-08-18 09:32:40.760,3.427,1200
2020-08-18 09:32:40.790,3.426,10000
2020-08-18 09:32:40.940,3.426,30000
2020-08-18 09:32:41.070,3.426,9300
2020-08-18 09:32:41.410,3.426,100
2020-08-18 09:32:41.600,3.427,100
2020-08-18 09:32:41.640,3.426,20600
2020-08-18 09:32:41.640,3.426,40000
2020-08-18 09:32:41.640,3.426,6000
2020-08-18 09:32:41.640,3.426,5000
2020-08-18 09:32:41.640,3.425,34600
2020-08-18 09:32:41.640,3.425,2500
2020-08-18 09:32:41.640,3.425,3000
2020-08-18 09:32:41.640,3.425,5000
2020-08-18 09:32:41.640,3.425,10000
2020-08-18 09:32:42.090,3.425,18000
2020-08-18 09:32:42.340,3.425,12000
2020-08-18 09:32:42.370,3.425,10000
2020-08-18 09:32:42.570,3.424,1000
2020-08-18 09:32:43.030,3.425,200
2020-08-18 09:32:43.460,3.425,1900
2020-08-18 09:32:43.800,3.425,1000
2020-08-18 09:32:43.800,3.425,8000
2020-08-18 09:32:44.020,3.425,100
2020-08-18 09:32:44.630,3.426,100
2020-08-18 09:32:44.750,3.425,32000
2020-08-18 09:32:44.750,3.426,14600
2020-08-18 09:32:44.810,3.425,10000
2020-08-18 09:32:45.240,3.426,4200
2020-08-18 09:32:45.490,3.425,20000
2020-08-18 09:32:46.350,3.426,6100
2020-08-18 09:32:46.350,3.426,23900
2020-08-18 09:32:46.660,3.426,276100
2020-08-18 09:32:46.660,3.426,23900
2020-08-18 09:32:47.000,3.425,10000
2020-08-18 09:32:47.020,3.426,2000
2020-08-18 09:32:47.160,3.425,7900
2020-08-18 09:32:47.160,3.425,100000
2020-08-18 09:32:47.160,3.425,10000
2020-08-18 09:32:47.160,3.425,1000
2020-08-18 09:32:47.160,3.425,16800
2020-08-18 09:32:47.490,3.425,100000
2020-08-18 09:32:47.490,3.425,20000
2020-08-18 09:32:47.490,3.425,40000
2020-08-18 09:32:47.780,3.425,300
2020-08-18 09:32:49.760,3.425,43100
2020-08-18 09:32:49.760,3.425,200000
2020-08-18 09:32:49.860,3.426,29200
2020-08-18 09:32:49.890,3.425,10000
2020-08-18 09:32:51.620,3.425,5000
2020-08-18 09:32:51.620,3.425,4000
2020-08-18 09:32:52.270,3.425,37900
2020-08-18 09:32:52.270,3.425,200
2020-08-18 09:32:52.390,3.425,500
2020-08-18 09:32:53.050,3.425,20000
2020-08-18 09:32:53.490,3.425,900
2020-08-18 09:32:53.520,3.425,10000
2020-08-18 09:32:53.850,3.425,3000
2020-08-18 09:32:54.070,3.425,100
2020-08-18 09:32:54.270,3.425,1500
2020-08-18 09:32:54.330,3.425,300
2020-08-18 09:32:54.510,3.425,1100
2020-08-18 09:32:54.980,3.425,90000
2020-08-18 09:32:55.230,3.424,4400
2020-08-18 09:32:55.320,3.425,10400
2020-08-18 09:32:55.600,3.425,218900
2020-08-18 09:32:55.600,3.425,3000
2020-08-18 09:32:55.600,3.425,300000
2020-08-18 09:32:55.600,3.425,25000
2020-08-18 09:32:55.600,3.425,453100
2020-08-18 09:32:55.920,3.425,600
2020-08-18 09:32:56.040,3.425,20000
2020-08-18 09:32:56.230,3.424,10000
2020-08-18 09:32:56.770,3.425,700
2020-08-18 09:32:57.080,3.425,9100
2020-08-18 09:32:57.260,3.425,17400
2020-08-18 09:32:57.450,3.424,2000
2020-08-18 09:32:58.530,3.425,300
2020-08-18 09:32:58.650,3.425,180000
2020-08-18 09:32:58.720,3.425,5400
2020-08-18 09:32:59.410,3.425,4600
2020-08-18 09:32:59.810,3.424,8900
2020-08-18 09:32:59.890,3.424,900
2020-08-18 09:32:59.890,3.424,100
2020-08-18 09:33:00.430,3.425,29500
2020-08-18 09:33:00.770,3.425,800
2020-08-18 09:33:01.290,3.424,4600
2020-08-18 09:33:01.290,3.425,10000
2020-08-18 09:33:01.640,3.424,700
2020-08-18 09:33:01.700,3.425,20000
2020-08-18 09:33:01.700,3.425,12500
2020-08-18 09:33:01.900,3.425,1000
2020-08-18 09:33:01.990,3.425,50000
2020-08-18 09:33:02.140,3.424,200
2020-08-18 09:33:02.500,3.425,100
2020-08-18 09:33:03.660,3.425,300
2020-08-18 09:33:03.760,3.424,3300
2020-08-18 09:33:03.760,3.424,1100
2020-08-18 09:33:03.760,3.424,17800
2020-08-18 09:33:03.760,3.424,1000
2020-08-18 09:33:03.760,3.424,1000
2020-08-18 09:33:03.760,3.424,12000
2020-08-18 09:33:03.760,3.424,10000
2020-08-18 09:33:03.760,3.424,128900
2020-08-18 09:33:03.760,3.424,20000
2020-08-18 09:33:03.760,3.424,3000
2020-08-18 09:33:03.760,3.424,10000
2020-08-18 09:33:03.760,3.424,5000
2020-08-18 09:33:03.760,3.424,200
2020-08-18 09:33:03.760,3.424,100
2020-08-18 09:33:03.760,3.424,200
2020-08-18 09:33:03.760,3.424,3000
2020-08-18 09:33:03.760,3.424,100000
2020-08-18 09:33:04.020,3.423,16700
2020-08-18 09:33:04.020,3.423,10000
2020-08-18 09:33:04.020,3.423,400
2020-08-18 09:33:04.020,3.423,200
2020-08-18 09:33:04.020,3.423,9800
2020-08-18 09:33:04.020,3.423,8500
2020-08-18 09:33:04.020,3.423,2000
2020-08-18 09:33:04.020,3.423,5000
2020-08-18 09:33:04.020,3.423,2300
2020-08-18 09:33:04.020,3.423,10000
2020-08-18 09:33:04.020,3.423,700
2020-08-18 09:33:04.020,3.423,3000
2020-08-18 09:33:04.020,3.423,200
2020-08-18 09:33:04.020,3.423,500
2020-08-18 09:33:04.020,3.423,300
2020-08-18 09:33:04.020,3.423,40000
2020-08-18 09:33:04.760,3.423,2000
2020-08-18 09:33:05.460,3.423,100000
2020-08-18 09:33:05.460,3.423,20000
2020-08-18 09:33:05.460,3.423,30000
2020-08-18 09:33:05.460,3.423,80000
2020-08-18 09:33:05.460,3.423,70000
2020-08-18 09:33:05.460,3.423,10000
2020-08-18 09:33:05.460,3.423,10000
2020-08-18 09:33:05.460,3.423,30000
2020-08-18 09:33:05.460,3.423,20000
2020-08-18 09:33:05.460,3.423,60000
2020-08-18 09:33:05.490,3.423,100000
2020-08-18 09:33:05.490,3.423,100000
2020-08-18 09:33:05.520,3.423,158400
2020-08-18 09:33:06.000,3.424,10000
2020-08-18 09:33:06.330,3.424,10000
2020-08-18 09:33:06.450,3.423,20800
2020-08-18 09:33:06.610,3.424,10000
2020-08-18 09:33:06.650,3.424,8000
2020-08-18 09:33:06.870,3.424,100
2020-08-18 09:33:07.090,3.423,30000
2020-08-18 09:33:07.210,3.424,140000
2020-08-18 09:33:09.250,3.423,78000
2020-08-18 09:33:10.040,3.423,5000
2020-08-18 09:33:10.870,3.423,7800
2020-08-18 09:33:10.870,3.423,100000
2020-08-18 09:33:10.900,3.423,20000
2020-08-18 09:33:12.480,3.423,29000
2020-08-18 09:33:12.580,3.423,1400
2020-08-18 09:33:13.060,3.423,400
2020-08-18 09:33:13.090,3.423,10000
2020-08-18 09:33:13.270,3.423,50000
2020-08-18 09:33:13.440,3.422,82200
2020-08-18 09:33:13.440,3.422,12900
2020-08-18 09:33:13.440,3.422,100
2020-08-18 09:33:13.440,3.422,12400
2020-08-18 09:33:13.440,3.422,3000
2020-08-18 09:33:13.750,3.423,500
2020-08-18 09:33:13.960,3.422,6000
2020-08-18 09:33:13.960,3.422,200
2020-08-18 09:33:13.960,3.422,5000
2020-08-18 09:33:13.960,3.422,100
2020-08-18 09:33:13.960,3.422,1000
2020-08-18 09:33:13.960,3.422,600
2020-08-18 09:33:14.350,3.422,127700
2020-08-18 09:33:15.110,3.422,10000
2020-08-18 09:33:15.110,3.422,18200
2020-08-18 09:33:15.650,3.422,2000
2020-08-18 09:33:16.390,3.422,5000
2020-08-18 09:33:16.450,3.421,3700
2020-08-18 09:33:16.970,3.422,124200
2020-08-18 09:33:16.970,3.422,300000
2020-08-18 09:33:16.970,3.422,13900
2020-08-18 09:33:17.050,3.422,10000
2020-08-18 09:33:17.240,3.422,2000
2020-08-18 09:33:18.990,3.421,15000
2020-08-18 09:33:19.540,3.422,40000
2020-08-18 09:33:20.800,3.422,142700
2020-08-18 09:33:20.840,3.421,1000
2020-08-18 09:33:20.930,3.421,2300
2020-08-18 09:33:20.930,3.421,16700
2020-08-18 09:33:20.930,3.421,800
2020-08-18 09:33:20.930,3.421,100
2020-08-18 09:33:20.930,3.421,60000
2020-08-18 09:33:20.930,3.421,5800
2020-08-18 09:33:20.930,3.421,2000
2020-08-18 09:33:20.930,3.421,100000
2020-08-18 09:33:21.640,3.42,10000
2020-08-18 09:33:22.600,3.421,60000
2020-08-18 09:33:22.690,3.421,10000
2020-08-18 09:33:23.270,3.42,47900
2020-08-18 09:33:23.270,3.42,700
2020-08-18 09:33:23.270,3.42,1100
2020-08-18 09:33:23.270,3.42,500
2020-08-18 09:33:23.270,3.42,500
2020-08-18 09:33:23.270,3.42,300
2020-08-18 09:33:23.270,3.42,1100
2020-08-18 09:33:23.270,3.42,500
2020-08-18 09:33:23.270,3.42,3000
2020-08-18 09:33:23.270,3.42,30000
2020-08-18 09:33:23.270,3.42,6000
2020-08-18 09:33:23.270,3.42,8700
2020-08-18 09:33:23.270,3.42,2800
2020-08-18 09:33:23.270,3.42,1100
2020-08-18 09:33:23.270,3.42,7400
2020-08-18 09:33:23.270,3.42,300
2020-08-18 09:33:23.270,3.42,40000
2020-08-18 09:33:23.270,3.42,2100
2020-08-18 09:33:23.510,3.42,100000
2020-08-18 09:33:23.510,3.42,10000
2020-08-18 09:33:23.510,3.42,60000
2020-08-18 09:33:23.510,3.42,50000
2020-08-18 09:33:23.540,3.42,60000
2020-08-18 09:33:24.280,3.419,2000
2020-08-18 09:33:24.280,3.419,5000
2020-08-18 09:33:24.280,3.419,16700
2020-08-18 09:33:24.280,3.419,4600
2020-08-18 09:33:24.280,3.419,200
2020-08-18 09:33:24.280,3.419,10000
2020-08-18 09:33:24.280,3.419,14600
2020-08-18 09:33:24.280,3.419,200
2020-08-18 09:33:24.280,3.419,10000
2020-08-18 09:33:24.280,3.419,100
2020-08-18 09:33:24.280,3.419,400
2020-08-18 09:33:24.280,3.419,20800
2020-08-18 09:33:24.570,3.42,1500
2020-08-18 09:33:24.570,3.42,10000
2020-08-18 09:33:24.570,3.42,30000
2020-08-18 09:33:24.570,3.42,30000
2020-08-18 09:33:25.350,3.42,100
2020-08-18 09:33:25.560,3.419,9500
2020-08-18 09:33:25.840,3.42,300000
2020-08-18 09:33:26.060,3.42,300
2020-08-18 09:33:26.060,3.419,9700
2020-08-18 09:33:26.060,3.419,3100
2020-08-18 09:33:26.330,3.42,10000
2020-08-18 09:33:26.520,3.42,30000
2020-08-18 09:33:26.520,3.42,54100
2020-08-18 09:33:26.520,3.42,45900
2020-08-18 09:33:26.520,3.42,40000
2020-08-18 09:33:26.520,3.42,22700
2020-08-18 09:33:26.520,3.42,57300
2020-08-18 09:33:26.610,3.42,55000
2020-08-18 09:33:27.760,3.419,17500
2020-08-18 09:33:27.880,3.42,7500
2020-08-18 09:33:27.940,3.419,11400
2020-08-18 09:33:28.440,3.42,5000
2020-08-18 09:33:28.550,3.419,31100
2020-08-18 09:33:28.550,3.419,50000
2020-08-18 09:33:28.550,3.419,50000
2020-08-18 09:33:28.550,3.419,40000
2020-08-18 09:33:29.210,3.419,100
2020-08-18 09:33:29.280,3.419,50000
2020-08-18 09:33:29.280,3.419,400000
2020-08-18 09:33:29.430,3.419,59700
2020-08-18 09:33:29.430,3.419,2000
2020-08-18 09:33:29.430,3.419,2000
2020-08-18 09:33:29.650,3.419,29500
2020-08-18 09:33:29.940,3.42,100
2020-08-18 09:33:30.470,3.419,5000
2020-08-18 09:33:31.560,3.419,1800
2020-08-18 09:33:31.560,3.419,8200
2020-08-18 09:33:31.910,3.419,18700
2020-08-18 09:33:32.090,3.419,13100
2020-08-18 09:33:32.090,3.419,200
2020-08-18 09:33:32.090,3.419,19800
2020-08-18 09:33:32.710,3.42,1200
2020-08-18 09:33:33.090,3.42,300
2020-08-18 09:33:33.250,3.42,3000
2020-08-18 09:33:33.250,3.419,100
2020-08-18 09:33:33.280,3.419,9000
2020-08-18 09:33:34.050,3.419,90900
2020-08-18 09:33:34.050,3.419,30200
2020-08-18 09:33:34.200,3.419,50000
2020-08-18 09:33:34.520,3.419,60000
2020-08-18 09:33:34.670,3.419,50000
2020-08-18 09:33:35.470,3.419,18900
2020-08-18 09:33:35.470,3.419,11800
2020-08-18 09:33:35.470,3.419,22600
2020-08-18 09:33:35.470,3.419,6000
2020-08-18 09:33:35.590,3.419,6200
2020-08-18 09:33:36.010,3.42,3000
2020-08-18 09:33:36.010,3.419,1000
2020-08-18 09:33:36.110,3.42,10100
2020-08-18 09:33:36.890,3.42,500
2020-08-18 09:33:36.890,3.42,12000
2020-08-18 09:33:37.150,3.42,100000
2020-08-18 09:33:37.330,3.419,12800
2020-08-18 09:33:37.330,3.419,50000
2020-08-18 09:33:37.330,3.419,28200
2020-08-18 09:33:37.930,3.42,200
2020-08-18 09:33:39.160,3.419,10000
2020-08-18 09:33:39.650,3.419,100
2020-08-18 09:33:39.800,3.42,10000
2020-08-18 09:33:40.030,3.419,1700
2020-08-18 09:33:40.030,3.419,1800
2020-08-18 09:33:40.160,3.419,18200
2020-08-18 09:33:40.570,3.42,200
2020-08-18 09:33:40.780,3.419,10000
2020-08-18 09:33:41.930,3.419,4000
2020-08-18 09:33:42.350,3.419,300
2020-08-18 09:33:42.350,3.42,29300
2020-08-18 09:33:42.570,3.419,6300
2020-08-18 09:33:43.560,3.419,259400
2020-08-18 09:33:43.560,3.419,50000
2020-08-18 09:33:43.560,3.419,100000
2020-08-18 09:33:43.560,3.419,40000
2020-08-18 09:33:43.560,3.419,5000
2020-08-18 09:33:43.690,3.419,2000
2020-08-18 09:33:44.200,3.419,20000
2020-08-18 09:33:44.290,3.419,40000
2020-08-18 09:33:44.470,3.419,10000
2020-08-18 09:33:44.470,3.419,40000
2020-08-18 09:33:44.470,3.419,40000
2020-08-18 09:33:44.470,3.419,10000
2020-08-18 09:33:44.470,3.419,100000
2020-08-18 09:33:44.470,3.419,30000
2020-08-18 09:33:44.470,3.419,20000
2020-08-18 09:33:44.470,3.419,50000
2020-08-18 09:33:44.570,3.419,83600
2020-08-18 09:33:44.570,3.419,216400
2020-08-18 09:33:44.570,3.419,8100
2020-08-18 09:33:44.690,3.419,300
2020-08-18 09:33:45.080,3.418,1000
2020-08-18 09:33:45.080,3.418,5000
2020-08-18 09:33:45.080,3.418,10000
2020-08-18 09:33:45.080,3.418,2000
2020-08-18 09:33:45.080,3.418,500
2020-08-18 09:33:45.080,3.418,300
2020-08-18 09:33:45.080,3.418,10000
2020-08-18 09:33:45.080,3.418,300
2020-08-18 09:33:45.080,3.418,6000
2020-08-18 09:33:45.080,3.418,9100
2020-08-18 09:33:45.080,3.418,200
2020-08-18 09:33:45.080,3.418,40000
2020-08-18 09:33:45.080,3.418,100
2020-08-18 09:33:45.080,3.418,40000
2020-08-18 09:33:45.080,3.418,10000
2020-08-18 09:33:45.080,3.418,40000
2020-08-18 09:33:45.080,3.418,300000
2020-08-18 09:33:45.080,3.417,218400
2020-08-18 09:33:45.080,3.417,3000
2020-08-18 09:33:45.080,3.417,600
2020-08-18 09:33:45.080,3.417,100000
2020-08-18 09:33:45.080,3.417,6000
2020-08-18 09:33:45.080,3.417,1300
2020-08-18 09:33:45.080,3.417,1000
2020-08-18 09:33:45.080,3.417,2000
2020-08-18 09:33:45.080,3.417,300
2020-08-18 09:33:45.080,3.417,1000
2020-08-18 09:33:45.080,3.417,50000
2020-08-18 09:33:45.080,3.417,40000
2020-08-18 09:33:45.080,3.417,40000
2020-08-18 09:33:45.080,3.417,16300
2020-08-18 09:33:45.080,3.417,1000
2020-08-18 09:33:45.080,3.417,24700
2020-08-18 09:33:45.080,3.416,200
2020-08-18 09:33:45.080,3.416,100
2020-08-18 09:33:45.080,3.416,3000
2020-08-18 09:33:45.080,3.416,3000
2020-08-18 09:33:45.080,3.416,600
2020-08-18 09:33:45.080,3.416,10000
2020-08-18 09:33:45.080,3.416,1200
2020-08-18 09:33:45.080,3.416,1800
2020-08-18 09:33:45.180,3.419,44800
2020-08-18 09:33:45.180,3.419,5200
2020-08-18 09:33:45.330,3.419,4800
2020-08-18 09:33:45.330,3.419,35200
2020-08-18 09:33:45.390,3.419,2000
2020-08-18 09:33:45.520,3.419,30000
2020-08-18 09:33:45.520,3.419,12400
2020-08-18 09:33:45.520,3.419,3400
2020-08-18 09:33:45.760,3.42,9100
2020-08-18 09:33:45.760,3.42,300000
2020-08-18 09:33:45.760,3.42,296200
2020-08-18 09:33:45.760,3.42,3800
2020-08-18 09:33:46.380,3.419,5900
2020-08-18 09:33:46.500,3.42,20000
2020-08-18 09:33:46.530,3.419,1500
2020-08-18 09:33:46.810,3.42,1500
2020-08-18 09:33:47.130,3.419,1900
2020-08-18 09:33:47.380,3.42,1000
2020-08-18 09:33:47.530,3.42,80000
2020-08-18 09:33:47.530,3.42,69700
2020-08-18 09:33:47.530,3.42,30300
2020-08-18 09:33:47.530,3.42,100000
2020-08-18 09:33:47.530,3.42,30000
2020-08-18 09:33:47.530,3.42,80000
2020-08-18 09:33:47.530,3.42,10000
2020-08-18 09:33:47.700,3.42,40000
2020-08-18 09:33:47.830,3.419,1000
2020-08-18 09:33:47.990,3.42,3000
2020-08-18 09:33:48.150,3.419,3900
2020-08-18 09:33:48.150,3.419,16100
2020-08-18 09:33:48.300,3.419,13900
2020-08-18 09:33:48.300,3.419,100000
2020-08-18 09:33:48.300,3.419,2000
2020-08-18 09:33:48.300,3.419,40000
2020-08-18 09:33:48.360,3.419,12200
2020-08-18 09:33:48.600,3.419,2900
2020-08-18 09:33:49.050,3.419,50000
2020-08-18 09:33:49.050,3.419,50000
2020-08-18 09:33:49.050,3.419,50000
2020-08-18 09:33:49.770,3.419,28400
2020-08-18 09:33:50.060,3.418,40000
2020-08-18 09:33:50.060,3.418,300000
2020-08-18 09:33:50.060,3.416,4000
2020-08-18 09:33:50.060,3.416,1000
2020-08-18 09:33:50.060,3.416,100000
2020-08-18 09:33:50.060,3.416,300
2020-08-18 09:33:50.060,3.416,30600
2020-08-18 09:33:50.060,3.416,93000
2020-08-18 09:33:50.060,3.416,500
2020-08-18 09:33:50.060,3.416,300000
2020-08-18 09:33:50.060,3.415,500
2020-08-18 09:33:50.060,3.415,200
2020-08-18 09:33:50.060,3.415,100
2020-08-18 09:33:50.060,3.415,20000
2020-08-18 09:33:50.060,3.415,10000
2020-08-18 09:33:50.060,3.415,100
2020-08-18 09:33:50.060,3.415,1000
2020-08-18 09:33:50.060,3.415,10000
2020-08-18 09:33:50.060,3.415,88700
2020-08-18 09:33:50.600,3.418,3000
2020-08-18 09:33:50.600,3.415,11300
2020-08-18 09:33:50.600,3.415,100
2020-08-18 09:33:50.600,3.415,2000
2020-08-18 09:33:50.600,3.415,600
2020-08-18 09:33:50.600,3.415,4400
2020-08-18 09:33:50.600,3.415,400
2020-08-18 09:33:50.600,3.415,1000
2020-08-18 09:33:50.600,3.415,10200
2020-08-18 09:33:50.600,3.418,1000
2020-08-18 09:33:50.920,3.418,200
2020-08-18 09:33:51.240,3.418,50000
2020-08-18 09:33:51.240,3.418,38800
2020-08-18 09:33:51.240,3.418,4400
2020-08-18 09:33:51.240,3.419,256800
2020-08-18 09:33:51.240,3.419,293800
2020-08-18 09:33:51.240,3.419,500
2020-08-18 09:33:51.240,3.419,1500
2020-08-18 09:33:51.240,3.419,4200
2020-08-18 09:33:51.470,3.419,295800
2020-08-18 09:33:51.470,3.419,1700
2020-08-18 09:33:51.500,3.419,2500
2020-08-18 09:33:51.680,3.419,11400
2020-08-18 09:33:52.260,3.419,30000
2020-08-18 09:33:52.670,3.419,700
2020-08-18 09:33:52.860,3.42,212000
2020-08-18 09:33:52.890,3.419,4000
2020-08-18 09:33:52.890,3.419,15000
2020-08-18 09:33:53.820,3.419,47100
2020-08-18 09:33:55.130,3.419,8000
2020-08-18 09:33:55.780,3.419,100
2020-08-18 09:33:55.990,3.419,10000
2020-08-18 09:33:56.780,3.419,3000
2020-08-18 09:33:57.090,3.419,2400
2020-08-18 09:33:57.930,3.419,100
2020-08-18 09:33:58.030,3.419,300
2020-08-18 09:33:58.090,3.419,167900
2020-08-18 09:33:58.090,3.419,2500
2020-08-18 09:33:58.090,3.419,2000
2020-08-18 09:33:58.220,3.418,1000
2020-08-18 09:33:58.220,3.418,4000
2020-08-18 09:33:58.340,3.418,36000
2020-08-18 09:33:58.340,3.418,2900
2020-08-18 09:33:58.340,3.418,100000
2020-08-18 09:33:58.340,3.418,4600
2020-08-18 09:33:58.340,3.417,40000
2020-08-18 09:33:58.340,3.417,40000
2020-08-18 09:33:58.340,3.417,68300
2020-08-18 09:33:58.490,3.419,60000
2020-08-18 09:33:58.660,3.417,20900
2020-08-18 09:33:59.550,3.419,12400
2020-08-18 09:33:59.650,3.419,1000
2020-08-18 09:34:00.650,3.419,100
2020-08-18 09:34:01.900,3.418,4400
2020-08-18 09:34:01.900,3.418,100
2020-08-18 09:34:02.100,3.418,15000
2020-08-18 09:34:02.430,3.418,10000
2020-08-18 09:34:02.720,3.418,2000
2020-08-18 09:34:03.160,3.418,1500
2020-08-18 09:34:03.470,3.417,10800
2020-08-18 09:34:03.470,3.417,4000
2020-08-18 09:34:03.470,3.417,200
2020-08-18 09:34:04.110,3.417,2000
2020-08-18 09:34:05.800,3.417,100
2020-08-18 09:34:06.060,3.416,10000
2020-08-18 09:34:06.060,3.416,3600
2020-08-18 09:34:06.060,3.416,1000
2020-08-18 09:34:06.060,3.416,10000
2020-08-18 09:34:06.060,3.416,9600
2020-08-18 09:34:06.120,3.415,89800
2020-08-18 09:34:06.120,3.415,10000
2020-08-18 09:34:06.120,3.415,200200
2020-08-18 09:34:06.300,3.416,13300
2020-08-18 09:34:06.690,3.415,199800
2020-08-18 09:34:06.690,3.415,200
2020-08-18 09:34:06.690,3.415,500
2020-08-18 09:34:06.690,3.415,40000
2020-08-18 09:34:06.930,3.415,2000
2020-08-18 09:34:07.300,3.415,57500
2020-08-18 09:34:07.790,3.417,2000
2020-08-18 09:34:07.910,3.416,66300
2020-08-18 09:34:07.910,3.416,100000
2020-08-18 09:34:07.940,3.415,133700
2020-08-18 09:34:07.940,3.417,166300
2020-08-18 09:34:08.380,3.415,100000
2020-08-18 09:34:09.470,3.415,2500
2020-08-18 09:34:09.990,3.414,200
2020-08-18 09:34:09.990,3.414,100
2020-08-18 09:34:09.990,3.414,1000
2020-08-18 09:34:09.990,3.414,100
2020-08-18 09:34:09.990,3.414,3000
2020-08-18 09:34:09.990,3.414,3000
2020-08-18 09:34:09.990,3.414,100000
2020-08-18 09:34:09.990,3.414,300
2020-08-18 09:34:09.990,3.414,5000
2020-08-18 09:34:09.990,3.413,200
2020-08-18 09:34:09.990,3.413,100
2020-08-18 09:34:09.990,3.413,1000
2020-08-18 09:34:09.990,3.413,500
2020-08-18 09:34:09.990,3.413,5000
2020-08-18 09:34:10.510,3.413,60000
2020-08-18 09:34:11.600,3.416,3000
2020-08-18 09:34:11.600,3.416,2900
2020-08-18 09:34:11.790,3.414,33200
2020-08-18 09:34:13.610,3.412,500
2020-08-18 09:34:13.610,3.412,200
2020-08-18 09:34:13.610,3.412,100
2020-08-18 09:34:13.610,3.412,3000
2020-08-18 09:34:13.610,3.412,1000
2020-08-18 09:34:13.610,3.412,3000
2020-08-18 09:34:13.610,3.412,5000
2020-08-18 09:34:13.610,3.412,100
2020-08-18 09:34:13.610,3.412,200
2020-08-18 09:34:13.610,3.412,4500
2020-08-18 09:34:13.610,3.412,98000
2020-08-18 09:34:14.080,3.412,2000
2020-08-18 09:34:14.080,3.412,900
2020-08-18 09:34:14.120,3.412,39100
2020-08-18 09:34:14.640,3.412,8000
2020-08-18 09:34:14.930,3.412,252900
2020-08-18 09:34:14.930,3.412,185900
2020-08-18 09:34:15.090,3.411,300
2020-08-18 09:34:15.120,3.412,114100
2020-08-18 09:34:15.120,3.412,120500
2020-08-18 09:34:15.660,3.413,3600
2020-08-18 09:34:15.760,3.413,1600
2020-08-18 09:34:17.270,3.412,65400
2020-08-18 09:34:17.270,3.411,4700
2020-08-18 09:34:17.270,3.411,200
2020-08-18 09:34:17.270,3.411,10000
2020-08-18 09:34:17.270,3.411,3000
2020-08-18 09:34:17.270,3.411,100
2020-08-18 09:34:17.270,3.411,1000
2020-08-18 09:34:17.270,3.411,5000
2020-08-18 09:34:17.270,3.411,5000
2020-08-18 09:34:17.270,3.411,600
2020-08-18 09:34:17.270,3.411,2000
2020-08-18 09:34:17.270,3.411,30000
2020-08-18 09:34:17.270,3.411,1000
2020-08-18 09:34:17.270,3.411,700
2020-08-18 09:34:17.270,3.411,5000
2020-08-18 09:34:17.270,3.411,100
2020-08-18 09:34:17.270,3.411,500
2020-08-18 09:34:17.270,3.411,5000
2020-08-18 09:34:17.270,3.411,40000
2020-08-18 09:34:17.270,3.411,50000
2020-08-18 09:34:17.270,3.41,200
2020-08-18 09:34:17.270,3.41,2000
2020-08-18 09:34:17.270,3.41,5000
2020-08-18 09:34:17.270,3.41,200
2020-08-18 09:34:17.270,3.41,100
2020-08-18 09:34:17.270,3.41,1000
2020-08-18 09:34:17.270,3.41,100
2020-08-18 09:34:17.270,3.41,1000
2020-08-18 09:34:17.270,3.41,2000
2020-08-18 09:34:17.270,3.41,5800
2020-08-18 09:34:17.270,3.41,300
2020-08-18 09:34:17.270,3.41,300
2020-08-18 09:34:17.270,3.41,3000
2020-08-18 09:34:17.270,3.41,300
2020-08-18 09:34:17.270,3.41,15000
2020-08-18 09:34:17.270,3.41,20000
2020-08-18 09:34:17.270,3.41,76600
2020-08-18 09:34:17.270,3.41,10000
2020-08-18 09:34:17.270,3.41,6000
2020-08-18 09:34:17.270,3.41,5000
2020-08-18 09:34:17.270,3.41,6000
2020-08-18 09:34:17.270,3.41,10000
2020-08-18 09:34:17.270,3.41,10000
2020-08-18 09:34:17.270,3.41,20000
2020-08-18 09:34:17.270,3.41,14600
2020-08-18 09:34:17.270,3.41,3000
2020-08-18 09:34:17.270,3.41,1000
2020-08-18 09:34:17.270,3.41,100
2020-08-18 09:34:17.270,3.41,700
2020-08-18 09:34:17.270,3.41,100
2020-08-18 09:34:17.270,3.41,1300
2020-08-18 09:34:17.490,3.412,3000
2020-08-18 09:34:17.680,3.413,3600
2020-08-18 09:34:18.610,3.412,3000
2020-08-18 09:34:18.630,3.412,800
2020-08-18 09:34:19.110,3.413,500
2020-08-18 09:34:19.540,3.413,1100
2020-08-18 09:34:20.070,3.413,41000
2020-08-18 09:34:20.070,3.413,10000
2020-08-18 09:34:20.160,3.413,43400
2020-08-18 09:34:20.370,3.413,100000
2020-08-18 09:34:20.760,3.413,6500
2020-08-18 09:34:21.500,3.413,22300
2020-08-18 09:34:21.760,3.413,4700
2020-08-18 09:34:23.270,3.414,300000
2020-08-18 09:34:23.380,3.412,20000
2020-08-18 09:34:24.120,3.412,1700
2020-08-18 09:34:24.510,3.413,10000
2020-08-18 09:34:24.510,3.413,12500
2020-08-18 09:34:24.870,3.413,5400
2020-08-18 09:34:25.080,3.413,18300
2020-08-18 09:34:25.640,3.413,600
2020-08-18 09:34:25.830,3.413,54200
2020-08-18 09:34:26.020,3.412,300
2020-08-18 09:34:26.230,3.413,10000
2020-08-18 09:34:26.270,3.413,100
2020-08-18 09:34:27.180,3.412,100
2020-08-18 09:34:27.210,3.412,800
2020-08-18 09:34:27.420,3.412,200000
2020-08-18 09:34:27.980,3.413,2000
2020-08-18 09:34:28.970,3.413,100
2020-08-18 09:34:29.010,3.412,30000
2020-08-18 09:34:29.070,3.412,1800
2020-08-18 09:34:29.260,3.413,100
2020-08-18 09:34:29.880,3.412,3800
2020-08-18 09:34:30.260,3.412,2700
2020-08-18 09:34:30.920,3.413,800
2020-08-18 09:34:31.020,3.413,100
2020-08-18 09:34:31.330,3.412,2100
2020-08-18 09:34:31.330,3.412,500
2020-08-18 09:34:31.330,3.412,4400
2020-08-18 09:34:31.440,3.412,295600
2020-08-18 09:34:31.440,3.412,100000
2020-08-18 09:34:31.440,3.412,100
2020-08-18 09:34:31.440,3.412,2400
2020-08-18 09:34:31.680,3.411,14800
2020-08-18 09:34:32.240,3.412,3500
2020-08-18 09:34:32.500,3.412,55300
2020-08-18 09:34:33.000,3.412,200
2020-08-18 09:34:33.150,3.412,50000
2020-08-18 09:34:33.190,3.412,20000
2020-08-18 09:34:33.190,3.412,100
2020-08-18 09:34:33.380,3.412,300000
2020-08-18 09:34:34.590,3.411,25200
2020-08-18 09:34:34.590,3.411,11400
2020-08-18 09:34:34.590,3.411,40000
2020-08-18 09:34:34.590,3.411,50000
2020-08-18 09:34:34.590,3.411,50000
2020-08-18 09:34:34.590,3.411,46000
2020-08-18 09:34:34.890,3.412,72800
2020-08-18 09:34:34.890,3.412,5000
2020-08-18 09:34:34.890,3.412,522200
2020-08-18 09:34:35.080,3.412,10000
2020-08-18 09:34:35.230,3.412,300000
2020-08-18 09:34:35.360,3.411,800
2020-08-18 09:34:35.540,3.412,20000
2020-08-18 09:34:35.540,3.412,30000
2020-08-18 09:34:35.780,3.412,17800
2020-08-18 09:34:35.780,3.412,500
2020-08-18 09:34:35.780,3.412,200
2020-08-18 09:34:35.780,3.412,100
2020-08-18 09:34:35.780,3.412,1400
2020-08-18 09:34:36.640,3.411,400
2020-08-18 09:34:36.670,3.412,100
2020-08-18 09:34:36.700,3.412,100
2020-08-18 09:34:36.700,3.412,100
2020-08-18 09:34:37.190,3.412,4900
2020-08-18 09:34:37.190,3.412,400
2020-08-18 09:34:37.190,3.412,34700
2020-08-18 09:34:37.450,3.411,3000
2020-08-18 09:34:37.640,3.412,7100
2020-08-18 09:34:37.640,3.412,1100
2020-08-18 09:34:37.730,3.412,300
2020-08-18 09:34:37.730,3.412,5100
2020-08-18 09:34:38.000,3.412,5300
2020-08-18 09:34:38.100,3.413,600
2020-08-18 09:34:38.760,3.412,18400
2020-08-18 09:34:39.130,3.412,2700
2020-08-18 09:34:39.130,3.412,100
2020-08-18 09:34:39.130,3.412,6000
2020-08-18 09:34:39.130,3.411,30800
2020-08-18 09:34:39.250,3.413,3000
2020-08-18 09:34:39.660,3.412,1800
2020-08-18 09:34:39.660,3.411,8200
2020-08-18 09:34:40.080,3.413,10000
2020-08-18 09:34:40.450,3.411,14800
2020-08-18 09:34:41.080,3.412,2000
2020-08-18 09:34:41.080,3.412,800
2020-08-18 09:34:41.080,3.411,145200
2020-08-18 09:34:41.300,3.411,50000
2020-08-18 09:34:41.450,3.411,47600
2020-08-18 09:34:41.450,3.411,2400
2020-08-18 09:34:41.990,3.412,4000
2020-08-18 09:34:42.110,3.412,1000
2020-08-18 09:34:42.110,3.411,9000
2020-08-18 09:34:42.490,3.412,1500
2020-08-18 09:34:42.490,3.411,500
2020-08-18 09:34:42.670,3.411,9000
2020-08-18 09:34:42.670,3.413,3500
2020-08-18 09:34:43.250,3.411,15000
2020-08-18 09:34:43.280,3.412,10000
2020-08-18 09:34:43.370,3.413,40000
2020-08-18 09:34:43.710,3.412,3200
2020-08-18 09:34:43.900,3.412,200
2020-08-18 09:34:44.110,3.412,6200
2020-08-18 09:34:44.630,3.413,40000
2020-08-18 09:34:44.630,3.413,30000
2020-08-18 09:34:44.630,3.413,10000
2020-08-18 09:34:45.100,3.412,10000
2020-08-18 09:34:45.130,3.413,395500
2020-08-18 09:34:45.130,3.413,200
2020-08-18 09:34:45.130,3.413,5000
2020-08-18 09:34:45.130,3.413,30000
2020-08-18 09:34:45.130,3.413,800
2020-08-18 09:34:45.130,3.413,5900
2020-08-18 09:34:45.130,3.413,23500
2020-08-18 09:34:45.130,3.413,4700
2020-08-18 09:34:45.130,3.413,500
2020-08-18 09:34:45.130,3.414,62900
2020-08-18 09:34:45.130,3.414,5300
2020-08-18 09:34:45.130,3.414,100
2020-08-18 09:34:45.130,3.414,1600
2020-08-18 09:34:45.130,3.414,5000
2020-08-18 09:34:45.130,3.414,30000
2020-08-18 09:34:45.130,3.415,29000
2020-08-18 09:34:45.220,3.415,6000
2020-08-18 09:34:45.510,3.412,10400
2020-08-18 09:34:45.510,3.412,10000
2020-08-18 09:34:45.510,3.412,13600
2020-08-18 09:34:46.110,3.412,6400
2020-08-18 09:34:46.110,3.412,200
2020-08-18 09:34:46.110,3.412,36800
2020-08-18 09:34:46.140,3.412,500
2020-08-18 09:34:46.430,3.412,7500
2020-08-18 09:34:46.680,3.412,14700
2020-08-18 09:34:47.620,3.413,2000
2020-08-18 09:34:47.620,3.412,10000
2020-08-18 09:34:47.620,3.412,1500
2020-08-18 09:34:47.620,3.411,23000
2020-08-18 09:34:48.010,3.412,300
2020-08-18 09:34:48.190,3.412,100
2020-08-18 09:34:48.420,3.412,13900
2020-08-18 09:34:48.420,3.412,5000
2020-08-18 09:34:48.590,3.413,500
2020-08-18 09:34:48.810,3.413,100
2020-08-18 09:34:49.330,3.413,14800
2020-08-18 09:34:49.420,3.413,44600
2020-08-18 09:34:49.420,3.413,40000
2020-08-18 09:34:49.420,3.412,21100
2020-08-18 09:34:49.420,3.412,150400
2020-08-18 09:34:49.420,3.412,9100
2020-08-18 09:34:49.420,3.412,40000
2020-08-18 09:34:49.420,3.411,241100
2020-08-18 09:34:49.420,3.411,1000
2020-08-18 09:34:49.420,3.411,40000
2020-08-18 09:34:49.420,3.411,3000
2020-08-18 09:34:49.420,3.411,50000
2020-08-18 09:34:49.420,3.411,50000
2020-08-18 09:34:49.420,3.411,50000
2020-08-18 09:34:49.420,3.411,50000
2020-08-18 09:34:49.420,3.411,209700
2020-08-18 09:34:50.220,3.413,300
2020-08-18 09:34:50.470,3.413,2100
2020-08-18 09:34:51.340,3.413,10000
2020-08-18 09:34:51.550,3.413,100
2020-08-18 09:34:51.550,3.411,200
2020-08-18 09:34:51.550,3.411,2700
2020-08-18 09:34:51.880,3.412,200
2020-08-18 09:34:52.120,3.413,100
2020-08-18 09:34:52.190,3.413,2900
2020-08-18 09:34:52.860,3.412,1000
2020-08-18 09:34:53.070,3.413,1000
2020-08-18 09:34:53.810,3.413,2900
2020-08-18 09:34:53.910,3.412,1000
2020-08-18 09:34:54.180,3.412,3800
2020-08-18 09:34:54.180,3.412,500
2020-08-18 09:34:54.180,3.412,500
2020-08-18 09:34:54.280,3.413,293200
2020-08-18 09:34:54.280,3.413,306800
2020-08-18 09:34:54.340,3.412,2400
2020-08-18 09:34:54.590,3.413,100
2020-08-18 09:34:54.800,3.413,5600
2020-08-18 09:34:55.370,3.412,30000
2020-08-18 09:34:55.440,3.412,5100
2020-08-18 09:34:55.440,3.412,9000
2020-08-18 09:34:55.650,3.413,9400
2020-08-18 09:34:56.150,3.413,300
2020-08-18 09:34:57.290,3.413,77800
2020-08-18 09:34:57.290,3.413,3400
2020-08-18 09:34:57.290,3.414,130000
2020-08-18 09:34:57.290,3.414,100
2020-08-18 09:34:57.290,3.414,10000
2020-08-18 09:34:57.290,3.414,78700
2020-08-18 09:34:57.470,3.412,5000
2020-08-18 09:34:57.470,3.412,5000
2020-08-18 09:34:57.530,3.412,1200
2020-08-18 09:34:57.560,3.412,1500
2020-08-18 09:34:58.210,3.411,600
2020-08-18 09:34:58.210,3.411,5800
2020-08-18 09:34:58.570,3.412,2200
2020-08-18 09:34:58.680,3.412,35100
2020-08-18 09:34:58.680,3.412,200
2020-08-18 09:35:00.130,3.413,13900
2020-08-18 09:35:00.440,3.413,3400
2020-08-18 09:35:00.740,3.413,2000
2020-08-18 09:35:00.860,3.412,2500
2020-08-18 09:35:00.890,3.412,300
2020-08-18 09:35:01.400,3.412,28600
2020-08-18 09:35:01.400,3.412,1100
2020-08-18 09:35:01.740,3.412,1500
2020-08-18 09:35:02.180,3.412,5200
2020-08-18 09:35:02.360,3.412,12800
2020-08-18 09:35:02.850,3.412,1600
2020-08-18 09:35:02.970,3.413,5000
2020-08-18 09:35:03.380,3.412,6400
2020-08-18 09:35:03.750,3.411,14200
2020-08-18 09:35:03.750,3.411,2900
2020-08-18 09:35:03.750,3.411,282900
2020-08-18 09:35:04.050,3.411,17100
2020-08-18 09:35:04.050,3.411,5000
2020-08-18 09:35:04.050,3.411,200
2020-08-18 09:35:04.050,3.411,127700
2020-08-18 09:35:04.120,3.412,200
2020-08-18 09:35:04.340,3.411,172300
2020-08-18 09:35:04.340,3.411,100
2020-08-18 09:35:04.620,3.411,9500
2020-08-18 09:35:05.140,3.411,100000
2020-08-18 09:35:06.650,3.411,5000
2020-08-18 09:35:06.750,3.411,10000
2020-08-18 09:35:07.350,3.411,3100
2020-08-18 09:35:07.350,3.411,6900
2020-08-18 09:35:07.430,3.41,300
2020-08-18 09:35:07.430,3.41,4700
2020-08-18 09:35:07.970,3.41,35600
2020-08-18 09:35:07.970,3.41,500
2020-08-18 09:35:07.970,3.41,2000
2020-08-18 09:35:07.970,3.41,6000
2020-08-18 09:35:07.970,3.41,2000
2020-08-18 09:35:07.970,3.41,1000
2020-08-18 09:35:07.970,3.41,1100
2020-08-18 09:35:07.970,3.41,200
2020-08-18 09:35:07.970,3.41,3000
2020-08-18 09:35:07.970,3.41,100
2020-08-18 09:35:07.970,3.41,4000
2020-08-18 09:35:07.970,3.41,10000
2020-08-18 09:35:07.970,3.41,4000
2020-08-18 09:35:07.970,3.41,300
2020-08-18 09:35:07.970,3.41,2000
2020-08-18 09:35:07.970,3.41,5000
2020-08-18 09:35:07.970,3.41,5000
2020-08-18 09:35:07.970,3.41,33400
2020-08-18 09:35:08.530,3.411,4000
2020-08-18 09:35:10.280,3.411,2000
2020-08-18 09:35:10.620,3.41,7400
2020-08-18 09:35:10.800,3.411,287100
2020-08-18 09:35:10.800,3.411,12900
2020-08-18 09:35:11.050,3.411,3000
2020-08-18 09:35:11.340,3.41,19200
2020-08-18 09:35:11.340,3.41,100000
2020-08-18 09:35:11.340,3.41,9000
2020-08-18 09:35:12.240,3.41,171800
2020-08-18 09:35:12.240,3.41,2500
2020-08-18 09:35:12.240,3.411,125700
2020-08-18 09:35:12.390,3.41,2000
2020-08-18 09:35:12.950,3.41,9000
2020-08-18 09:35:14.040,3.41,30000
2020-08-18 09:35:14.060,3.41,9000
2020-08-18 09:35:14.060,3.41,1000
2020-08-18 09:35:14.120,3.41,80000
2020-08-18 09:35:14.440,3.41,15700
2020-08-18 09:35:15.060,3.41,12800
2020-08-18 09:35:15.850,3.411,500
2020-08-18 09:35:15.880,3.411,4500
2020-08-18 09:35:16.430,3.41,100000
2020-08-18 09:35:16.590,3.411,2000
2020-08-18 09:35:17.910,3.411,1400
2020-08-18 09:35:18.280,3.412,6000
2020-08-18 09:35:18.980,3.411,2800
2020-08-18 09:35:19.160,3.411,500
2020-08-18 09:35:20.030,3.411,6100
2020-08-18 09:35:20.490,3.411,8800
2020-08-18 09:35:20.520,3.411,11700
2020-08-18 09:35:20.770,3.411,1000
2020-08-18 09:35:22.460,3.411,500
2020-08-18 09:35:23.090,3.411,10500
2020-08-18 09:35:23.670,3.412,29400
2020-08-18 09:35:23.670,3.411,8100
2020-08-18 09:35:24.420,3.411,5700
2020-08-18 09:35:24.420,3.412,3000
2020-08-18 09:35:24.540,3.411,5000
2020-08-18 09:35:25.300,3.411,14300
2020-08-18 09:35:25.510,3.412,300
2020-08-18 09:35:26.020,3.411,100
2020-08-18 09:35:26.350,3.411,7400
2020-08-18 09:35:26.820,3.412,11100
2020-08-18 09:35:26.820,3.412,200
2020-08-18 09:35:26.820,3.412,1100
2020-08-18 09:35:26.820,3.412,8800
2020-08-18 09:35:26.820,3.412,1500
2020-08-18 09:35:26.820,3.412,1600
2020-08-18 09:35:26.820,3.412,205000
2020-08-18 09:35:26.820,3.412,2700
2020-08-18 09:35:26.820,3.412,100
2020-08-18 09:35:26.820,3.412,67900
2020-08-18 09:35:26.950,3.411,30600
2020-08-18 09:35:27.140,3.411,50000
2020-08-18 09:35:27.170,3.411,10000
2020-08-18 09:35:27.320,3.411,30000
2020-08-18 09:35:27.380,3.411,36800
2020-08-18 09:35:28.730,3.411,4200
2020-08-18 09:35:29.430,3.411,500
2020-08-18 09:35:29.430,3.411,1600
2020-08-18 09:35:29.430,3.41,77900
2020-08-18 09:35:29.590,3.41,26600
2020-08-18 09:35:29.590,3.41,200
2020-08-18 09:35:29.590,3.41,500
2020-08-18 09:35:29.590,3.41,2000
2020-08-18 09:35:29.590,3.41,3000
2020-08-18 09:35:29.590,3.41,2000
2020-08-18 09:35:29.590,3.41,800
2020-08-18 09:35:29.590,3.41,5000
2020-08-18 09:35:29.590,3.41,20000
2020-08-18 09:35:29.590,3.409,5000
2020-08-18 09:35:29.590,3.409,200
2020-08-18 09:35:29.590,3.409,100
2020-08-18 09:35:29.590,3.409,1000
2020-08-18 09:35:29.590,3.409,1000
2020-08-18 09:35:29.590,3.409,100
2020-08-18 09:35:29.590,3.409,3000
2020-08-18 09:35:29.590,3.409,1000
2020-08-18 09:35:29.590,3.409,1000
2020-08-18 09:35:29.590,3.409,6100
2020-08-18 09:35:29.590,3.409,300
2020-08-18 09:35:29.590,3.409,8800
2020-08-18 09:35:29.590,3.409,20000
2020-08-18 09:35:29.590,3.409,13500
2020-08-18 09:35:31.360,3.41,3000
2020-08-18 09:35:32.140,3.41,10000
2020-08-18 09:35:32.170,3.41,5100
2020-08-18 09:35:32.270,3.41,14200
2020-08-18 09:35:32.270,3.411,4000
2020-08-18 09:35:32.270,3.411,1800
2020-08-18 09:35:32.750,3.411,2000
2020-08-18 09:35:33.630,3.41,10000
2020-08-18 09:35:33.840,3.411,6000
2020-08-18 09:35:33.910,3.41,4500
2020-08-18 09:35:34.090,3.411,400
2020-08-18 09:35:34.650,3.41,500
2020-08-18 09:35:35.690,3.41,35000
2020-08-18 09:35:37.440,3.41,5700
2020-08-18 09:35:37.440,3.41,10000
2020-08-18 09:35:39.250,3.41,16300
2020-08-18 09:35:40.050,3.411,500
2020-08-18 09:35:40.120,3.41,28000
2020-08-18 09:35:40.120,3.41,7000
2020-08-18 09:35:40.120,3.409,86500
2020-08-18 09:35:40.120,3.409,200
2020-08-18 09:35:40.120,3.409,19300
2020-08-18 09:35:40.390,3.409,700
2020-08-18 09:35:40.390,3.409,3000
2020-08-18 09:35:40.390,3.409,26000
2020-08-18 09:35:40.390,3.409,3000
2020-08-18 09:35:40.390,3.409,100
2020-08-18 09:35:40.390,3.409,4300
2020-08-18 09:35:40.390,3.408,5000
2020-08-18 09:35:40.390,3.408,200
2020-08-18 09:35:40.390,3.408,100
2020-08-18 09:35:40.390,3.408,100
2020-08-18 09:35:40.390,3.408,1000
2020-08-18 09:35:40.390,3.408,10000
2020-08-18 09:35:40.390,3.408,2000
2020-08-18 09:35:40.390,3.408,20000
2020-08-18 09:35:40.390,3.408,300
2020-08-18 09:35:40.390,3.408,500
2020-08-18 09:35:40.390,3.408,700
2020-08-18 09:35:40.390,3.408,100
2020-08-18 09:35:40.390,3.408,1000
2020-08-18 09:35:40.390,3.408,1900
2020-08-18 09:35:40.740,3.41,100
2020-08-18 09:35:41.350,3.41,600
2020-08-18 09:35:41.540,3.41,300
2020-08-18 09:35:42.830,3.41,700
2020-08-18 09:35:42.830,3.41,1000
2020-08-18 09:35:42.920,3.41,100
2020-08-18 09:35:43.000,3.41,100
2020-08-18 09:35:43.880,3.41,2900
2020-08-18 09:35:46.190,3.41,500
2020-08-18 09:35:47.080,3.41,30000
2020-08-18 09:35:47.080,3.41,10000
2020-08-18 09:35:47.080,3.41,30000
2020-08-18 09:35:47.390,3.41,5000
2020-08-18 09:35:47.580,3.41,2900
2020-08-18 09:35:48.000,3.409,500
2020-08-18 09:35:48.110,3.41,30000
2020-08-18 09:35:48.110,3.41,30000
2020-08-18 09:35:48.550,3.41,300
2020-08-18 09:35:48.710,3.41,8800
2020-08-18 09:35:49.250,3.41,1000
2020-08-18 09:35:49.500,3.41,10000
2020-08-18 09:35:49.590,3.41,300
2020-08-18 09:35:49.920,3.41,63600
2020-08-18 09:35:49.920,3.41,42000
2020-08-18 09:35:49.920,3.41,6000
2020-08-18 09:35:49.920,3.41,2100
2020-08-18 09:35:49.920,3.41,6300
2020-08-18 09:35:49.920,3.41,5000
2020-08-18 09:35:49.920,3.41,12300
2020-08-18 09:35:49.920,3.41,6000
2020-08-18 09:35:49.920,3.41,20000
2020-08-18 09:35:50.350,3.411,100
2020-08-18 09:35:50.500,3.41,2300
2020-08-18 09:35:51.150,3.411,20000
2020-08-18 09:35:51.760,3.41,18500
2020-08-18 09:35:52.060,3.41,20900
2020-08-18 09:35:52.060,3.41,200
2020-08-18 09:35:52.060,3.41,400
2020-08-18 09:35:52.430,3.41,1000
2020-08-18 09:35:52.520,3.41,3000
2020-08-18 09:35:52.940,3.41,20100
2020-08-18 09:35:53.070,3.41,300
2020-08-18 09:35:53.470,3.41,2800
2020-08-18 09:35:53.890,3.41,5300
2020-08-18 09:35:53.950,3.41,67100
2020-08-18 09:35:53.950,3.41,100
2020-08-18 09:35:53.950,3.41,1900
2020-08-18 09:35:53.950,3.41,5000
2020-08-18 09:35:53.950,3.41,50000
2020-08-18 09:35:53.950,3.41,50000
2020-08-18 09:35:54.110,3.41,1300
2020-08-18 09:35:54.360,3.409,300
2020-08-18 09:35:54.860,3.41,50000
2020-08-18 09:35:55.020,3.41,10000
2020-08-18 09:35:55.540,3.41,1300
2020-08-18 09:35:55.700,3.41,50000
2020-08-18 09:35:56.160,3.41,50000
2020-08-18 09:35:56.160,3.41,50000
2020-08-18 09:35:56.460,3.41,400
2020-08-18 09:35:56.520,3.41,10000
2020-08-18 09:35:56.520,3.41,40000
2020-08-18 09:35:56.520,3.41,30000
2020-08-18 09:35:56.520,3.41,20000
2020-08-18 09:35:56.520,3.41,30000
2020-08-18 09:35:56.520,3.41,100000
2020-08-18 09:35:56.520,3.41,30000
2020-08-18 09:35:56.520,3.41,10000
2020-08-18 09:35:56.520,3.41,30000
2020-08-18 09:35:56.520,3.41,10000
2020-08-18 09:35:56.520,3.41,100000
2020-08-18 09:35:56.520,3.41,20000
2020-08-18 09:35:56.520,3.41,40000
2020-08-18 09:35:56.520,3.41,10000
2020-08-18 09:35:56.650,3.41,132900
2020-08-18 09:35:56.650,3.41,500
2020-08-18 09:35:56.650,3.41,2500
2020-08-18 09:35:56.650,3.41,70000
2020-08-18 09:35:56.650,3.411,10000
2020-08-18 09:35:56.650,3.411,10000
2020-08-18 09:35:56.650,3.411,2000
2020-08-18 09:35:56.650,3.411,4400
2020-08-18 09:35:56.650,3.411,11500
2020-08-18 09:35:56.650,3.411,500
2020-08-18 09:35:56.650,3.411,200
2020-08-18 09:35:56.650,3.411,2000
2020-08-18 09:35:56.650,3.411,3000
2020-08-18 09:35:56.650,3.412,87600
2020-08-18 09:35:56.650,3.412,29500
2020-08-18 09:35:56.650,3.412,233400
2020-08-18 09:35:57.350,3.409,3400
2020-08-18 09:35:57.350,3.409,1600
2020-08-18 09:35:58.080,3.409,600
2020-08-18 09:35:58.490,3.41,10000
2020-08-18 09:35:58.650,3.409,27800
2020-08-18 09:35:58.650,3.409,2200
2020-08-18 09:35:59.340,3.41,800
2020-08-18 09:35:59.530,3.41,89200
2020-08-18 09:35:59.530,3.41,10800
2020-08-18 09:35:59.600,3.409,10000
2020-08-18 09:36:00.090,3.409,3000
2020-08-18 09:36:01.350,3.409,5000
2020-08-18 09:36:02.300,3.41,200
2020-08-18 09:36:02.680,3.41,6600
2020-08-18 09:36:03.020,3.41,400
2020-08-18 09:36:03.280,3.409,4500
2020-08-18 09:36:03.310,3.41,10000
2020-08-18 09:36:03.370,3.409,12300
2020-08-18 09:36:03.460,3.41,2000
2020-08-18 09:36:03.830,3.41,5000
2020-08-18 09:36:04.160,3.41,1500
2020-08-18 09:36:04.160,3.41,2000
2020-08-18 09:36:04.160,3.41,1500
2020-08-18 09:36:04.370,3.41,500
2020-08-18 09:36:04.370,3.41,500
2020-08-18 09:36:04.490,3.41,1000
2020-08-18 09:36:04.970,3.409,9200
2020-08-18 09:36:05.870,3.409,2000
2020-08-18 09:36:06.690,3.41,3500
2020-08-18 09:36:06.690,3.41,400
2020-08-18 09:36:06.690,3.41,300
2020-08-18 09:36:06.690,3.41,800
2020-08-18 09:36:07.230,3.409,10000
2020-08-18 09:36:09.820,3.409,41800
2020-08-18 09:36:09.820,3.409,4200
2020-08-18 09:36:09.820,3.409,4000
2020-08-18 09:36:09.860,3.409,300
2020-08-18 09:36:09.860,3.409,10000
2020-08-18 09:36:09.860,3.409,4100
2020-08-18 09:36:09.860,3.409,3600
2020-08-18 09:36:09.960,3.41,1400
2020-08-18 09:36:10.060,3.41,100
2020-08-18 09:36:10.250,3.409,700
2020-08-18 09:36:10.250,3.409,9200
2020-08-18 09:36:10.430,3.409,1500
2020-08-18 09:36:10.460,3.41,16400
2020-08-18 09:36:12.370,3.41,1300
2020-08-18 09:36:12.370,3.41,8700
2020-08-18 09:36:13.040,3.409,2000
2020-08-18 09:36:13.220,3.409,37300
2020-08-18 09:36:13.220,3.409,2000
2020-08-18 09:36:13.220,3.409,35900
2020-08-18 09:36:13.220,3.409,2000
2020-08-18 09:36:13.220,3.409,10000
2020-08-18 09:36:13.220,3.409,10000
2020-08-18 09:36:13.220,3.409,5000
2020-08-18 09:36:13.220,3.409,100
2020-08-18 09:36:13.220,3.409,2000
2020-08-18 09:36:13.220,3.409,500
2020-08-18 09:36:13.220,3.409,10000
2020-08-18 09:36:13.220,3.408,68100
2020-08-18 09:36:13.220,3.408,15700
2020-08-18 09:36:13.220,3.408,4000
2020-08-18 09:36:13.220,3.408,100
2020-08-18 09:36:13.220,3.408,600
2020-08-18 09:36:13.220,3.408,4000
2020-08-18 09:36:13.220,3.408,100
2020-08-18 09:36:13.220,3.408,30000
2020-08-18 09:36:13.220,3.408,18100
2020-08-18 09:36:13.970,3.409,200
2020-08-18 09:36:14.430,3.409,6600
2020-08-18 09:36:15.260,3.409,5000
2020-08-18 09:36:15.830,3.409,5000
2020-08-18 09:36:16.710,3.409,700
2020-08-18 09:36:16.710,3.409,500
2020-08-18 09:36:16.990,3.409,2400
2020-08-18 09:36:17.260,3.409,4800
2020-08-18 09:36:17.260,3.409,19000
2020-08-18 09:36:17.580,3.409,3300
2020-08-18 09:36:18.240,3.409,3000
2020-08-18 09:36:18.330,3.409,50000
2020-08-18 09:36:18.570,3.408,851100
2020-08-18 09:36:19.710,3.409,15300
2020-08-18 09:36:20.130,3.409,5000
2020-08-18 09:36:20.290,3.408,130800
2020-08-18 09:36:20.290,3.408,123600
2020-08-18 09:36:20.290,3.408,1300
2020-08-18 09:36:20.290,3.408,10000
2020-08-18 09:36:20.290,3.408,5000
2020-08-18 09:36:20.290,3.408,2000
2020-08-18 09:36:20.290,3.408,10000
2020-08-18 09:36:20.290,3.408,100
2020-08-18 09:36:20.290,3.408,1000
2020-08-18 09:36:20.290,3.408,10000
2020-08-18 09:36:20.290,3.408,500
2020-08-18 09:36:20.290,3.408,200
2020-08-18 09:36:20.290,3.408,5500
2020-08-18 09:36:21.090,3.409,10000
2020-08-18 09:36:21.170,3.408,100
2020-08-18 09:36:21.550,3.409,60000
2020-08-18 09:36:21.590,3.409,200
2020-08-18 09:36:21.590,3.408,144400
2020-08-18 09:36:21.590,3.408,10000
2020-08-18 09:36:21.590,3.408,200
2020-08-18 09:36:21.590,3.408,5000
2020-08-18 09:36:21.590,3.408,50000
2020-08-18 09:36:21.730,3.408,300
2020-08-18 09:36:21.850,3.408,50000
2020-08-18 09:36:21.880,3.408,2000
2020-08-18 09:36:22.170,3.408,38100
2020-08-18 09:36:22.170,3.408,11900
2020-08-18 09:36:22.960,3.408,100
2020-08-18 09:36:23.540,3.408,100000
2020-08-18 09:36:23.540,3.408,20000
2020-08-18 09:36:24.690,3.408,500
2020-08-18 09:36:26.500,3.408,60000
2020-08-18 09:36:26.500,3.408,70000
2020-08-18 09:36:26.500,3.408,10000
2020-08-18 09:36:26.500,3.408,10000
2020-08-18 09:36:26.500,3.408,100000
2020-08-18 09:36:26.500,3.408,30000
2020-08-18 09:36:26.560,3.408,10000
2020-08-18 09:36:27.470,3.408,3000
2020-08-18 09:36:27.590,3.407,800
2020-08-18 09:36:28.490,3.408,5000
2020-08-18 09:36:28.710,3.408,100
2020-08-18 09:36:29.210,3.408,5000
2020-08-18 09:36:29.560,3.408,14400
2020-08-18 09:36:29.560,3.408,5600
2020-08-18 09:36:29.560,3.408,4300
2020-08-18 09:36:29.560,3.408,5000
2020-08-18 09:36:29.560,3.408,50700
2020-08-18 09:36:30.420,3.408,1000
2020-08-18 09:36:30.480,3.407,1400
2020-08-18 09:36:31.110,3.408,2000
2020-08-18 09:36:31.210,3.407,2800
2020-08-18 09:36:31.210,3.407,200
2020-08-18 09:36:31.210,3.407,100
2020-08-18 09:36:31.210,3.407,11000
2020-08-18 09:36:31.210,3.407,1000
2020-08-18 09:36:31.210,3.407,13000
2020-08-18 09:36:31.210,3.407,11500
2020-08-18 09:36:31.310,3.408,24900
2020-08-18 09:36:32.490,3.408,1400
2020-08-18 09:36:32.490,3.408,8600
2020-08-18 09:36:32.680,3.408,5200
2020-08-18 09:36:32.680,3.408,6000
2020-08-18 09:36:32.680,3.408,900
2020-08-18 09:36:32.680,3.408,2000
2020-08-18 09:36:32.680,3.409,14500
2020-08-18 09:36:33.030,3.407,20000
2020-08-18 09:36:33.090,3.408,2000
2020-08-18 09:36:33.350,3.408,100
2020-08-18 09:36:33.530,3.408,1000
2020-08-18 09:36:34.030,3.407,2800
2020-08-18 09:36:35.550,3.408,200
2020-08-18 09:36:35.550,3.408,30000
2020-08-18 09:36:35.550,3.408,9800
2020-08-18 09:36:36.280,3.408,500
2020-08-18 09:36:36.960,3.407,900
2020-08-18 09:36:36.990,3.408,2400
2020-08-18 09:36:37.120,3.407,18300
2020-08-18 09:36:37.150,3.407,6500
2020-08-18 09:36:37.150,3.408,7500
2020-08-18 09:36:37.150,3.408,500
2020-08-18 09:36:37.150,3.408,4700
2020-08-18 09:36:37.370,3.407,1100
2020-08-18 09:36:38.220,3.408,300
2020-08-18 09:36:38.590,3.408,2300
2020-08-18 09:36:38.590,3.407,500
2020-08-18 09:36:39.080,3.408,100
2020-08-18 09:36:40.310,3.408,5000
2020-08-18 09:36:41.110,3.408,1500
2020-08-18 09:36:41.580,3.408,100000
2020-08-18 09:36:41.580,3.408,40000
2020-08-18 09:36:41.580,3.408,100000
2020-08-18 09:36:41.810,3.407,1000
2020-08-18 09:36:41.990,3.408,236500
2020-08-18 09:36:42.090,3.408,30000
2020-08-18 09:36:42.090,3.408,20000
2020-08-18 09:36:42.610,3.408,3000
2020-08-18 09:36:43.130,3.408,3700
2020-08-18 09:36:43.200,3.407,1600
2020-08-18 09:36:43.290,3.408,20000
2020-08-18 09:36:43.600,3.408,300000
2020-08-18 09:36:44.220,3.407,3000
2020-08-18 09:36:44.280,3.407,2700
2020-08-18 09:36:44.560,3.408,40200
2020-08-18 09:36:44.560,3.408,1000
2020-08-18 09:36:44.560,3.408,58800
2020-08-18 09:36:44.560,3.408,100000
2020-08-18 09:36:44.560,3.408,60000
2020-08-18 09:36:44.560,3.408,20000
2020-08-18 09:36:44.890,3.407,17000
2020-08-18 09:36:45.020,3.407,43100
2020-08-18 09:36:45.020,3.407,3000
2020-08-18 09:36:45.020,3.407,6100
2020-08-18 09:36:45.020,3.407,5000
2020-08-18 09:36:45.020,3.407,1000
2020-08-18 09:36:45.020,3.407,3400
2020-08-18 09:36:45.610,3.408,61200
2020-08-18 09:36:45.610,3.408,38800
2020-08-18 09:36:45.800,3.408,1000
2020-08-18 09:36:46.440,3.407,1600
2020-08-18 09:36:46.440,3.407,800
2020-08-18 09:36:46.650,3.408,600000
2020-08-18 09:36:47.050,3.407,30000
2020-08-18 09:36:47.050,3.407,5100
2020-08-18 09:36:47.050,3.407,10000
2020-08-18 09:36:47.050,3.407,4900
2020-08-18 09:36:47.220,3.407,100
2020-08-18 09:36:47.220,3.407,5000
2020-08-18 09:36:47.220,3.407,2000
2020-08-18 09:36:47.220,3.407,22600
2020-08-18 09:36:47.250,3.407,27400
2020-08-18 09:36:47.250,3.407,3200
2020-08-18 09:36:47.250,3.407,100000
2020-08-18 09:36:47.250,3.407,5000
2020-08-18 09:36:47.250,3.407,50000
2020-08-18 09:36:47.250,3.407,1500
2020-08-18 09:36:47.250,3.407,40000
2020-08-18 09:36:47.250,3.407,5000
2020-08-18 09:36:47.250,3.407,1000
2020-08-18 09:36:47.250,3.407,40000
2020-08-18 09:36:47.250,3.407,26900
2020-08-18 09:36:48.350,3.408,100000
2020-08-18 09:36:48.620,3.407,13100
2020-08-18 09:36:48.620,3.407,48300
2020-08-18 09:36:49.960,3.407,20000
2020-08-18 09:36:49.990,3.407,20000
2020-08-18 09:36:49.990,3.407,10000
2020-08-18 09:36:50.500,3.408,1000
2020-08-18 09:36:50.620,3.408,159200
2020-08-18 09:36:50.620,3.408,500
2020-08-18 09:36:50.620,3.408,140300
2020-08-18 09:36:50.840,3.407,2500
2020-08-18 09:36:50.840,3.407,7500
2020-08-18 09:36:51.150,3.407,10000
2020-08-18 09:36:51.500,3.407,5000
2020-08-18 09:36:51.690,3.408,300000
2020-08-18 09:36:51.690,3.408,300000
2020-08-18 09:36:51.690,3.407,200
2020-08-18 09:36:51.690,3.408,500
2020-08-18 09:36:51.880,3.408,14600
2020-08-18 09:36:52.420,3.407,3500
2020-08-18 09:36:52.780,3.407,14000
2020-08-18 09:36:52.850,3.407,800
2020-08-18 09:36:52.850,3.408,400
2020-08-18 09:36:54.570,3.408,115600
2020-08-18 09:36:55.100,3.407,500
2020-08-18 09:36:55.170,3.408,28600
2020-08-18 09:36:55.250,3.409,3000
2020-08-18 09:36:55.250,3.409,100
2020-08-18 09:36:55.250,3.409,2100
2020-08-18 09:36:55.250,3.409,10000
2020-08-18 09:36:55.250,3.409,4500
2020-08-18 09:36:55.250,3.409,9000
2020-08-18 09:36:55.250,3.409,6000
2020-08-18 09:36:55.250,3.409,4300
2020-08-18 09:36:55.250,3.409,1000
2020-08-18 09:36:55.660,3.409,10400
2020-08-18 09:36:55.660,3.409,1200
2020-08-18 09:36:55.660,3.409,500
2020-08-18 09:36:55.660,3.409,70500
2020-08-18 09:36:55.660,3.409,1000
2020-08-18 09:36:55.660,3.41,216400
2020-08-18 09:36:55.810,3.408,11400
2020-08-18 09:36:55.810,3.408,7600
2020-08-18 09:36:56.010,3.408,500
2020-08-18 09:36:56.140,3.41,30000
2020-08-18 09:36:56.730,3.409,21100
2020-08-18 09:36:57.640,3.409,1000
2020-08-18 09:36:58.470,3.409,300
2020-08-18 09:36:58.620,3.409,3000
2020-08-18 09:36:58.680,3.409,10000
2020-08-18 09:36:58.770,3.409,2800
2020-08-18 09:37:00.410,3.409,50000
2020-08-18 09:37:00.440,3.409,7000
2020-08-18 09:37:00.500,3.409,1700
2020-08-18 09:37:01.300,3.409,225500
2020-08-18 09:37:01.300,3.409,40000
2020-08-18 09:37:01.300,3.409,300000
2020-08-18 09:37:01.300,3.409,300000
2020-08-18 09:37:01.300,3.409,26200
2020-08-18 09:37:01.300,3.409,8300
2020-08-18 09:37:02.160,3.408,1500
2020-08-18 09:37:02.160,3.408,2700
2020-08-18 09:37:02.650,3.408,25000
2020-08-18 09:37:04.970,3.408,9000
2020-08-18 09:37:05.100,3.409,3700
2020-08-18 09:37:05.100,3.41,14200
2020-08-18 09:37:06.580,3.409,1000
2020-08-18 09:37:06.700,3.408,24600
2020-08-18 09:37:08.210,3.408,20000
2020-08-18 09:37:08.730,3.408,18700
2020-08-18 09:37:08.730,3.408,8800
2020-08-18 09:37:08.730,3.408,500
2020-08-18 09:37:08.730,3.408,50000
2020-08-18 09:37:08.730,3.408,1000
2020-08-18 09:37:08.730,3.408,100
2020-08-18 09:37:08.730,3.408,1000
2020-08-18 09:37:08.730,3.408,3000
2020-08-18 09:37:08.730,3.408,1500
2020-08-18 09:37:08.730,3.408,1000
2020-08-18 09:37:08.920,3.408,500
2020-08-18 09:37:08.920,3.408,20000
2020-08-18 09:37:10.030,3.408,100
2020-08-18 09:37:11.200,3.408,2500
2020-08-18 09:37:11.230,3.408,71300
2020-08-18 09:37:11.230,3.409,97734
2020-08-18 09:37:11.230,3.409,1000
2020-08-18 09:37:11.230,3.409,20000
2020-08-18 09:37:11.230,3.409,1000
2020-08-18 09:37:11.230,3.409,1000
2020-08-18 09:37:11.230,3.409,3100
2020-08-18 09:37:11.860,3.41,30700
2020-08-18 09:37:11.860,3.41,1000
2020-08-18 09:37:11.860,3.41,23700
2020-08-18 09:37:11.860,3.41,5000
2020-08-18 09:37:11.860,3.41,16000
2020-08-18 09:37:11.860,3.41,5800
2020-08-18 09:37:11.860,3.41,10300
2020-08-18 09:37:12.210,3.409,20000
2020-08-18 09:37:12.300,3.409,2500
2020-08-18 09:37:12.540,3.409,100
2020-08-18 09:37:12.810,3.409,5000
2020-08-18 09:37:13.270,3.409,200
2020-08-18 09:37:13.850,3.409,77066
2020-08-18 09:37:13.850,3.408,2900
2020-08-18 09:37:14.810,3.409,3000
2020-08-18 09:37:15.400,3.408,1000
2020-08-18 09:37:15.500,3.409,50000
2020-08-18 09:37:15.610,3.408,96100
2020-08-18 09:37:15.610,3.408,3000
2020-08-18 09:37:15.610,3.408,500
2020-08-18 09:37:15.610,3.408,100
2020-08-18 09:37:15.610,3.408,10000
2020-08-18 09:37:15.610,3.407,3000
2020-08-18 09:37:15.610,3.407,37500
2020-08-18 09:37:15.610,3.407,24800
2020-08-18 09:37:15.730,3.409,39934
2020-08-18 09:37:15.730,3.409,18366
2020-08-18 09:37:16.170,3.408,1900
2020-08-18 09:37:16.710,3.409,10000
2020-08-18 09:37:17.400,3.408,3100
2020-08-18 09:37:17.400,3.408,200
2020-08-18 09:37:17.400,3.408,20000
2020-08-18 09:37:17.400,3.408,500
2020-08-18 09:37:17.400,3.407,16200
2020-08-18 09:37:17.570,3.407,1300
2020-08-18 09:37:17.730,3.408,400
2020-08-18 09:37:18.670,3.409,2500
2020-08-18 09:37:21.430,3.408,100
2020-08-18 09:37:21.430,3.408,1700
2020-08-18 09:37:22.290,3.409,100
2020-08-18 09:37:22.400,3.409,4034
2020-08-18 09:37:22.400,3.409,100
2020-08-18 09:37:23.230,3.409,500
2020-08-18 09:37:23.870,3.409,5366
2020-08-18 09:37:23.870,3.409,800
2020-08-18 09:37:23.870,3.409,334
2020-08-18 09:37:24.690,3.409,400
2020-08-18 09:37:25.560,3.409,900
2020-08-18 09:37:25.870,3.409,10000
2020-08-18 09:37:26.080,3.409,9366
2020-08-18 09:37:26.080,3.409,10000
2020-08-18 09:37:26.080,3.409,10000
2020-08-18 09:37:26.080,3.409,100
2020-08-18 09:37:26.180,3.409,5000
2020-08-18 09:37:26.900,3.409,100
2020-08-18 09:37:27.350,3.408,100
2020-08-18 09:37:28.480,3.409,500
2020-08-18 09:37:28.480,3.41,500
2020-08-18 09:37:28.600,3.409,1000
2020-08-18 09:37:28.600,3.408,98200
2020-08-18 09:37:28.600,3.408,1100
2020-08-18 09:37:28.600,3.408,2000
2020-08-18 09:37:28.600,3.408,11000
2020-08-18 09:37:28.600,3.408,4000
2020-08-18 09:37:28.600,3.408,10000
2020-08-18 09:37:28.600,3.408,1000
2020-08-18 09:37:28.600,3.408,400
2020-08-18 09:37:28.600,3.408,30500
2020-08-18 09:37:28.600,3.408,60000
2020-08-18 09:37:28.600,3.408,5000
2020-08-18 09:37:28.600,3.408,4000
2020-08-18 09:37:28.600,3.408,5000
2020-08-18 09:37:28.600,3.408,41500
2020-08-18 09:37:29.840,3.409,900
2020-08-18 09:37:29.840,3.41,100
2020-08-18 09:37:29.900,3.41,209100
2020-08-18 09:37:29.900,3.41,300
2020-08-18 09:37:29.900,3.41,6000
2020-08-18 09:37:29.900,3.41,500
2020-08-18 09:37:29.900,3.41,3700
2020-08-18 09:37:29.900,3.41,20000
2020-08-18 09:37:29.900,3.41,1000
2020-08-18 09:37:29.900,3.41,59400
2020-08-18 09:37:30.780,3.409,10000
2020-08-18 09:37:30.780,3.409,1000
2020-08-18 09:37:30.780,3.408,12300
2020-08-18 09:37:31.450,3.409,1400
2020-08-18 09:37:31.450,3.409,600
2020-08-18 09:37:31.510,3.409,1400
2020-08-18 09:37:31.680,3.409,50000
2020-08-18 09:37:32.330,3.409,20000
2020-08-18 09:37:32.510,3.41,300000
2020-08-18 09:37:35.180,3.409,1000
2020-08-18 09:37:35.590,3.41,300000
2020-08-18 09:37:35.620,3.41,300000
2020-08-18 09:37:35.790,3.409,10000
2020-08-18 09:37:36.190,3.41,40600
2020-08-18 09:37:36.190,3.41,30800
2020-08-18 09:37:36.190,3.41,528600
2020-08-18 09:37:36.190,3.41,23900
2020-08-18 09:37:36.310,3.41,300000
2020-08-18 09:37:36.970,3.409,13300
2020-08-18 09:37:37.740,3.409,200
2020-08-18 09:37:37.770,3.41,3000
2020-08-18 09:37:37.980,3.41,144500
2020-08-18 09:37:37.980,3.41,40000
2020-08-18 09:37:37.980,3.41,415500
2020-08-18 09:37:38.810,3.409,300
2020-08-18 09:37:38.870,3.409,500
2020-08-18 09:37:39.080,3.41,26000
2020-08-18 09:37:39.360,3.41,300000
2020-08-18 09:37:39.400,3.41,69200
2020-08-18 09:37:39.560,3.41,2000
2020-08-18 09:37:39.970,3.409,3300
2020-08-18 09:37:39.970,3.409,5000
2020-08-18 09:37:39.970,3.409,400
2020-08-18 09:37:40.220,3.41,500
2020-08-18 09:37:40.310,3.41,3100
2020-08-18 09:37:40.600,3.41,100000
2020-08-18 09:37:41.190,3.41,10000
2020-08-18 09:37:41.250,3.41,1000
2020-08-18 09:37:41.310,3.409,100
2020-08-18 09:37:41.310,3.409,5900
2020-08-18 09:37:42.070,3.409,16300
2020-08-18 09:37:42.160,3.41,72700
2020-08-18 09:37:42.190,3.411,300
2020-08-18 09:37:42.190,3.411,5000
2020-08-18 09:37:42.190,3.411,200
2020-08-18 09:37:43.270,3.411,300
2020-08-18 09:37:44.490,3.412,300
2020-08-18 09:37:44.490,3.412,5700
