ExChangeId,ChannelNo,SeqNo,SecurityID,Trade2_Order1,TradeDate,UpdateTime,Price,Volume,TrdMoney,OrdSide,OrdType,TrdBSFlag,TrdBuyNo,TrdSellNo
1,1,13026,510360,2,20200818,92500950,1.620000,200,324.000000,-,-,N,170725,193106
1,1,71951,510360,2,20200818,93009730,1.616000,1000,1616.000000,-,-,B,353919,266309
1,1,71952,510360,2,20200818,93009730,1.619000,9000,14571.000000,-,-,B,353919,311879
1,1,74844,510360,2,20200818,93010930,1.619000,6500,10523.500000,-,-,B,362725,311879
1,1,74845,510360,2,20200818,93010930,1.619000,400,647.600000,-,-,B,362725,332173
1,1,75915,510360,2,20200818,93011430,1.620000,3800,6156.000000,-,-,B,365877,193106
1,1,80332,510360,2,20200818,93013290,1.620000,14700,23814.000000,-,-,S,365877,376500
1,1,80333,510360,2,20200818,93013290,1.619000,3100,5018.900000,-,-,S,362725,376500
1,1,80334,510360,2,20200818,93013290,1.619000,10000,16190.000000,-,-,S,374989,376500
1,1,80335,510360,2,20200818,93013290,1.618000,10000,16180.000000,-,-,S,369078,376500
1,1,80336,510360,2,20200818,93013290,1.618000,10000,16180.000000,-,-,S,375589,376500
1,1,80910,510360,2,20200818,93013620,1.616000,10000,16160.000000,-,-,B,377786,376500
1,1,81042,510360,2,20200818,93013740,1.616000,10000,16160.000000,-,-,B,378060,376500
1,1,82006,510360,2,20200818,93014200,1.616000,4300,6948.800000,-,-,B,379941,376500
1,1,93843,510360,2,20200818,93024150,1.615000,3900,6298.500000,-,-,S,388214,402663
1,1,97296,510360,2,20200818,93027540,1.615000,2300,3714.500000,-,-,S,388214,408561
1,1,102446,510360,2,20200818,93032300,1.615000,3800,6137.000000,-,-,S,388214,417178
1,1,125335,510360,2,20200818,93052060,1.614000,500,807.000000,-,-,S,169099,451295
1,1,125336,510360,2,20200818,93052060,1.614000,28000,45192.000000,-,-,S,216010,451295
1,1,128386,510360,2,20200818,93054630,1.614000,6700,10813.800000,-,-,B,455875,451295
1,1,168359,510360,2,20200818,93130730,1.614000,1600,2582.400000,-,-,B,519332,501893
1,1,203361,510360,2,20200818,93208670,1.616000,5000,8080.000000,-,-,B,577886,376500
1,1,219436,510360,2,20200818,93226090,1.615000,12400,20026.000000,-,-,S,600542,604941
1,1,230140,510360,2,20200818,93238670,1.616000,14900,24078.400000,-,-,B,623365,376500
1,1,231215,510360,2,20200818,93240100,1.616000,14800,23916.800000,-,-,B,625424,376500
1,1,232008,510360,2,20200818,93241020,1.615000,87600,141474.000000,-,-,B,626751,625753
1,1,232054,510360,2,20200818,93241060,1.615000,12700,20510.500000,-,-,B,626807,625753
1,1,232405,510360,2,20200818,93241720,1.615000,11300,18249.500000,-,-,B,627560,625753
1,1,232502,510360,2,20200818,93241850,1.615000,30600,49419.000000,-,-,B,627779,625753
1,1,233789,510360,2,20200818,93243280,1.615000,11200,18088.000000,-,-,B,629924,625753
1,1,234638,510360,2,20200818,93244420,1.615000,4800,7752.000000,-,-,B,631371,625753
1,1,234923,510360,2,20200818,93244910,1.615000,4500,7267.500000,-,-,B,631952,625753
1,1,235535,510360,2,20200818,93245490,1.615000,6700,10820.500000,-,-,B,632886,625753
1,1,235785,510360,2,20200818,93245790,1.615000,4700,7590.500000,-,-,B,633360,625753
1,1,236074,510360,2,20200818,93246210,1.615000,100,161.500000,-,-,B,633915,625753
1,1,236075,510360,2,20200818,93246210,1.615000,300,484.500000,-,-,B,633916,625753
1,1,236337,510360,2,20200818,93246580,1.615000,4600,7429.000000,-,-,B,634419,625753
1,1,237248,510360,2,20200818,93247870,1.615000,2200,3553.000000,-,-,B,636195,625753
1,1,237486,510360,2,20200818,93248080,1.615000,1900,3068.500000,-,-,B,636515,625753
1,1,237959,510360,2,20200818,93248580,1.615000,300,484.500000,-,-,B,637259,625753
1,1,238780,510360,2,20200818,93249530,1.615000,12200,19703.000000,-,-,B,638661,625753
1,1,238901,510360,2,20200818,93249660,1.615000,1900,3068.500000,-,-,B,638881,625753
1,1,239271,510360,2,20200818,93250080,1.615000,12100,19541.500000,-,-,B,639449,625753
1,1,239757,510360,2,20200818,93250690,1.615000,6000,9690.000000,-,-,B,640137,625753
1,1,240342,510360,2,20200818,93251320,1.615000,24500,39567.500000,-,-,B,641133,625753
1,1,240588,510360,2,20200818,93251730,1.615000,3900,6298.500000,-,-,B,641724,625753
1,1,240589,510360,2,20200818,93251730,1.615000,1100,1776.500000,-,-,B,641725,625753
1,1,242861,510360,2,20200818,93254670,1.615000,4000,6460.000000,-,-,B,645881,625753
1,1,245761,510360,2,20200818,93258140,1.615000,3900,6298.500000,-,-,B,650748,625753
1,1,248893,510360,2,20200818,93301650,1.615000,300,484.500000,-,-,B,656262,625753
1,1,249563,510360,2,20200818,93302540,1.615000,300,484.500000,-,-,B,657551,625753
1,1,252190,510360,2,20200818,93305310,1.615000,1200,1938.000000,-,-,B,661812,625753
1,1,252616,510360,2,20200818,93305740,1.615000,3600,5814.000000,-,-,B,662474,625753
1,1,255080,510360,2,20200818,93307880,1.615000,100,161.500000,-,-,B,666169,625753
1,1,273015,510360,2,20200818,93326660,1.615000,600,969.000000,-,-,B,694604,625753
1,1,293879,510360,2,20200818,93348400,1.615000,3700,5975.500000,-,-,B,726439,625753
1,1,295875,510360,2,20200818,93350570,1.615000,20200,32623.000000,-,-,B,729643,625753
1,1,318665,510360,2,20200818,93414580,1.615000,3700,5975.500000,-,-,B,766064,625753
1,1,341496,510360,2,20200818,93439370,1.613000,1600,2580.800000,-,-,B,802520,787773
1,1,355127,510360,2,20200818,93454030,1.613000,2000,3226.000000,-,-,B,823869,809202
1,1,361091,510360,2,20200818,93501010,1.613000,200,322.600000,-,-,S,832939,833790
1,1,365174,510360,2,20200818,93505440,1.610000,1000,1610.000000,-,-,S,809960,840344
1,1,407789,510360,2,20200818,93558290,1.611000,400,644.400000,-,-,B,909843,898848
1,1,407941,510360,2,20200818,93558530,1.611000,1600,2577.600000,-,-,S,909843,910136
1,1,413822,510360,2,20200818,93604780,1.610000,15000,24150.000000,-,-,S,888005,919498
1,1,425775,510360,2,20200818,93618550,1.610000,1600,2576.000000,-,-,S,893419,939289
1,1,425776,510360,2,20200818,93618550,1.610000,600,966.000000,-,-,S,935814,939289
1,1,481138,510360,2,20200818,93727250,1.612000,100,161.200000,-,-,B,1029455,953697
1,1,511027,510360,2,20200818,93809650,1.613000,1400,2258.200000,-,-,B,1081263,833790
1,1,524147,510360,2,20200818,93828300,1.613000,1000,1613.000000,-,-,B,1103147,833790
1,1,524447,510360,2,20200818,93828710,1.613000,2400,3871.200000,-,-,B,1103578,833790
1,1,524448,510360,2,20200818,93828710,1.613000,3600,5806.800000,-,-,B,1103578,837185
1,1,526400,510360,2,20200818,93831590,1.613000,46200,74520.600000,-,-,B,1106659,837185
1,1,539788,510360,2,20200818,93852230,1.613000,6100,9839.300000,-,-,B,1128494,837185
1,1,554042,510360,2,20200818,93914060,1.613000,400,645.200000,-,-,B,1152212,837185
1,1,571624,510360,2,20200818,93943140,1.611000,400,644.400000,-,-,S,1177530,1182773
1,1,597318,510360,2,20200818,94019160,1.613000,200000,322600.000000,-,-,B,1224197,837185
1,1,597638,510360,2,20200818,94019540,1.613000,200000,322600.000000,-,-,B,1224827,837185
1,1,598226,510360,2,20200818,94020210,1.613000,200000,322600.000000,-,-,B,1225670,837185
1,1,598585,510360,2,20200818,94020710,1.613000,200000,322600.000000,-,-,B,1226252,837185
1,1,599011,510360,2,20200818,94021220,1.613000,7900,12742.700000,-,-,B,1226930,837185
1,1,605427,510360,2,20200818,94030200,1.614000,30900,49872.600000,-,-,B,1237689,1211524
1,1,607106,510360,2,20200818,94032820,1.614000,24600,39704.400000,-,-,B,1240732,1211524
1,1,607387,510360,2,20200818,94033150,1.614000,3600,5810.400000,-,-,B,1241152,1211524
1,1,611515,510360,2,20200818,94039170,1.614000,17000,27438.000000,-,-,B,1247985,1211524
1,1,612164,510360,2,20200818,94040240,1.614000,200000,322800.000000,-,-,B,1249169,1211524
1,1,612449,510360,2,20200818,94040670,1.614000,200000,322800.000000,-,-,B,1249755,1211524
1,1,612772,510360,2,20200818,94041200,1.614000,200000,322800.000000,-,-,B,1250361,1211524
1,1,612799,510360,2,20200818,94041300,1.614000,17000,27438.000000,-,-,B,1250410,1211524
1,1,612896,510360,2,20200818,94041440,1.614000,83600,134930.400000,-,-,B,1250583,1211524
1,1,613077,510360,2,20200818,94041720,1.614000,200000,322800.000000,-,-,B,1250899,1211524
1,1,613992,510360,2,20200818,94043010,1.614000,23300,37606.200000,-,-,B,1252347,1211524
1,1,640092,510360,2,20200818,94120740,1.615000,700,1130.500000,-,-,B,1297037,625753
1,1,653903,510360,2,20200818,94139930,1.615000,20000,32300.000000,-,-,B,1319246,625753
1,1,662038,510360,2,20200818,94153870,1.615000,200,323.000000,-,-,B,1333740,625753
1,1,672424,510360,2,20200818,94211650,1.615000,20000,32300.000000,-,-,B,1352033,625753
1,1,674007,510360,2,20200818,94213890,1.615000,2000,3230.000000,-,-,B,1354276,625753
1,1,681239,510360,2,20200818,94226530,1.614000,5000,8070.000000,-,-,S,1305749,1366874
1,1,695610,510360,2,20200818,94252300,1.614000,1000,1614.000000,-,-,B,1391317,1366874
1,1,724626,510360,2,20200818,94338830,1.614000,2000,3228.000000,-,-,B,1437942,1366874
1,1,726202,510360,2,20200818,94341460,1.613000,1000,1613.000000,-,-,S,1276049,1440586
1,1,726203,510360,2,20200818,94341460,1.613000,15500,25001.500000,-,-,S,1331411,1440586
1,1,726204,510360,2,20200818,94341460,1.613000,199600,321954.800000,-,-,S,1416863,1440586
1,1,736069,510360,2,20200818,94358490,1.614000,2000,3228.000000,-,-,B,1457346,1366874
1,1,743027,510360,2,20200818,94409750,1.613000,400,645.200000,-,-,S,1416863,1469022
1,1,743028,510360,2,20200818,94409750,1.613000,8700,14033.100000,-,-,S,1419282,1469022
1,1,743029,510360,2,20200818,94409750,1.613000,199600,321954.800000,-,-,S,1440882,1469022
1,1,743030,510360,2,20200818,94409750,1.613000,7000,11291.000000,-,-,S,1458256,1469022
1,1,743288,510360,2,20200818,94410280,1.613000,300,483.900000,-,-,B,1469502,1469022
1,1,783841,510360,2,20200818,94513400,1.612000,100,161.200000,-,-,S,1500976,1534201
1,1,794402,510360,2,20200818,94524830,1.611000,300,483.300000,-,-,S,1229205,1548971
1,1,806499,510360,2,20200818,94540760,1.611000,5000,8055.000000,-,-,B,1567212,1555868
1,1,824915,510360,2,20200818,94606410,1.611000,200,322.200000,-,-,B,1595954,1569786
1,1,824916,510360,2,20200818,94606410,1.611000,102400,164966.400000,-,-,B,1595954,1582853
1,1,850266,510360,2,20200818,94654160,1.613000,5000,8065.000000,-,-,B,1642009,1633981
1,1,878224,510360,2,20200818,94745980,1.613000,6800,10968.400000,-,-,B,1687876,1633981
1,1,945329,510360,2,20200818,94953570,1.613000,100,161.300000,-,-,B,1797545,1760713
1,1,955804,510360,2,20200818,95009870,1.611000,2900,4671.900000,-,-,S,1595954,1813823
1,1,964766,510360,2,20200818,95022070,1.611000,14500,23359.500000,-,-,S,1595954,1827048
1,1,964767,510360,2,20200818,95022070,1.611000,20000,32220.000000,-,-,S,1746832,1827048
1,1,986652,510360,2,20200818,95100800,1.611000,500,805.500000,-,-,S,1844619,1861659
1,1,1016924,510360,2,20200818,95158090,1.611000,3000,4833.000000,-,-,B,1910206,1863362
1,1,1027164,510360,2,20200818,95219410,1.610000,200,322.000000,-,-,S,1690574,1927466
1,1,1055961,510360,2,20200818,95321030,1.610000,200,322.000000,-,-,S,1690574,1974703
1,1,1055962,510360,2,20200818,95321030,1.610000,100,161.000000,-,-,S,1964284,1974703
1,1,1055963,510360,2,20200818,95321030,1.610000,900,1449.000000,-,-,S,1973986,1974703
1,1,1065205,510360,2,20200818,95341130,1.610000,1800,2898.000000,-,-,B,1989816,1974703
1,1,1095479,510360,2,20200818,95443170,1.611000,3900,6282.900000,-,-,B,2036961,1863362
1,1,1102162,510360,2,20200818,95457320,1.611000,1900,3060.900000,-,-,B,2047539,1863362
1,1,1149691,510360,2,20200818,95622480,1.609000,3000,4827.000000,-,-,B,2118042,2106813
1,1,1174667,510360,2,20200818,95710090,1.609000,700,1126.300000,-,-,S,2118042,2155778
1,1,1211851,510360,2,20200818,95823150,1.609000,500,804.500000,-,-,S,2195283,2213217
1,1,1211852,510360,2,20200818,95823150,1.609000,1000,1609.000000,-,-,S,2201104,2213217
1,1,1252566,510360,2,20200818,95953330,1.608000,10000,16080.000000,-,-,S,833592,2276299
1,1,1252567,510360,2,20200818,95953330,1.608000,1000,1608.000000,-,-,S,1879239,2276299
1,1,1252568,510360,2,20200818,95953330,1.608000,5000,8040.000000,-,-,S,2228040,2276299
1,1,1265330,510360,2,20200818,100011240,1.608000,3700,5949.600000,-,-,B,2291384,2291279
1,1,1278863,510360,2,20200818,100030620,1.607000,2000,3214.000000,-,-,S,906035,2308503
1,1,1310466,510360,2,20200818,100116220,1.607000,400,642.800000,-,-,S,906035,2352718
1,1,1317208,510360,2,20200818,100127620,1.609000,700,1126.300000,-,-,B,2363980,2348073
1,1,1320469,510360,2,20200818,100133240,1.610000,2000,3220.000000,-,-,B,2369421,2153294
1,1,1320470,510360,2,20200818,100133240,1.610000,17000,27370.000000,-,-,B,2369421,2368556
1,1,1342782,510360,2,20200818,100221700,1.610000,1000,1610.000000,-,-,B,2409137,2368556
1,1,1354111,510360,2,20200818,100249130,1.607000,3000,4821.000000,-,-,S,906035,2428736
1,1,1381262,510360,2,20200818,100356040,1.610000,500,805.000000,-,-,B,2473654,2418853
1,1,1393867,510360,2,20200818,100425810,1.608000,3500,5628.000000,-,-,S,2490635,2494259
1,1,1394831,510360,2,20200818,100428480,1.607000,14600,23462.200000,-,-,S,906035,2496057
1,1,1394832,510360,2,20200818,100428480,1.607000,400,642.800000,-,-,S,1585585,2496057
1,1,1394833,510360,2,20200818,100428480,1.607000,500,803.500000,-,-,S,1905640,2496057
1,1,1448892,510360,2,20200818,100627250,1.608000,1800,2894.400000,-,-,B,2577127,2575694
1,1,1448938,510360,2,20200818,100627310,1.608000,1800,2894.400000,-,-,B,2577182,2575694
1,1,1449823,510360,2,20200818,100628680,1.608000,1800,2894.400000,-,-,B,2578388,2575694
1,1,1449881,510360,2,20200818,100628810,1.608000,1800,2894.400000,-,-,B,2578489,2575694
1,1,1449997,510360,2,20200818,100629240,1.608000,100000,160800.000000,-,-,B,2578749,2575694
1,1,1451393,510360,2,20200818,100632290,1.608000,5900,9487.200000,-,-,B,2581021,2575694
1,1,1451394,510360,2,20200818,100632290,1.608000,5900,9487.200000,-,-,B,2581022,2575694
1,1,1451548,510360,2,20200818,100632590,1.608000,2500,4020.000000,-,-,B,2581252,2575694
1,1,1451559,510360,2,20200818,100632620,1.608000,200000,321600.000000,-,-,B,2581287,2575694
1,1,1451695,510360,2,20200818,100632990,1.608000,200000,321600.000000,-,-,B,2581550,2575694
1,1,1451751,510360,2,20200818,100633100,1.608000,2400,3859.200000,-,-,B,2581637,2575694
1,1,1451906,510360,2,20200818,100633610,1.608000,5800,9326.400000,-,-,B,2581948,2575694
1,1,1451907,510360,2,20200818,100633610,1.608000,5800,9326.400000,-,-,B,2581949,2575694
1,1,1452567,510360,2,20200818,100635120,1.608000,5900,9487.200000,-,-,B,2583151,2575694
1,1,1452612,510360,2,20200818,100635160,1.608000,5900,9487.200000,-,-,B,2583181,2575694
1,1,1453246,510360,2,20200818,100636560,1.608000,200000,321600.000000,-,-,B,2584246,2575694
1,1,1453274,510360,2,20200818,100636690,1.608000,5800,9326.400000,-,-,B,2584328,2575694
1,1,1453304,510360,2,20200818,100636790,1.608000,5800,9326.400000,-,-,B,2584392,2575694
1,1,1453350,510360,2,20200818,100636880,1.608000,200000,321600.000000,-,-,B,2584475,2575694
1,1,1454333,510360,2,20200818,100639210,1.608000,1900,3055.200000,-,-,B,2586149,2575694
1,1,1454334,510360,2,20200818,100639210,1.608000,1900,3055.200000,-,-,B,2586150,2575694
1,1,1458016,510360,2,20200818,100647460,1.608000,1800,2894.400000,-,-,B,2591910,2575694
1,1,1458017,510360,2,20200818,100647460,1.608000,1800,2894.400000,-,-,B,2591911,2575694
1,1,1458059,510360,2,20200818,100647590,1.608000,33700,54189.600000,-,-,B,2592025,2575694
1,1,1493033,510360,2,20200818,100812450,1.610000,700,1127.000000,-,-,B,2650753,2418853
1,1,1496175,510360,2,20200818,100820920,1.610000,200,322.000000,-,-,B,2656126,2418853
1,1,1514129,510360,2,20200818,100915750,1.610000,8600,13846.000000,-,-,B,2688572,2418853
1,1,1514130,510360,2,20200818,100915750,1.610000,1400,2254.000000,-,-,B,2688572,2680561
1,1,1520779,510360,2,20200818,100936650,1.610000,1100,1771.000000,-,-,B,2700376,2680561
1,1,1559185,510360,2,20200818,101127260,1.611000,1200,1933.200000,-,-,B,2764462,1863362
1,1,1559186,510360,2,20200818,101127260,1.611000,13800,22231.800000,-,-,B,2764462,2407438
1,1,1584861,510360,2,20200818,101239880,1.611000,200000,322200.000000,-,-,B,2806196,2407438
1,1,1584951,510360,2,20200818,101240280,1.611000,200000,322200.000000,-,-,B,2806413,2407438
1,1,1587879,510360,2,20200818,101248850,1.611000,45500,73300.500000,-,-,B,2811132,2407438
1,1,1673065,510360,2,20200818,101729390,1.610000,3800,6118.000000,-,-,S,2747091,2953240
1,1,1674274,510360,2,20200818,101733980,1.610000,6200,9982.000000,-,-,S,2747091,2955414
1,1,1798047,510360,2,20200818,102357980,1.610000,200,322.000000,-,-,S,3034719,3151042
1,1,1802967,510360,2,20200818,102415240,1.610000,2800,4508.000000,-,-,S,3034719,3159524
1,1,1802968,510360,2,20200818,102415240,1.610000,3000,4830.000000,-,-,S,3054288,3159524
1,1,1822874,510360,2,20200818,102525820,1.609000,100,160.900000,-,-,S,2828058,3190847
1,1,1822875,510360,2,20200818,102525820,1.608000,3000,4824.000000,-,-,S,2620809,3190847
1,1,1843604,510360,2,20200818,102639570,1.610000,3700,5957.000000,-,-,B,3222919,3159524
1,1,1852135,510360,2,20200818,102705660,1.610000,500,805.000000,-,-,B,3234851,3159524
1,1,1929575,510360,2,20200818,103040430,1.611000,1000,1611.000000,-,-,B,3353881,3343381
1,1,1954448,510360,2,20200818,103151150,1.609000,500,804.500000,-,-,S,3336002,3393693
1,1,2013117,510360,2,20200818,103524590,1.613000,400,645.200000,-,-,B,3492182,1760713
1,1,2013118,510360,2,20200818,103524590,1.613000,100,161.300000,-,-,B,3492182,1779974
1,1,2151323,510360,2,20200818,104339430,1.609000,7300,11745.700000,-,-,S,3464115,3703393
1,1,2198555,510360,2,20200818,104623140,1.609000,2700,4344.300000,-,-,S,3464115,3774878
1,1,2221145,510360,2,20200818,104750170,1.608000,7000,11256.000000,-,-,S,2620809,3808884
1,1,2221146,510360,2,20200818,104750170,1.608000,1000,1608.000000,-,-,S,2629444,3808884
1,1,2221147,510360,2,20200818,104750170,1.608000,100,160.800000,-,-,S,2967792,3808884
1,1,2221148,510360,2,20200818,104750170,1.608000,19500,31356.000000,-,-,S,3040656,3808884
1,1,2221149,510360,2,20200818,104750170,1.608000,10000,16080.000000,-,-,S,3459203,3808884
1,1,2221150,510360,2,20200818,104750170,1.608000,10000,16080.000000,-,-,S,3466524,3808884
1,1,2221151,510360,2,20200818,104750170,1.608000,30000,48240.000000,-,-,S,3516133,3808884
1,1,2226381,510360,2,20200818,104803960,1.607000,400,642.800000,-,-,S,1905640,3814919
1,1,2226382,510360,2,20200818,104803960,1.607000,100,160.700000,-,-,S,2082045,3814919
1,1,2226383,510360,2,20200818,104803960,1.607000,200,321.400000,-,-,S,2401404,3814919
1,1,2226384,510360,2,20200818,104803960,1.607000,100,160.700000,-,-,S,2441122,3814919
1,1,2226385,510360,2,20200818,104803960,1.607000,1000,1607.000000,-,-,S,2442189,3814919
1,1,2226386,510360,2,20200818,104803960,1.607000,15000,24105.000000,-,-,S,2459979,3814919
1,1,2226387,510360,2,20200818,104803960,1.607000,2000,3214.000000,-,-,S,2478455,3814919
1,1,2226388,510360,2,20200818,104803960,1.607000,200,321.400000,-,-,S,2551510,3814919
1,1,2227999,510360,2,20200818,104807020,1.608000,100,160.800000,-,-,B,3816556,3815533
1,1,2240397,510360,2,20200818,104836870,1.607000,6000,9642.000000,-,-,S,2551510,3832300
1,1,2240398,510360,2,20200818,104836870,1.607000,2000,3214.000000,-,-,S,2558099,3832300
1,1,2240399,510360,2,20200818,104836870,1.607000,10000,16070.000000,-,-,S,3461687,3832300
1,1,2240400,510360,2,20200818,104836870,1.607000,1000,1607.000000,-,-,S,3489839,3832300
1,1,2241057,510360,2,20200818,104838280,1.607000,12400,19926.800000,-,-,S,3489839,3833129
1,1,2243011,510360,2,20200818,104842620,1.607000,36600,58816.200000,-,-,S,3489839,3835233
1,1,2245439,510360,2,20200818,104850030,1.606000,100,160.600000,-,-,S,2735422,3838737
1,1,2250052,510360,2,20200818,104903740,1.608000,10000,16080.000000,-,-,B,3845230,3834926
1,1,2250053,510360,2,20200818,104903740,1.608000,2100,3376.800000,-,-,B,3845230,3836747
1,1,2284591,510360,2,20200818,105059990,1.607000,5500,8838.500000,-,-,S,3901838,3902225
1,1,2333808,510360,2,20200818,105417680,1.607000,1000,1607.000000,-,-,S,3976689,3979856
1,1,2364452,510360,2,20200818,105636820,1.610000,300,483.000000,-,-,B,4033264,3794461
1,1,2367454,510360,2,20200818,105652670,1.610000,8000,12880.000000,-,-,B,4038806,3794461
1,1,2391840,510360,2,20200818,105850300,1.610000,200,322.000000,-,-,B,4079429,3794461
1,1,2397885,510360,2,20200818,105918280,1.610000,10000,16100.000000,-,-,B,4089034,3794461
1,1,2479630,510360,2,20200818,110502020,1.610000,57000,91770.000000,-,-,B,4215960,3794461
1,1,2683317,510360,2,20200818,112044840,1.611000,10000,16110.000000,-,-,B,4542756,4110526
1,1,2683318,510360,2,20200818,112044840,1.611000,19100,30770.100000,-,-,B,4542756,4456865
1,1,2684603,510360,2,20200818,112050630,1.611000,900,1449.900000,-,-,B,4544743,4456865
1,1,2704334,510360,2,20200818,112231000,1.611000,600,966.600000,-,-,S,4544743,4577642
1,1,2755481,510360,2,20200818,112709280,1.612000,4900,7898.800000,-,-,S,4637508,4658284
1,1,2761848,510360,2,20200818,112740040,1.613000,3700,5968.100000,-,-,B,4668172,1779974
1,1,2764379,510360,2,20200818,112753360,1.613000,9200,14839.600000,-,-,B,4672418,1779974
1,1,2764380,510360,2,20200818,112753360,1.613000,6200,10000.600000,-,-,B,4672418,3133793
1,1,2764381,510360,2,20200818,112753360,1.613000,1000,1613.000000,-,-,B,4672418,3646359
1,1,2764382,510360,2,20200818,112753360,1.613000,500,806.500000,-,-,B,4672418,4000457
1,1,2775935,510360,2,20200818,112844280,1.614000,100,161.400000,-,-,B,4689380,1578558
1,1,2775936,510360,2,20200818,112844280,1.614000,800,1291.200000,-,-,B,4689380,3834925
1,1,2790447,510360,2,20200818,112958500,1.614000,100,161.400000,-,-,S,4694314,4711597
1,1,2793772,510360,2,20200818,130000800,1.615000,100,161.500000,-,-,B,4719026,1420554
1,1,2801608,510360,2,20200818,130003190,1.615000,100,161.500000,-,-,B,4744115,1420554
1,1,2801940,510360,2,20200818,130003300,1.615000,100,161.500000,-,-,B,4745147,1420554
1,1,2804395,510360,2,20200818,130003800,1.615000,100,161.500000,-,-,B,4751231,1420554
1,1,2811570,510360,2,20200818,130008330,1.615000,10400,16796.000000,-,-,B,4771247,1420554
1,1,2811571,510360,2,20200818,130008330,1.615000,2000,3230.000000,-,-,B,4771247,1717110
1,1,2811572,510360,2,20200818,130008330,1.615000,1600,2584.000000,-,-,B,4771247,3310516
1,1,2815601,510360,2,20200818,130014180,1.615000,3600,5814.000000,-,-,S,4771247,4780160
1,1,2815602,510360,2,20200818,130014180,1.614000,1400,2259.600000,-,-,S,4694314,4780160
1,1,2821486,510360,2,20200818,130022990,1.615000,500,807.500000,-,-,B,4790322,4784032
1,1,2828866,510360,2,20200818,130038910,1.614000,8500,13719.000000,-,-,S,4694314,4799863
1,1,2828867,510360,2,20200818,130038910,1.614000,20000,32280.000000,-,-,S,4737315,4799863
1,1,2830702,510360,2,20200818,130043780,1.614000,300,484.200000,-,-,B,4802171,4799863
1,1,2887476,510360,2,20200818,130515900,1.614000,500,807.000000,-,-,B,4894663,4847713
1,1,2887477,510360,2,20200818,130515900,1.614000,4500,7263.000000,-,-,B,4894663,4871700
1,1,2920016,510360,2,20200818,130735310,1.614000,34200,55198.800000,-,-,B,4947038,4871700
1,1,2920513,510360,2,20200818,130738320,1.615000,3900,6298.500000,-,-,B,4948015,4829179
1,1,2974374,510360,2,20200818,131150790,1.614000,2000,3228.000000,-,-,B,5039113,5033118
1,1,3012797,510360,2,20200818,131453830,1.614000,11600,18722.400000,-,-,B,5102750,5065788
1,1,3041717,510360,2,20200818,131712080,1.614000,100,161.400000,-,-,B,5150527,5079351
1,1,3096660,510360,2,20200818,132129650,1.614000,300,484.200000,-,-,B,5239999,5079351
1,1,3120221,510360,2,20200818,132303730,1.614000,200,322.800000,-,-,B,5277001,5079351
1,1,3152900,510360,2,20200818,132451740,1.614000,19100,30827.400000,-,-,S,5318309,5327108
1,1,3161011,510360,2,20200818,132530860,1.611000,19000,30609.000000,-,-,S,4848007,5341459
1,1,3161570,510360,2,20200818,132533880,1.611000,11000,17721.000000,-,-,S,4848007,5342525
1,1,3161571,510360,2,20200818,132533880,1.611000,5000,8055.000000,-,-,S,4929298,5342525
1,1,3212669,510360,2,20200818,132907220,1.613000,500,806.500000,-,-,B,5416682,5398104
1,1,3337014,510360,2,20200818,133812800,1.611000,800,1288.800000,-,-,S,5451276,5615027
1,1,3344577,510360,2,20200818,133852210,1.611000,100,161.100000,-,-,S,5451276,5627396
1,1,3351442,510360,2,20200818,133926760,1.611000,2000,3222.000000,-,-,S,5451276,5638307
1,1,3382249,510360,2,20200818,134135720,1.612000,400,644.800000,-,-,B,5685298,5666825
1,1,3382933,510360,2,20200818,134138680,1.613000,1500,2419.500000,-,-,B,5686414,5492355
1,1,3382934,510360,2,20200818,134138680,1.613000,33100,53390.300000,-,-,B,5686414,5685748
1,1,3447255,510360,2,20200818,134542780,1.610000,600,966.000000,-,-,S,5633698,5781808
1,1,3473183,510360,2,20200818,134753870,1.612000,5000,8060.000000,-,-,B,5825111,5715607
1,1,3486334,510360,2,20200818,134907160,1.612000,5000,8060.000000,-,-,B,5847603,5715607
1,1,3517763,510360,2,20200818,135153060,1.611000,66600,107292.600000,-,-,S,5820572,5898471
1,1,3519823,510360,2,20200818,135203100,1.613000,1000,1613.000000,-,-,B,5901664,5765808
1,1,3519824,510360,2,20200818,135203100,1.613000,18000,29034.000000,-,-,B,5901664,5891567
1,1,3520580,510360,2,20200818,135206890,1.613000,500,806.500000,-,-,S,5901664,5902898
1,1,3567799,510360,2,20200818,135601040,1.611000,13700,22070.700000,-,-,S,5836373,5974837
1,1,3567800,510360,2,20200818,135601040,1.611000,10000,16110.000000,-,-,S,5847696,5974837
1,1,3609613,510360,2,20200818,135855490,1.612000,18000,29016.000000,-,-,B,6035411,6025507
1,1,3622140,510360,2,20200818,140006380,1.612000,100,161.200000,-,-,B,6056638,6049680
1,1,3626119,510360,2,20200818,140022710,1.610000,9400,15134.000000,-,-,S,5633698,6062730
1,1,3626120,510360,2,20200818,140022710,1.610000,3900,6279.000000,-,-,S,5787080,6062730
1,1,3670361,510360,2,20200818,140320790,1.610000,1100,1771.000000,-,-,S,5787080,6124397
1,1,3670362,510360,2,20200818,140320790,1.610000,2900,4669.000000,-,-,S,5988197,6124397
1,1,3720866,510360,2,20200818,140721100,1.610000,400,644.000000,-,-,S,5988197,6206199
1,1,3732387,510360,2,20200818,140823670,1.610000,3000,4830.000000,-,-,S,5988197,6225357
1,1,3739166,510360,2,20200818,140856220,1.611000,200,322.200000,-,-,B,6236047,6064376
1,1,3741458,510360,2,20200818,140906770,1.610000,3700,5957.000000,-,-,S,5988197,6239467
1,1,3767479,510360,2,20200818,141115200,1.609000,1900,3057.100000,-,-,S,5641423,6280360
1,1,3796798,510360,2,20200818,141333540,1.610000,700,1127.000000,-,-,S,6303303,6326462
1,1,3801346,510360,2,20200818,141354250,1.611000,9800,15787.800000,-,-,B,6333203,6064376
1,1,3801347,510360,2,20200818,141354250,1.611000,400,644.400000,-,-,B,6333203,6318652
1,1,3832223,510360,2,20200818,141630760,1.611000,10000,16110.000000,-,-,S,6368450,6383738
1,1,3835571,510360,2,20200818,141649450,1.610000,3300,5313.000000,-,-,S,6303303,6389192
1,1,3860172,510360,2,20200818,141903910,1.611000,3000,4833.000000,-,-,S,6426333,6428295
1,1,3861232,510360,2,20200818,141909830,1.611000,44000,70884.000000,-,-,S,6426333,6430132
1,1,3914535,510360,2,20200818,142251980,1.610000,10000,16100.000000,-,-,S,6415589,6510076
1,1,3921428,510360,2,20200818,142325120,1.609000,2000,3218.000000,-,-,S,5641423,6521263
1,1,3938446,510360,2,20200818,142450410,1.611000,1200,1933.200000,-,-,B,6548083,6524945
1,1,3952868,510360,2,20200818,142556540,1.609000,13800,22204.200000,-,-,S,5641423,6570031
1,1,3952869,510360,2,20200818,142556540,1.609000,10000,16090.000000,-,-,S,6412763,6570031
1,1,3967500,510360,2,20200818,142632820,1.608000,10000,16080.000000,-,-,S,6414099,6586635
1,1,3982331,510360,2,20200818,142713070,1.607000,500,803.500000,-,-,S,4721037,6604069
1,1,3982332,510360,2,20200818,142713070,1.607000,2000,3214.000000,-,-,S,5330075,6604069
1,1,3982333,510360,2,20200818,142713070,1.607000,2000,3214.000000,-,-,S,5606439,6604069
1,1,3982334,510360,2,20200818,142713070,1.607000,10000,16070.000000,-,-,S,6415604,6604069
1,1,3995170,510360,2,20200818,142746090,1.606000,10000,16060.000000,-,-,S,3915959,6618721
1,1,3995171,510360,2,20200818,142746090,1.606000,4000,6424.000000,-,-,S,4089974,6618721
1,1,3995172,510360,2,20200818,142746090,1.606000,6000,9636.000000,-,-,S,4791691,6618721
1,1,3995173,510360,2,20200818,142746090,1.606000,900,1445.400000,-,-,S,5072823,6618721
1,1,3995174,510360,2,20200818,142746090,1.606000,10000,16060.000000,-,-,S,6570329,6618721
1,1,3995175,510360,2,20200818,142746090,1.606000,5000,8030.000000,-,-,S,6614914,6618721
1,1,4010637,510360,2,20200818,142817190,1.607000,4600,7392.200000,-,-,B,6635093,6619988
1,1,4010638,510360,2,20200818,142817190,1.607000,9200,14784.400000,-,-,B,6635093,6621707
1,1,4012547,510360,2,20200818,142822770,1.608000,19000,30552.000000,-,-,B,6637936,6624666
1,1,4013661,510360,2,20200818,142825760,1.609000,19000,30571.000000,-,-,B,6639357,6610695
1,1,4035651,510360,2,20200818,142922170,1.605000,500,802.500000,-,-,S,2231625,6667501
1,1,4035652,510360,2,20200818,142922170,1.605000,100,160.500000,-,-,S,3936356,6667501
1,1,4035653,510360,2,20200818,142922170,1.605000,100,160.500000,-,-,S,4066473,6667501
1,1,4035654,510360,2,20200818,142922170,1.605000,10000,16050.000000,-,-,S,4309316,6667501
1,1,4035655,510360,2,20200818,142922170,1.605000,10000,16050.000000,-,-,S,6638996,6667501
1,1,4036827,510360,2,20200818,142925640,1.605000,100,160.500000,-,-,B,6669044,6667501
1,1,4054289,510360,2,20200818,143007110,1.605000,600,963.000000,-,-,S,6688144,6689893
1,1,4058437,510360,2,20200818,143015310,1.604000,3800,6095.200000,-,-,B,6694822,6693751
1,1,4081206,510360,2,20200818,143101900,1.605000,3800,6099.000000,-,-,S,6723955,6727391
1,1,4088656,510360,2,20200818,143123780,1.606000,200,321.200000,-,-,B,6739373,6733278
1,1,4124533,510360,2,20200818,143331870,1.606000,9800,15738.800000,-,-,B,6800522,6733278
1,1,4124534,510360,2,20200818,143331870,1.606000,10000,16060.000000,-,-,B,6800522,6738623
1,1,4162819,510360,2,20200818,143606510,1.608000,20000,32160.000000,-,-,B,6863992,6786173
1,1,4162820,510360,2,20200818,143606510,1.608000,4000,6432.000000,-,-,B,6863992,6834404
1,1,4163035,510360,2,20200818,143607730,1.608000,200,321.600000,-,-,S,6863992,6864464
1,1,4200709,510360,2,20200818,143859180,1.609000,2000,3218.000000,-,-,B,6927455,6914315
1,1,4325597,510360,2,20200818,144645070,1.609000,100,160.900000,-,-,S,7117753,7118615
1,1,4325831,510360,2,20200818,144645840,1.609000,100,160.900000,-,-,S,7117753,7118941
1,1,4325907,510360,2,20200818,144646200,1.609000,100,160.900000,-,-,S,7117753,7119087
1,1,4341147,510360,2,20200818,144741100,1.609000,200,321.800000,-,-,S,7127634,7142044
1,1,4365434,510360,2,20200818,144906220,1.609000,3700,5953.300000,-,-,S,7127634,7177118
1,1,4367881,510360,2,20200818,144914820,1.609000,100,160.900000,-,-,S,7127634,7180756
1,1,4367921,510360,2,20200818,144915060,1.609000,1200,1930.800000,-,-,S,7127634,7180838
1,1,4367972,510360,2,20200818,144915270,1.609000,400,643.600000,-,-,S,7127634,7180950
1,1,4368897,510360,2,20200818,144918240,1.609000,1200,1930.800000,-,-,S,7127634,7182226
1,1,4371003,510360,2,20200818,144924000,1.609000,1200,1930.800000,-,-,S,7127634,7184665
1,1,4371876,510360,2,20200818,144926510,1.609000,1200,1930.800000,-,-,S,7127634,7185725
1,1,4372716,510360,2,20200818,144928840,1.609000,100,160.900000,-,-,S,7127634,7186707
1,1,4376151,510360,2,20200818,144939870,1.610000,500,805.000000,-,-,B,7191623,6922829
1,1,4376152,510360,2,20200818,144939870,1.610000,200,322.000000,-,-,B,7191623,7008590
1,1,4376153,510360,2,20200818,144939870,1.610000,6100,9821.000000,-,-,B,7191623,7182683
1,1,4402728,510360,2,20200818,145051920,1.610000,55600,89516.000000,-,-,S,7203656,7228083
1,1,4454122,510360,2,20200818,145311410,1.612000,600,967.200000,-,-,B,7300311,6733277
1,1,4467966,510360,2,20200818,145348470,1.611000,10000,16110.000000,-,-,S,7280253,7320025
1,1,4505862,510360,2,20200818,145514580,1.612000,9400,15152.800000,-,-,B,7369632,6733277
1,1,4505863,510360,2,20200818,145514580,1.612000,4400,7092.800000,-,-,B,7369632,6738624
1,1,4505864,510360,2,20200818,145514580,1.612000,500,806.000000,-,-,B,7369632,7341941
1,1,4505865,510360,2,20200818,145514580,1.612000,500,806.000000,-,-,B,7369632,7362390
1,1,4561134,510360,2,20200818,145910120,1.611000,600,966.600000,-,-,S,7280253,7488167
