Datetime,Price,Volume
2020-08-18 09:25:01.000,4.882,1000
2020-08-18 09:25:01.000,4.882,400
2020-08-18 09:25:01.000,4.882,600
2020-08-18 09:25:01.000,4.882,1500
2020-08-18 09:25:01.000,4.882,2700
2020-08-18 09:25:01.000,4.882,22400
2020-08-18 09:25:01.000,4.882,7600
2020-08-18 09:25:01.000,4.882,2000
2020-08-18 09:25:01.000,4.882,400
2020-08-18 09:25:01.000,4.882,200
2020-08-18 09:25:01.000,4.882,7300
2020-08-18 09:25:01.000,4.882,2700
2020-08-18 09:25:01.000,4.882,300
2020-08-18 09:25:01.000,4.882,4200
2020-08-18 09:25:01.000,4.882,5500
2020-08-18 09:25:01.000,4.882,10100
2020-08-18 09:25:01.000,4.882,1100
2020-08-18 09:25:01.000,4.882,6400
2020-08-18 09:25:01.000,4.882,4000
2020-08-18 09:25:01.000,4.882,7900
2020-08-18 09:25:01.000,4.882,10000
2020-08-18 09:25:01.000,4.882,5000
2020-08-18 09:25:01.000,4.882,1000
2020-08-18 09:25:01.000,4.882,10000
2020-08-18 09:25:01.000,4.882,2700
2020-08-18 09:25:01.000,4.882,159400
2020-08-18 09:25:01.000,4.882,5000
2020-08-18 09:25:01.000,4.882,15600
2020-08-18 09:25:01.000,4.882,100
2020-08-18 09:25:01.000,4.882,15100
2020-08-18 09:25:01.000,4.882,72800
2020-08-18 09:25:01.000,4.882,7000
2020-08-18 09:25:01.000,4.882,4000
2020-08-18 09:25:01.000,4.882,200
2020-08-18 09:25:01.000,4.882,5300
2020-08-18 09:25:01.000,4.882,2100
2020-08-18 09:25:01.000,4.882,10000
2020-08-18 09:25:01.000,4.882,9500
2020-08-18 09:25:01.000,4.882,5000
2020-08-18 09:25:01.000,4.882,100
2020-08-18 09:25:01.000,4.882,67800
2020-08-18 09:25:01.000,4.882,50000
2020-08-18 09:25:01.000,4.882,21100
2020-08-18 09:25:01.000,4.882,10800
2020-08-18 09:25:01.000,4.882,300
2020-08-18 09:25:01.000,4.882,1000
2020-08-18 09:25:01.000,4.882,10000
2020-08-18 09:25:01.000,4.882,5000
2020-08-18 09:25:01.000,4.882,500
2020-08-18 09:25:01.000,4.882,700
2020-08-18 09:25:01.000,4.882,3900
2020-08-18 09:25:01.000,4.882,39100
2020-08-18 09:25:01.000,4.882,1000
2020-08-18 09:25:01.000,4.882,6000
2020-08-18 09:25:01.000,4.882,5000
2020-08-18 09:25:01.000,4.882,6000
2020-08-18 09:25:01.000,4.882,1400
2020-08-18 09:25:01.000,4.882,1000
2020-08-18 09:25:01.000,4.882,7500
2020-08-18 09:25:01.000,4.882,2500
2020-08-18 09:25:01.000,4.882,5500
2020-08-18 09:25:01.000,4.882,4500
2020-08-18 09:25:01.000,4.882,25500
2020-08-18 09:25:01.000,4.882,30000
2020-08-18 09:25:01.000,4.882,4800
2020-08-18 09:25:01.000,4.882,75600
2020-08-18 09:25:01.000,4.882,10000
2020-08-18 09:25:01.000,4.882,6100
2020-08-18 09:25:01.000,4.882,4000
2020-08-18 09:25:01.000,4.882,3000
2020-08-18 09:25:01.000,4.882,5000
2020-08-18 09:25:01.000,4.882,39500
2020-08-18 09:25:01.000,4.882,300
2020-08-18 09:25:01.000,4.882,5000
2020-08-18 09:25:01.000,4.882,300
2020-08-18 09:25:01.000,4.882,12000
2020-08-18 09:25:01.000,4.882,10200
2020-08-18 09:25:01.000,4.882,10200
2020-08-18 09:25:01.000,4.882,4000
2020-08-18 09:25:01.000,4.882,1000
2020-08-18 09:25:01.000,4.882,26000
2020-08-18 09:25:01.000,4.882,4000
2020-08-18 09:25:01.000,4.882,3000
2020-08-18 09:25:01.000,4.882,10000
2020-08-18 09:25:01.000,4.882,100
2020-08-18 09:25:01.000,4.882,100
2020-08-18 09:25:01.000,4.882,200
2020-08-18 09:25:01.000,4.882,200
2020-08-18 09:25:01.000,4.882,200
2020-08-18 09:25:01.000,4.882,100
2020-08-18 09:25:01.000,4.882,100
2020-08-18 09:25:01.000,4.882,2500
2020-08-18 09:25:01.000,4.882,100
2020-08-18 09:25:01.000,4.882,5000
2020-08-18 09:25:01.000,4.882,2100
2020-08-18 09:25:01.000,4.882,700
2020-08-18 09:25:01.000,4.882,100
2020-08-18 09:25:01.000,4.882,1000
2020-08-18 09:25:01.000,4.882,178300
2020-08-18 09:25:01.000,4.882,2000
2020-08-18 09:25:01.000,4.882,800
2020-08-18 09:25:01.000,4.882,100
2020-08-18 09:25:01.000,4.882,1100
2020-08-18 09:25:01.000,4.882,100
2020-08-18 09:25:01.000,4.882,2100
2020-08-18 09:25:01.000,4.882,500
2020-08-18 09:25:01.000,4.882,1000
2020-08-18 09:25:01.000,4.882,200
2020-08-18 09:25:01.000,4.882,500
2020-08-18 09:25:01.000,4.882,100
2020-08-18 09:25:01.000,4.882,400
2020-08-18 09:25:01.000,4.882,100
2020-08-18 09:25:01.000,4.882,100
2020-08-18 09:25:01.000,4.882,400
2020-08-18 09:25:01.000,4.882,500
2020-08-18 09:25:01.000,4.882,500
2020-08-18 09:25:01.000,4.882,2300
2020-08-18 09:25:01.000,4.882,1000
2020-08-18 09:25:01.000,4.882,100
2020-08-18 09:25:01.000,4.882,1100
2020-08-18 09:25:01.000,4.882,500
2020-08-18 09:25:01.000,4.882,1000
2020-08-18 09:25:01.000,4.882,3200
2020-08-18 09:25:01.000,4.882,100
2020-08-18 09:25:01.000,4.882,3000
2020-08-18 09:25:01.000,4.882,3000
2020-08-18 09:25:01.000,4.882,5000
2020-08-18 09:25:01.000,4.882,500
2020-08-18 09:25:01.000,4.882,200
2020-08-18 09:25:01.000,4.882,9000
2020-08-18 09:25:01.000,4.882,2100
2020-08-18 09:25:01.000,4.882,2100
2020-08-18 09:25:01.000,4.882,2000
2020-08-18 09:25:01.000,4.882,900
2020-08-18 09:25:01.000,4.882,500
2020-08-18 09:25:01.000,4.882,700
2020-08-18 09:25:01.000,4.882,6000
2020-08-18 09:25:01.000,4.882,100
2020-08-18 09:25:01.000,4.882,2000
2020-08-18 09:25:01.000,4.882,3000
2020-08-18 09:25:01.000,4.882,20500
2020-08-18 09:25:01.000,4.882,2000
2020-08-18 09:25:01.000,4.882,700
2020-08-18 09:25:01.000,4.882,100
2020-08-18 09:25:01.000,4.882,3600
2020-08-18 09:25:01.000,4.882,3200
2020-08-18 09:25:01.000,4.882,100
2020-08-18 09:25:01.000,4.882,9500
2020-08-18 09:25:01.000,4.882,1200
2020-08-18 09:25:01.000,4.882,4500
2020-08-18 09:25:01.000,4.882,3000
2020-08-18 09:25:01.000,4.882,3400
2020-08-18 09:25:01.000,4.882,2000
2020-08-18 09:25:01.000,4.882,200
2020-08-18 09:25:01.000,4.882,200
2020-08-18 09:25:01.000,4.882,100
2020-08-18 09:25:01.000,4.882,10000
2020-08-18 09:25:01.000,4.882,1000
2020-08-18 09:25:01.000,4.882,100
2020-08-18 09:25:01.000,4.882,3800
2020-08-18 09:25:01.000,4.882,100
2020-08-18 09:25:01.000,4.882,100
2020-08-18 09:25:01.000,4.882,1000
2020-08-18 09:25:01.000,4.882,100
2020-08-18 09:25:01.000,4.882,1000
2020-08-18 09:25:01.000,4.882,100
2020-08-18 09:25:01.000,4.882,10000
2020-08-18 09:25:01.000,4.882,29700
2020-08-18 09:25:01.000,4.882,100
2020-08-18 09:25:01.000,4.882,100
2020-08-18 09:25:01.000,4.882,600
2020-08-18 09:25:01.000,4.882,100
2020-08-18 09:25:01.000,4.882,100
2020-08-18 09:25:01.000,4.882,40000
2020-08-18 09:25:01.000,4.882,1200
2020-08-18 09:25:01.000,4.882,1000
2020-08-18 09:25:01.000,4.882,200
2020-08-18 09:25:01.000,4.882,500
2020-08-18 09:25:01.000,4.882,5000
2020-08-18 09:25:01.000,4.882,2000
2020-08-18 09:25:01.000,4.882,600
2020-08-18 09:25:01.000,4.882,200
2020-08-18 09:25:01.000,4.882,200
2020-08-18 09:25:01.000,4.882,200
2020-08-18 09:25:01.000,4.882,100
2020-08-18 09:25:01.000,4.882,34900
2020-08-18 09:25:01.000,4.882,1100
2020-08-18 09:25:01.000,4.882,6500
2020-08-18 09:25:01.000,4.882,400
2020-08-18 09:25:01.000,4.882,1000
2020-08-18 09:25:01.000,4.882,700
2020-08-18 09:25:01.000,4.882,10000
2020-08-18 09:25:01.000,4.882,2000
2020-08-18 09:25:01.000,4.882,10000
2020-08-18 09:25:01.000,4.882,15000
2020-08-18 09:25:01.000,4.882,400
2020-08-18 09:25:01.000,4.882,15800
2020-08-18 09:25:01.000,4.882,100
2020-08-18 09:25:01.000,4.882,600
2020-08-18 09:25:01.000,4.882,13500
2020-08-18 09:25:01.000,4.882,100
2020-08-18 09:25:01.000,4.882,500
2020-08-18 09:25:01.000,4.882,1500
2020-08-18 09:25:01.000,4.882,500
2020-08-18 09:25:01.000,4.882,500
2020-08-18 09:25:01.000,4.882,100
2020-08-18 09:25:01.000,4.882,200
2020-08-18 09:25:01.000,4.882,800
2020-08-18 09:25:01.000,4.882,11200
2020-08-18 09:25:01.000,4.882,200
2020-08-18 09:25:01.000,4.882,5000
2020-08-18 09:25:01.000,4.882,5000
2020-08-18 09:25:01.000,4.882,5000
2020-08-18 09:25:01.000,4.882,2000
2020-08-18 09:25:01.000,4.882,300
2020-08-18 09:25:01.000,4.882,300
2020-08-18 09:25:01.000,4.882,7400
2020-08-18 09:25:01.000,4.882,100
2020-08-18 09:25:01.000,4.882,1000
2020-08-18 09:25:01.000,4.882,100
2020-08-18 09:25:01.000,4.882,100
2020-08-18 09:25:01.000,4.882,1000
2020-08-18 09:25:01.000,4.882,56600
2020-08-18 09:25:01.000,4.882,32200
2020-08-18 09:25:01.000,4.882,400
2020-08-18 09:25:01.000,4.882,1100
2020-08-18 09:25:01.000,4.882,1900
2020-08-18 09:25:01.000,4.882,800
2020-08-18 09:25:01.000,4.882,21000
2020-08-18 09:25:01.000,4.882,500
2020-08-18 09:25:01.000,4.882,200
2020-08-18 09:25:01.000,4.882,2000
2020-08-18 09:25:01.000,4.882,2000
2020-08-18 09:25:01.000,4.882,6700
2020-08-18 09:25:01.000,4.882,800
2020-08-18 09:25:01.000,4.882,3000
2020-08-18 09:25:01.000,4.882,5000
2020-08-18 09:25:01.000,4.882,200
2020-08-18 09:25:01.000,4.882,100
2020-08-18 09:25:01.000,4.882,5000
2020-08-18 09:25:01.000,4.882,800
2020-08-18 09:25:01.000,4.882,500
2020-08-18 09:25:01.000,4.882,100
2020-08-18 09:25:01.000,4.882,100
2020-08-18 09:25:01.000,4.882,200
2020-08-18 09:25:01.000,4.882,100
2020-08-18 09:25:01.000,4.882,1500
2020-08-18 09:25:01.000,4.882,1000
2020-08-18 09:25:01.000,4.882,200
2020-08-18 09:25:01.000,4.882,200
2020-08-18 09:25:01.000,4.882,2000
2020-08-18 09:25:01.000,4.882,200
2020-08-18 09:25:01.000,4.882,1000
2020-08-18 09:25:01.000,4.882,1000
2020-08-18 09:25:01.000,4.882,2000
2020-08-18 09:25:01.000,4.882,2000
2020-08-18 09:30:00.030,4.881,2000
2020-08-18 09:30:00.030,4.881,2100
2020-08-18 09:30:00.300,4.881,500
2020-08-18 09:30:00.400,4.881,4700
2020-08-18 09:30:00.560,4.881,1000
2020-08-18 09:30:00.560,4.881,300
2020-08-18 09:30:00.560,4.881,100
2020-08-18 09:30:00.810,4.881,200
2020-08-18 09:30:00.810,4.881,2000
2020-08-18 09:30:00.810,4.88,2100
2020-08-18 09:30:00.810,4.88,500
2020-08-18 09:30:00.810,4.88,7400
2020-08-18 09:30:00.920,4.881,10000
2020-08-18 09:30:00.920,4.88,2000
2020-08-18 09:30:00.920,4.881,5000
2020-08-18 09:30:01.040,4.881,200
2020-08-18 09:30:01.150,4.881,1000
2020-08-18 09:30:01.270,4.88,10300
2020-08-18 09:30:01.270,4.88,5500
2020-08-18 09:30:01.270,4.881,500
2020-08-18 09:30:01.380,4.881,1300
2020-08-18 09:30:01.380,4.881,800
2020-08-18 09:30:01.380,4.88,27000
2020-08-18 09:30:01.380,4.881,600
2020-08-18 09:30:01.380,4.881,1000
2020-08-18 09:30:01.380,4.881,1000
2020-08-18 09:30:01.380,4.881,100
2020-08-18 09:30:01.490,4.88,10000
2020-08-18 09:30:01.490,4.88,10000
2020-08-18 09:30:01.490,4.88,100
2020-08-18 09:30:01.610,4.881,300
2020-08-18 09:30:01.720,4.881,1000
2020-08-18 09:30:01.720,4.881,1000
2020-08-18 09:30:01.820,4.88,5000
2020-08-18 09:30:01.820,4.88,7000
2020-08-18 09:30:01.940,4.881,500
2020-08-18 09:30:01.940,4.881,200
2020-08-18 09:30:01.940,4.881,200
2020-08-18 09:30:02.050,4.881,2800
2020-08-18 09:30:02.050,4.88,10000
2020-08-18 09:30:02.050,4.881,500
2020-08-18 09:30:02.160,4.881,5000
2020-08-18 09:30:02.310,4.88,19800
2020-08-18 09:30:02.420,4.88,90000
2020-08-18 09:30:02.420,4.88,90000
2020-08-18 09:30:02.420,4.881,1000
2020-08-18 09:30:02.420,4.88,3700
2020-08-18 09:30:02.420,4.881,11400
2020-08-18 09:30:02.650,4.88,22400
2020-08-18 09:30:02.650,4.881,4700
2020-08-18 09:30:02.650,4.881,18700
2020-08-18 09:30:02.880,4.881,1000
2020-08-18 09:30:02.880,4.881,1900
2020-08-18 09:30:02.880,4.88,10000
2020-08-18 09:30:02.880,4.881,600
2020-08-18 09:30:03.000,4.881,2100
2020-08-18 09:30:03.000,4.881,5000
2020-08-18 09:30:03.000,4.88,169800
2020-08-18 09:30:03.000,4.88,200
2020-08-18 09:30:03.000,4.88,100
2020-08-18 09:30:03.000,4.88,100
2020-08-18 09:30:03.000,4.879,20000
2020-08-18 09:30:03.000,4.879,5700
2020-08-18 09:30:03.000,4.879,200
2020-08-18 09:30:03.110,4.879,103900
2020-08-18 09:30:03.110,4.881,46100
2020-08-18 09:30:03.110,4.881,20000
2020-08-18 09:30:03.230,4.881,4000
2020-08-18 09:30:03.340,4.881,44400
2020-08-18 09:30:03.340,4.88,10300
2020-08-18 09:30:03.340,4.878,100
2020-08-18 09:30:03.340,4.881,93200
2020-08-18 09:30:03.340,4.881,6800
2020-08-18 09:30:03.340,4.881,3200
2020-08-18 09:30:03.340,4.881,6800
2020-08-18 09:30:03.340,4.881,3200
2020-08-18 09:30:03.340,4.881,3600
2020-08-18 09:30:03.340,4.881,800
2020-08-18 09:30:03.340,4.881,200
2020-08-18 09:30:03.340,4.881,2200
2020-08-18 09:30:03.690,4.88,300
2020-08-18 09:30:03.690,4.878,2900
2020-08-18 09:30:03.690,4.878,200
2020-08-18 09:30:03.690,4.878,2000
2020-08-18 09:30:03.690,4.878,63000
2020-08-18 09:30:03.690,4.878,300
2020-08-18 09:30:03.690,4.878,10000
2020-08-18 09:30:03.690,4.878,300
2020-08-18 09:30:03.690,4.878,10100
2020-08-18 09:30:03.690,4.878,10900
2020-08-18 09:30:04.090,4.88,100
2020-08-18 09:30:04.230,4.88,5000
2020-08-18 09:30:04.290,4.88,100
2020-08-18 09:30:04.290,4.878,6800
2020-08-18 09:30:04.290,4.878,3200
2020-08-18 09:30:04.290,4.88,150000
2020-08-18 09:30:04.410,4.88,700
2020-08-18 09:30:04.410,4.88,200
2020-08-18 09:30:04.410,4.88,21000
2020-08-18 09:30:04.410,4.88,100
2020-08-18 09:30:04.410,4.88,1000
2020-08-18 09:30:04.410,4.88,3000
2020-08-18 09:30:04.530,4.88,40400
2020-08-18 09:30:04.530,4.88,1900
2020-08-18 09:30:04.530,4.88,2000
2020-08-18 09:30:04.650,4.88,5200
2020-08-18 09:30:04.650,4.88,2100
2020-08-18 09:30:04.770,4.88,200
2020-08-18 09:30:04.770,4.88,67000
2020-08-18 09:30:04.770,4.881,5000
2020-08-18 09:30:04.770,4.881,400
2020-08-18 09:30:04.770,4.881,8800
2020-08-18 09:30:04.770,4.881,11100
2020-08-18 09:30:04.770,4.881,10000
2020-08-18 09:30:04.770,4.881,6000
2020-08-18 09:30:04.770,4.881,6000
2020-08-18 09:30:04.770,4.881,12600
2020-08-18 09:30:04.770,4.881,36100
2020-08-18 09:30:04.770,4.881,600
2020-08-18 09:30:04.770,4.881,1500
2020-08-18 09:30:04.770,4.881,8000
2020-08-18 09:30:04.770,4.881,4200
2020-08-18 09:30:04.770,4.882,8000
2020-08-18 09:30:04.900,4.88,2100
2020-08-18 09:30:05.040,4.88,5000
2020-08-18 09:30:05.040,4.88,2500
2020-08-18 09:30:05.040,4.88,3000
2020-08-18 09:30:05.350,4.88,3000
2020-08-18 09:30:05.350,4.88,500
2020-08-18 09:30:05.360,4.88,3900
2020-08-18 09:30:05.360,4.881,11400
2020-08-18 09:30:05.360,4.878,2100
2020-08-18 09:30:05.610,4.881,10000
2020-08-18 09:30:05.610,4.881,11200
2020-08-18 09:30:05.610,4.881,4000
2020-08-18 09:30:05.730,4.88,300
2020-08-18 09:30:05.730,4.88,1000
2020-08-18 09:30:05.730,4.88,3000
2020-08-18 09:30:05.870,4.88,1000
2020-08-18 09:30:05.870,4.88,1000
2020-08-18 09:30:05.990,4.88,3000
2020-08-18 09:30:06.060,4.88,100
2020-08-18 09:30:06.060,4.88,600
2020-08-18 09:30:06.060,4.88,9400
2020-08-18 09:30:06.060,4.88,3000
2020-08-18 09:30:06.060,4.88,5000
2020-08-18 09:30:06.270,4.88,10000
2020-08-18 09:30:06.270,4.88,1000
2020-08-18 09:30:06.500,4.88,100
2020-08-18 09:30:06.610,4.88,5700
2020-08-18 09:30:06.610,4.88,6000
2020-08-18 09:30:06.680,4.881,100
2020-08-18 09:30:06.840,4.88,4000
2020-08-18 09:30:06.840,4.878,2600
2020-08-18 09:30:06.910,4.881,2200
2020-08-18 09:30:06.950,4.881,152000
2020-08-18 09:30:06.950,4.881,5000
2020-08-18 09:30:06.950,4.881,100
2020-08-18 09:30:06.950,4.881,47000
2020-08-18 09:30:06.950,4.881,5000
2020-08-18 09:30:07.360,4.881,700
2020-08-18 09:30:07.520,4.882,10000
2020-08-18 09:30:07.550,4.882,10000
2020-08-18 09:30:07.790,4.881,100
2020-08-18 09:30:07.790,4.881,100
2020-08-18 09:30:07.790,4.881,100
2020-08-18 09:30:07.790,4.881,700
2020-08-18 09:30:07.790,4.882,600
2020-08-18 09:30:07.890,4.882,1000
2020-08-18 09:30:08.030,4.882,200
2020-08-18 09:30:08.290,4.881,100
2020-08-18 09:30:08.290,4.882,37300
2020-08-18 09:30:08.290,4.882,4000
2020-08-18 09:30:08.290,4.882,50000
2020-08-18 09:30:08.290,4.882,1000
2020-08-18 09:30:08.290,4.882,1000
2020-08-18 09:30:08.290,4.882,4600
2020-08-18 09:30:08.290,4.882,3800
2020-08-18 09:30:08.290,4.882,100
2020-08-18 09:30:08.290,4.882,400
2020-08-18 09:30:08.290,4.882,60300
2020-08-18 09:30:08.290,4.882,200
2020-08-18 09:30:08.290,4.882,2000
2020-08-18 09:30:08.470,4.882,40100
2020-08-18 09:30:08.470,4.882,100
2020-08-18 09:30:08.470,4.882,600
2020-08-18 09:30:08.540,4.881,500
2020-08-18 09:30:08.540,4.883,1800
2020-08-18 09:30:08.540,4.883,100
2020-08-18 09:30:08.540,4.883,3700
2020-08-18 09:30:08.540,4.883,90000
2020-08-18 09:30:08.540,4.883,3000
2020-08-18 09:30:08.540,4.883,6000
2020-08-18 09:30:08.540,4.883,2400
2020-08-18 09:30:08.540,4.883,4000
2020-08-18 09:30:08.540,4.883,8900
2020-08-18 09:30:08.540,4.883,5000
2020-08-18 09:30:08.540,4.883,3000
2020-08-18 09:30:08.540,4.883,81600
2020-08-18 09:30:08.710,4.883,6100
2020-08-18 09:30:08.900,4.882,100
2020-08-18 09:30:09.010,4.883,2000
2020-08-18 09:30:09.170,4.882,400
2020-08-18 09:30:09.170,4.882,500
2020-08-18 09:30:09.170,4.882,5600
2020-08-18 09:30:09.170,4.882,1000
2020-08-18 09:30:09.170,4.88,2500
2020-08-18 09:30:09.240,4.882,500
2020-08-18 09:30:09.370,4.881,2000
2020-08-18 09:30:09.370,4.883,18500
2020-08-18 09:30:09.610,4.884,100
2020-08-18 09:30:09.610,4.884,100
2020-08-18 09:30:09.610,4.884,100
2020-08-18 09:30:09.610,4.882,100
2020-08-18 09:30:09.610,4.882,400
2020-08-18 09:30:09.700,4.884,20000
2020-08-18 09:30:09.770,4.884,10000
2020-08-18 09:30:10.050,4.882,1100
2020-08-18 09:30:10.050,4.882,400
2020-08-18 09:30:10.120,4.882,100
2020-08-18 09:30:10.270,4.882,2500
2020-08-18 09:30:10.270,4.882,200
2020-08-18 09:30:10.270,4.882,100
2020-08-18 09:30:10.270,4.882,1000
2020-08-18 09:30:10.270,4.882,1000
2020-08-18 09:30:10.270,4.881,100
2020-08-18 09:30:10.270,4.88,18000
2020-08-18 09:30:10.270,4.88,100
2020-08-18 09:30:10.270,4.879,10000
2020-08-18 09:30:10.270,4.878,33100
2020-08-18 09:30:10.270,4.878,600
2020-08-18 09:30:10.270,4.878,10000
2020-08-18 09:30:10.270,4.877,200
2020-08-18 09:30:10.270,4.877,700
2020-08-18 09:30:10.270,4.877,100
2020-08-18 09:30:10.270,4.877,100
2020-08-18 09:30:10.270,4.877,1200
2020-08-18 09:30:10.270,4.877,2500
2020-08-18 09:30:10.270,4.877,300
2020-08-18 09:30:10.270,4.877,200
2020-08-18 09:30:10.270,4.877,3700
2020-08-18 09:30:10.270,4.877,500
2020-08-18 09:30:10.270,4.877,2300
2020-08-18 09:30:10.270,4.877,100
2020-08-18 09:30:10.270,4.877,2000
2020-08-18 09:30:10.270,4.877,100
2020-08-18 09:30:10.270,4.877,100
2020-08-18 09:30:10.270,4.877,3900
2020-08-18 09:30:10.270,4.877,100
2020-08-18 09:30:10.270,4.877,100
2020-08-18 09:30:10.270,4.877,7100
2020-08-18 09:30:10.410,4.882,2000
2020-08-18 09:30:10.920,4.883,1900
2020-08-18 09:30:10.920,4.882,1800
2020-08-18 09:30:11.020,4.882,2000
2020-08-18 09:30:11.300,4.882,200
2020-08-18 09:30:11.360,4.884,700
2020-08-18 09:30:11.440,4.882,800
2020-08-18 09:30:11.630,4.882,100
2020-08-18 09:30:11.770,4.882,3100
2020-08-18 09:30:11.770,4.882,1500
2020-08-18 09:30:11.770,4.882,100
2020-08-18 09:30:11.770,4.882,900
2020-08-18 09:30:11.770,4.882,1000
2020-08-18 09:30:11.770,4.882,1000
2020-08-18 09:30:11.770,4.882,600
2020-08-18 09:30:11.770,4.88,2100
2020-08-18 09:30:11.870,4.882,100
2020-08-18 09:30:12.050,4.881,100
2020-08-18 09:30:12.090,4.881,800
2020-08-18 09:30:12.090,4.881,10000
2020-08-18 09:30:12.090,4.882,5500
2020-08-18 09:30:12.660,4.883,1100
2020-08-18 09:30:12.830,4.883,13100
2020-08-18 09:30:12.830,4.883,400
2020-08-18 09:30:12.830,4.882,100
2020-08-18 09:30:12.830,4.88,86400
2020-08-18 09:30:13.650,4.88,500
2020-08-18 09:30:13.960,4.882,100
2020-08-18 09:30:13.960,4.882,200
2020-08-18 09:30:13.960,4.88,10000
2020-08-18 09:30:14.030,4.88,2900
2020-08-18 09:30:14.580,4.88,100
2020-08-18 09:30:14.580,4.881,200
2020-08-18 09:30:14.580,4.881,200
2020-08-18 09:30:14.620,4.882,4700
2020-08-18 09:30:14.620,4.882,5600
2020-08-18 09:30:14.620,4.882,9700
2020-08-18 09:30:15.210,4.882,20000
2020-08-18 09:30:15.410,4.882,100
2020-08-18 09:30:15.650,4.882,14900
2020-08-18 09:30:15.990,4.882,22600
2020-08-18 09:30:16.830,4.882,10600
2020-08-18 09:30:16.830,4.882,3000
2020-08-18 09:30:16.830,4.882,286400
2020-08-18 09:30:17.540,4.883,200
2020-08-18 09:30:17.590,4.882,9800
2020-08-18 09:30:17.590,4.884,49000
2020-08-18 09:30:17.590,4.884,10000
2020-08-18 09:30:17.590,4.884,231200
2020-08-18 09:30:18.080,4.881,10000
2020-08-18 09:30:18.080,4.881,9800
2020-08-18 09:30:18.530,4.881,10000
2020-08-18 09:30:19.810,4.88,90200
2020-08-18 09:30:19.810,4.88,206100
2020-08-18 09:30:20.710,4.88,8400
2020-08-18 09:30:21.120,4.88,1600
2020-08-18 09:30:21.120,4.881,400
2020-08-18 09:30:21.740,4.881,80000
2020-08-18 09:30:21.980,4.881,200
2020-08-18 09:30:22.630,4.88,1400
2020-08-18 09:30:23.700,4.88,1600
2020-08-18 09:30:24.180,4.88,3000
2020-08-18 09:30:24.400,4.88,295400
2020-08-18 09:30:24.400,4.881,4600
2020-08-18 09:30:24.940,4.881,53000
2020-08-18 09:30:24.940,4.881,25000
2020-08-18 09:30:24.940,4.881,100
2020-08-18 09:30:24.940,4.881,10000
2020-08-18 09:30:24.940,4.881,6500
2020-08-18 09:30:24.940,4.881,1500
2020-08-18 09:30:24.940,4.882,20000
2020-08-18 09:30:24.940,4.882,100
2020-08-18 09:30:24.940,4.882,20000
2020-08-18 09:30:27.760,4.882,50000
2020-08-18 09:30:28.380,4.881,3000
2020-08-18 09:30:28.380,4.88,2000
2020-08-18 09:30:28.380,4.879,3600
2020-08-18 09:30:28.380,4.878,200
2020-08-18 09:30:28.470,4.878,3000
2020-08-18 09:30:29.800,4.878,800
2020-08-18 09:30:30.440,4.883,1000
2020-08-18 09:30:30.440,4.883,5000
2020-08-18 09:30:30.440,4.884,97900
2020-08-18 09:30:31.790,4.882,5000
2020-08-18 09:30:32.380,4.882,100
2020-08-18 09:30:32.500,4.882,500
2020-08-18 09:30:33.520,4.883,2100
2020-08-18 09:30:34.350,4.883,500
2020-08-18 09:30:34.350,4.883,15500
2020-08-18 09:30:34.760,4.883,1000
2020-08-18 09:30:34.820,4.883,800
2020-08-18 09:30:34.940,4.883,5000
2020-08-18 09:30:35.440,4.883,7700
2020-08-18 09:30:35.440,4.882,4600
2020-08-18 09:30:35.660,4.882,1000
2020-08-18 09:30:37.030,4.882,1700
2020-08-18 09:30:38.710,4.882,100
2020-08-18 09:30:39.000,4.881,11100
2020-08-18 09:30:39.820,4.881,1100
2020-08-18 09:30:39.850,4.881,3100
2020-08-18 09:30:39.880,4.882,800
2020-08-18 09:30:39.910,4.882,400
2020-08-18 09:30:40.100,4.882,1400
2020-08-18 09:30:40.310,4.881,6300
2020-08-18 09:30:40.310,4.881,9700
2020-08-18 09:30:40.580,4.88,200
2020-08-18 09:30:40.580,4.88,100
2020-08-18 09:30:40.580,4.879,200
2020-08-18 09:30:42.570,4.881,2700
2020-08-18 09:30:42.570,4.881,3300
2020-08-18 09:30:44.200,4.881,16700
2020-08-18 09:30:44.200,4.881,1000
2020-08-18 09:30:44.200,4.882,3200
2020-08-18 09:30:45.220,4.88,2500
2020-08-18 09:30:45.220,4.88,2000
2020-08-18 09:30:45.220,4.879,1300
2020-08-18 09:30:45.500,4.881,1800
2020-08-18 09:30:45.520,4.882,200
2020-08-18 09:30:45.520,4.882,300
2020-08-18 09:30:46.610,4.882,2500
2020-08-18 09:30:47.070,4.882,2600
2020-08-18 09:30:47.070,4.882,5300
2020-08-18 09:30:47.070,4.882,90000
2020-08-18 09:30:47.070,4.882,700
2020-08-18 09:30:47.070,4.882,100
2020-08-18 09:30:47.070,4.882,100000
2020-08-18 09:30:47.740,4.882,200
2020-08-18 09:30:47.880,4.882,101100
2020-08-18 09:30:47.880,4.882,5400
2020-08-18 09:30:47.880,4.881,9500
2020-08-18 09:30:48.230,4.881,10000
2020-08-18 09:30:48.570,4.881,10000
2020-08-18 09:30:48.570,4.881,1400
2020-08-18 09:30:49.420,4.881,4600
2020-08-18 09:30:50.120,4.882,2000
2020-08-18 09:30:50.370,4.881,1000
2020-08-18 09:30:50.930,4.881,1700
2020-08-18 09:30:50.930,4.881,1000
2020-08-18 09:30:51.790,4.881,1000
2020-08-18 09:30:52.110,4.88,1200
2020-08-18 09:30:54.740,4.881,200
2020-08-18 09:30:54.740,4.881,6900
2020-08-18 09:30:54.740,4.882,18000
2020-08-18 09:30:54.740,4.882,60000
2020-08-18 09:30:54.740,4.882,14000
2020-08-18 09:30:54.740,4.883,10000
2020-08-18 09:30:54.740,4.883,4100
2020-08-18 09:30:54.740,4.883,200
2020-08-18 09:30:54.740,4.883,3000
2020-08-18 09:30:54.740,4.883,20000
2020-08-18 09:30:54.740,4.883,100
2020-08-18 09:30:56.190,4.88,800
2020-08-18 09:30:57.410,4.88,5300
2020-08-18 09:30:59.180,4.879,3500
2020-08-18 09:30:59.180,4.879,100
2020-08-18 09:30:59.180,4.879,6000
2020-08-18 09:30:59.180,4.879,1400
2020-08-18 09:31:00.350,4.88,1000
2020-08-18 09:31:00.840,4.879,6000
2020-08-18 09:31:01.070,4.88,3900
2020-08-18 09:31:01.930,4.88,9600
2020-08-18 09:31:01.930,4.88,1400
2020-08-18 09:31:01.930,4.88,2000
2020-08-18 09:31:01.930,4.88,100
2020-08-18 09:31:01.930,4.88,1500
2020-08-18 09:31:01.930,4.88,100
2020-08-18 09:31:02.480,4.88,100
2020-08-18 09:31:03.480,4.88,1000
2020-08-18 09:31:03.510,4.881,200
2020-08-18 09:31:03.510,4.881,16300
2020-08-18 09:31:06.060,4.88,100
2020-08-18 09:31:06.570,4.881,36900
2020-08-18 09:31:07.060,4.88,1000
2020-08-18 09:31:07.320,4.881,15000
2020-08-18 09:31:08.020,4.88,5000
2020-08-18 09:31:08.540,4.88,38100
2020-08-18 09:31:08.540,4.88,2100
2020-08-18 09:31:08.540,4.88,500
2020-08-18 09:31:09.390,4.879,1000
2020-08-18 09:31:09.570,4.879,900
2020-08-18 09:31:11.320,4.88,1100
2020-08-18 09:31:11.480,4.88,100
2020-08-18 09:31:12.310,4.88,2000
2020-08-18 09:31:12.690,4.88,300
2020-08-18 09:31:14.310,4.88,400
2020-08-18 09:31:14.410,4.88,5000
2020-08-18 09:31:15.030,4.879,900
2020-08-18 09:31:15.550,4.879,2000
2020-08-18 09:31:15.660,4.879,37800
2020-08-18 09:31:15.660,4.879,3000
2020-08-18 09:31:15.660,4.879,1000
2020-08-18 09:31:15.660,4.879,100
2020-08-18 09:31:15.780,4.879,400
2020-08-18 09:31:16.010,4.879,300
2020-08-18 09:31:16.570,4.879,100
2020-08-18 09:31:16.860,4.879,7300
2020-08-18 09:31:16.860,4.879,2000
2020-08-18 09:31:16.860,4.88,700
2020-08-18 09:31:17.390,4.878,1000
2020-08-18 09:31:17.390,4.878,31100
2020-08-18 09:31:17.480,4.88,200
2020-08-18 09:31:18.620,4.879,100
2020-08-18 09:31:18.680,4.879,23000
2020-08-18 09:31:18.680,4.88,7400
2020-08-18 09:31:18.680,4.88,56700
2020-08-18 09:31:18.680,4.88,212900
2020-08-18 09:31:18.730,4.879,100
2020-08-18 09:31:18.920,4.879,19900
2020-08-18 09:31:19.190,4.879,1900
2020-08-18 09:31:19.350,4.879,25300
2020-08-18 09:31:19.350,4.88,574700
2020-08-18 09:31:20.220,4.879,1000
2020-08-18 09:31:20.220,4.88,10000
2020-08-18 09:31:21.030,4.879,18200
2020-08-18 09:31:21.310,4.88,102400
2020-08-18 09:31:21.310,4.88,400
2020-08-18 09:31:21.310,4.88,2300
2020-08-18 09:31:21.310,4.88,900
2020-08-18 09:31:21.310,4.88,1900
2020-08-18 09:31:21.310,4.88,192100
2020-08-18 09:31:21.650,4.88,20000
2020-08-18 09:31:21.650,4.879,100
2020-08-18 09:31:23.240,4.879,3000
2020-08-18 09:31:23.300,4.88,10000
2020-08-18 09:31:23.490,4.88,6000
2020-08-18 09:31:23.590,4.88,10000
2020-08-18 09:31:23.650,4.88,10000
2020-08-18 09:31:23.900,4.879,800
2020-08-18 09:31:23.990,4.88,2000
2020-08-18 09:31:24.320,4.88,10000
2020-08-18 09:31:24.320,4.879,200
2020-08-18 09:31:24.560,4.879,5000
2020-08-18 09:31:24.770,4.88,20000
2020-08-18 09:31:24.940,4.88,10000
2020-08-18 09:31:25.100,4.88,10000
2020-08-18 09:31:25.140,4.879,5500
2020-08-18 09:31:25.160,4.88,10000
2020-08-18 09:31:25.500,4.88,10000
2020-08-18 09:31:26.060,4.879,1000
2020-08-18 09:31:26.060,4.879,9000
2020-08-18 09:31:26.300,4.879,500
2020-08-18 09:31:26.360,4.88,100
2020-08-18 09:31:27.240,4.879,3000
2020-08-18 09:31:27.430,4.88,50000
2020-08-18 09:31:27.640,4.88,700
2020-08-18 09:31:28.100,4.879,1000
2020-08-18 09:31:29.220,4.88,500
2020-08-18 09:31:29.240,4.88,20000
2020-08-18 09:31:29.460,4.88,40000
2020-08-18 09:31:29.510,4.88,100000
2020-08-18 09:31:29.510,4.88,10000
2020-08-18 09:31:29.510,4.88,10000
2020-08-18 09:31:29.510,4.88,10000
2020-08-18 09:31:29.510,4.88,100000
2020-08-18 09:31:29.510,4.88,40000
2020-08-18 09:31:29.510,4.88,100000
2020-08-18 09:31:29.510,4.88,10000
2020-08-18 09:31:29.510,4.88,100000
2020-08-18 09:31:29.650,4.88,88600
2020-08-18 09:31:29.650,4.88,2000
2020-08-18 09:31:29.650,4.88,1000
2020-08-18 09:31:29.650,4.88,1600
2020-08-18 09:31:29.650,4.88,66100
2020-08-18 09:31:29.770,4.88,40000
2020-08-18 09:31:30.060,4.88,41800
2020-08-18 09:31:30.370,4.879,200
2020-08-18 09:31:30.630,4.88,2100
2020-08-18 09:31:30.630,4.88,200
2020-08-18 09:31:30.630,4.88,7700
2020-08-18 09:31:31.140,4.88,10000
2020-08-18 09:31:31.400,4.879,500
2020-08-18 09:31:31.400,4.879,3000
2020-08-18 09:31:31.520,4.88,34400
2020-08-18 09:31:31.520,4.88,100
2020-08-18 09:31:31.520,4.88,500
2020-08-18 09:31:31.520,4.88,265000
2020-08-18 09:31:31.570,4.88,300000
2020-08-18 09:31:31.660,4.88,10000
2020-08-18 09:31:31.660,4.88,300000
2020-08-18 09:31:31.690,4.88,10000
2020-08-18 09:31:31.750,4.879,100
2020-08-18 09:31:31.750,4.879,1800
2020-08-18 09:31:32.010,4.88,115000
2020-08-18 09:31:32.010,4.88,2000
2020-08-18 09:31:32.010,4.88,2000
2020-08-18 09:31:32.010,4.88,1900
2020-08-18 09:31:32.010,4.88,900
2020-08-18 09:31:32.010,4.88,1000
2020-08-18 09:31:32.010,4.88,200
2020-08-18 09:31:32.010,4.88,1900
2020-08-18 09:31:32.490,4.881,1800
2020-08-18 09:31:32.490,4.881,5000
2020-08-18 09:31:32.490,4.881,800
2020-08-18 09:31:32.490,4.881,2400
2020-08-18 09:31:32.640,4.881,5200
2020-08-18 09:31:32.640,4.882,1100
2020-08-18 09:31:32.640,4.882,100
2020-08-18 09:31:32.640,4.882,5400
2020-08-18 09:31:32.640,4.882,4100
2020-08-18 09:31:32.640,4.882,16200
2020-08-18 09:31:32.640,4.882,7900
2020-08-18 09:31:33.590,4.88,100
2020-08-18 09:31:33.590,4.88,2800
2020-08-18 09:31:33.630,4.88,1800
2020-08-18 09:31:33.630,4.881,6500
2020-08-18 09:31:33.860,4.88,3400
2020-08-18 09:31:33.860,4.881,10000
2020-08-18 09:31:35.140,4.88,2000
2020-08-18 09:31:35.140,4.88,1000
2020-08-18 09:31:35.140,4.88,4000
2020-08-18 09:31:36.070,4.882,1100
2020-08-18 09:31:36.070,4.882,33900
2020-08-18 09:31:36.070,4.882,10000
2020-08-18 09:31:36.070,4.882,4000
2020-08-18 09:31:36.070,4.882,200
2020-08-18 09:31:36.070,4.882,800
2020-08-18 09:31:36.840,4.882,300
2020-08-18 09:31:36.840,4.882,9700
2020-08-18 09:31:36.980,4.88,100
2020-08-18 09:31:37.700,4.881,200
2020-08-18 09:31:37.700,4.882,3200
2020-08-18 09:31:38.680,4.882,100
2020-08-18 09:31:38.680,4.882,400
2020-08-18 09:31:39.140,4.881,1000
2020-08-18 09:31:39.690,4.882,600
2020-08-18 09:31:39.690,4.882,9300
2020-08-18 09:31:40.610,4.882,3400
2020-08-18 09:31:40.750,4.882,200
2020-08-18 09:31:41.170,4.883,4900
2020-08-18 09:31:41.170,4.883,5000
2020-08-18 09:31:41.170,4.883,3000
2020-08-18 09:31:41.170,4.883,27100
2020-08-18 09:31:41.170,4.883,40000
2020-08-18 09:31:41.250,4.883,38500
2020-08-18 09:31:41.730,4.883,1500
2020-08-18 09:31:41.730,4.882,4800
2020-08-18 09:31:42.930,4.883,100
2020-08-18 09:31:42.930,4.882,800
2020-08-18 09:31:43.520,4.882,700
2020-08-18 09:31:43.600,4.882,10000
2020-08-18 09:31:44.270,4.884,16500
2020-08-18 09:31:44.270,4.884,1300
2020-08-18 09:31:44.270,4.884,10000
2020-08-18 09:31:44.270,4.884,5000
2020-08-18 09:31:44.270,4.884,9300
2020-08-18 09:31:44.270,4.884,4900
2020-08-18 09:31:44.270,4.884,20000
2020-08-18 09:31:44.270,4.884,9400
2020-08-18 09:31:44.270,4.884,106000
2020-08-18 09:31:44.270,4.884,58700
2020-08-18 09:31:44.270,4.884,100
2020-08-18 09:31:45.440,4.885,100
2020-08-18 09:31:45.440,4.885,700
2020-08-18 09:31:45.500,4.884,1000
2020-08-18 09:31:45.670,4.884,100
2020-08-18 09:31:46.220,4.884,200
2020-08-18 09:31:47.600,4.885,3300
2020-08-18 09:31:47.600,4.885,2500
2020-08-18 09:31:47.600,4.885,8300
2020-08-18 09:31:47.600,4.885,24000
2020-08-18 09:31:47.600,4.885,1000
2020-08-18 09:31:47.600,4.885,100
2020-08-18 09:31:47.600,4.885,300
2020-08-18 09:31:47.600,4.885,300
2020-08-18 09:31:47.600,4.885,5000
2020-08-18 09:31:47.600,4.886,21000
2020-08-18 09:31:47.600,4.886,100
2020-08-18 09:31:47.600,4.886,10000
2020-08-18 09:31:47.600,4.886,1500
2020-08-18 09:31:47.600,4.886,3400
2020-08-18 09:31:47.600,4.886,500
2020-08-18 09:31:47.600,4.886,4700
2020-08-18 09:31:47.790,4.884,9400
2020-08-18 09:31:48.030,4.884,500
2020-08-18 09:31:48.060,4.884,2800
2020-08-18 09:31:48.410,4.884,10000
2020-08-18 09:31:51.050,4.884,2500
2020-08-18 09:31:51.840,4.885,10000
2020-08-18 09:31:52.840,4.885,100
2020-08-18 09:31:52.840,4.885,100
2020-08-18 09:31:52.840,4.884,2600
2020-08-18 09:31:54.860,4.884,3000
2020-08-18 09:31:56.160,4.886,700
2020-08-18 09:31:56.160,4.886,200
2020-08-18 09:31:56.160,4.886,8800
2020-08-18 09:31:56.520,4.886,15200
2020-08-18 09:31:56.610,4.886,11500
2020-08-18 09:31:56.610,4.885,4000
2020-08-18 09:31:56.800,4.884,2000
2020-08-18 09:31:57.940,4.885,8000
2020-08-18 09:32:00.150,4.885,200
2020-08-18 09:32:00.830,4.885,1100
2020-08-18 09:32:01.180,4.885,300
2020-08-18 09:32:01.470,4.885,500
2020-08-18 09:32:03.140,4.885,30000
2020-08-18 09:32:03.140,4.885,7500
2020-08-18 09:32:03.550,4.885,205000
2020-08-18 09:32:03.790,4.885,100
2020-08-18 09:32:04.870,4.884,500
2020-08-18 09:32:06.020,4.885,2500
2020-08-18 09:32:06.170,4.885,1900
2020-08-18 09:32:06.420,4.885,100
2020-08-18 09:32:06.750,4.884,500
2020-08-18 09:32:06.750,4.884,2000
2020-08-18 09:32:06.750,4.884,2400
2020-08-18 09:32:06.750,4.884,5000
2020-08-18 09:32:06.750,4.884,6200
2020-08-18 09:32:06.750,4.884,1000
2020-08-18 09:32:06.750,4.884,6000
2020-08-18 09:32:06.750,4.884,12600
2020-08-18 09:32:06.750,4.884,100
2020-08-18 09:32:06.750,4.883,7500
2020-08-18 09:32:07.160,4.885,400
2020-08-18 09:32:08.900,4.885,3600
2020-08-18 09:32:08.900,4.885,15000
2020-08-18 09:32:09.140,4.885,1500
2020-08-18 09:32:09.260,4.885,3500
2020-08-18 09:32:09.260,4.885,10000
2020-08-18 09:32:09.290,4.885,100
2020-08-18 09:32:09.320,4.885,20000
2020-08-18 09:32:09.410,4.884,200
2020-08-18 09:32:09.510,4.885,4800
2020-08-18 09:32:09.660,4.885,10000
2020-08-18 09:32:09.910,4.884,1000
2020-08-18 09:32:10.090,4.884,1300
2020-08-18 09:32:10.090,4.884,4100
2020-08-18 09:32:10.190,4.885,300000
2020-08-18 09:32:10.270,4.885,258400
2020-08-18 09:32:10.270,4.885,1000
2020-08-18 09:32:10.270,4.885,300
2020-08-18 09:32:10.270,4.885,1000
2020-08-18 09:32:10.270,4.887,500
2020-08-18 09:32:10.270,4.887,38800
2020-08-18 09:32:10.770,4.887,32800
2020-08-18 09:32:10.770,4.887,7000
2020-08-18 09:32:10.770,4.887,1000
2020-08-18 09:32:10.770,4.887,100
2020-08-18 09:32:10.770,4.887,1000
2020-08-18 09:32:10.770,4.887,10000
2020-08-18 09:32:11.050,4.887,15000
2020-08-18 09:32:11.220,4.888,5000
2020-08-18 09:32:11.220,4.888,400
2020-08-18 09:32:11.220,4.888,4900
2020-08-18 09:32:11.220,4.888,300
2020-08-18 09:32:11.220,4.888,500
2020-08-18 09:32:11.220,4.888,2000
2020-08-18 09:32:11.220,4.888,10000
2020-08-18 09:32:11.220,4.889,8600
2020-08-18 09:32:12.220,4.888,1500
2020-08-18 09:32:12.220,4.889,800
2020-08-18 09:32:12.220,4.889,19100
2020-08-18 09:32:12.610,4.886,500
2020-08-18 09:32:13.750,4.887,500
2020-08-18 09:32:14.030,4.887,200
2020-08-18 09:32:14.780,4.887,400
2020-08-18 09:32:14.810,4.887,10000
2020-08-18 09:32:16.290,4.886,20000
2020-08-18 09:32:18.160,4.887,2100
2020-08-18 09:32:19.850,4.889,8400
2020-08-18 09:32:20.240,4.889,10000
2020-08-18 09:32:21.130,4.888,100
2020-08-18 09:32:21.510,4.889,6000
2020-08-18 09:32:21.850,4.889,200
2020-08-18 09:32:22.130,4.888,200
2020-08-18 09:32:22.200,4.889,6300
2020-08-18 09:32:22.200,4.889,500
2020-08-18 09:32:22.200,4.889,14500
2020-08-18 09:32:22.200,4.889,500
2020-08-18 09:32:22.200,4.889,8200
2020-08-18 09:32:23.020,4.888,9700
2020-08-18 09:32:23.020,4.888,300
2020-08-18 09:32:23.680,4.889,1000
2020-08-18 09:32:25.130,4.889,800
2020-08-18 09:32:25.130,4.889,5000
2020-08-18 09:32:25.130,4.889,1000
2020-08-18 09:32:25.130,4.889,1000
2020-08-18 09:32:25.130,4.889,500
2020-08-18 09:32:25.130,4.89,800
2020-08-18 09:32:25.130,4.89,900
2020-08-18 09:32:25.320,4.89,4400
2020-08-18 09:32:25.320,4.89,500
2020-08-18 09:32:25.320,4.89,100
2020-08-18 09:32:25.320,4.89,3000
2020-08-18 09:32:25.320,4.89,33700
2020-08-18 09:32:25.320,4.89,6400
2020-08-18 09:32:25.320,4.89,500
2020-08-18 09:32:25.320,4.89,20000
2020-08-18 09:32:25.320,4.89,5000
2020-08-18 09:32:25.320,4.89,6200
2020-08-18 09:32:25.320,4.89,2400
2020-08-18 09:32:25.320,4.89,4200
2020-08-18 09:32:25.320,4.89,3000
2020-08-18 09:32:25.320,4.89,15000
2020-08-18 09:32:25.320,4.89,6000
2020-08-18 09:32:25.320,4.89,100
2020-08-18 09:32:25.320,4.89,1000
2020-08-18 09:32:25.320,4.89,1000
2020-08-18 09:32:25.320,4.89,1000
2020-08-18 09:32:25.320,4.89,500
2020-08-18 09:32:25.320,4.89,100
2020-08-18 09:32:25.960,4.89,28900
2020-08-18 09:32:26.630,4.89,80400
2020-08-18 09:32:26.630,4.889,4500
2020-08-18 09:32:26.630,4.888,39700
2020-08-18 09:32:26.630,4.888,400
2020-08-18 09:32:26.630,4.888,21200
2020-08-18 09:32:26.630,4.888,200
2020-08-18 09:32:26.690,4.888,20000
2020-08-18 09:32:26.860,4.888,92100
2020-08-18 09:32:26.920,4.888,41500
2020-08-18 09:32:26.920,4.888,200
2020-08-18 09:32:26.920,4.888,10000
2020-08-18 09:32:27.060,4.891,2300
2020-08-18 09:32:27.180,4.889,1800
2020-08-18 09:32:27.180,4.889,40100
2020-08-18 09:32:27.700,4.889,800
2020-08-18 09:32:27.920,4.89,204300
2020-08-18 09:32:28.260,4.889,4300
2020-08-18 09:32:29.010,4.889,700
2020-08-18 09:32:29.010,4.889,500
2020-08-18 09:32:29.010,4.889,100
2020-08-18 09:32:29.010,4.889,144000
2020-08-18 09:32:29.370,4.89,95700
2020-08-18 09:32:29.370,4.89,504300
2020-08-18 09:32:29.650,4.89,300000
2020-08-18 09:32:29.890,4.889,5000
2020-08-18 09:32:30.000,4.89,95700
2020-08-18 09:32:30.000,4.89,5000
2020-08-18 09:32:30.000,4.89,4000
2020-08-18 09:32:30.000,4.891,45300
2020-08-18 09:32:30.300,4.89,7500
2020-08-18 09:32:31.980,4.89,4000
2020-08-18 09:32:32.000,4.891,2200
2020-08-18 09:32:32.000,4.89,200
2020-08-18 09:32:32.500,4.89,200
2020-08-18 09:32:33.030,4.89,37300
2020-08-18 09:32:33.340,4.89,100800
2020-08-18 09:32:33.340,4.89,10000
2020-08-18 09:32:33.340,4.89,300000
2020-08-18 09:32:33.340,4.89,5000
2020-08-18 09:32:33.340,4.889,40000
2020-08-18 09:32:33.340,4.889,20000
2020-08-18 09:32:33.340,4.889,1000
2020-08-18 09:32:33.680,4.888,300
2020-08-18 09:32:33.680,4.889,111000
2020-08-18 09:32:33.800,4.889,28300
2020-08-18 09:32:33.800,4.889,15000
2020-08-18 09:32:33.930,4.889,400
2020-08-18 09:32:34.560,4.889,268500
2020-08-18 09:32:34.560,4.889,31500
2020-08-18 09:32:34.880,4.888,200
2020-08-18 09:32:35.480,4.889,100000
2020-08-18 09:32:35.480,4.889,200
2020-08-18 09:32:35.560,4.889,10000
2020-08-18 09:32:35.840,4.889,158300
2020-08-18 09:32:35.840,4.889,3900
2020-08-18 09:32:35.840,4.889,137800
2020-08-18 09:32:36.140,4.889,10000
2020-08-18 09:32:36.800,4.889,10000
2020-08-18 09:32:36.910,4.889,142200
2020-08-18 09:32:36.910,4.891,14700
2020-08-18 09:32:36.910,4.891,5000
2020-08-18 09:32:36.910,4.891,3000
2020-08-18 09:32:36.910,4.891,300
2020-08-18 09:32:36.910,4.891,5000
2020-08-18 09:32:36.910,4.891,5000
2020-08-18 09:32:36.910,4.891,5000
2020-08-18 09:32:36.910,4.891,200
2020-08-18 09:32:36.910,4.891,5400
2020-08-18 09:32:36.910,4.891,100
2020-08-18 09:32:36.910,4.891,300
2020-08-18 09:32:36.910,4.891,3000
2020-08-18 09:32:36.910,4.891,100
2020-08-18 09:32:36.910,4.891,5000
2020-08-18 09:32:36.910,4.891,10000
2020-08-18 09:32:36.940,4.891,10000
2020-08-18 09:32:37.180,4.892,1000
2020-08-18 09:32:37.180,4.892,100
2020-08-18 09:32:37.180,4.892,600
2020-08-18 09:32:37.180,4.892,300
2020-08-18 09:32:37.320,4.891,42900
2020-08-18 09:32:39.720,4.892,1700
2020-08-18 09:32:39.720,4.892,100
2020-08-18 09:32:39.720,4.892,7000
2020-08-18 09:32:39.720,4.892,7000
2020-08-18 09:32:39.720,4.892,95300
2020-08-18 09:32:39.720,4.891,400
2020-08-18 09:32:39.770,4.892,104700
2020-08-18 09:32:39.770,4.892,195300
2020-08-18 09:32:39.770,4.891,2800
2020-08-18 09:32:39.830,4.891,2100
2020-08-18 09:32:39.980,4.891,7500
2020-08-18 09:32:40.090,4.891,30000
2020-08-18 09:32:40.710,4.891,1000
2020-08-18 09:32:41.070,4.888,4200
2020-08-18 09:32:41.750,4.891,9900
2020-08-18 09:32:42.590,4.89,4100
2020-08-18 09:32:43.200,4.891,1100
2020-08-18 09:32:43.430,4.891,400
2020-08-18 09:32:43.620,4.891,5000
2020-08-18 09:32:44.640,4.891,4200
2020-08-18 09:32:45.030,4.89,900
2020-08-18 09:32:45.120,4.891,500
2020-08-18 09:32:45.260,4.89,29000
2020-08-18 09:32:45.840,4.89,1000
2020-08-18 09:32:46.750,4.89,1500
2020-08-18 09:32:46.750,4.89,3000
2020-08-18 09:32:47.030,4.89,10000
2020-08-18 09:32:47.060,4.89,100
2020-08-18 09:32:47.270,4.89,300000
2020-08-18 09:32:47.960,4.89,200
2020-08-18 09:32:48.900,4.889,900
2020-08-18 09:32:49.430,4.89,117500
2020-08-18 09:32:49.540,4.889,4000
2020-08-18 09:32:49.580,4.89,500
2020-08-18 09:32:49.890,4.89,100
2020-08-18 09:32:49.930,4.889,36000
2020-08-18 09:32:49.950,4.889,1000
2020-08-18 09:32:50.100,4.888,4000
2020-08-18 09:32:51.030,4.889,2000
2020-08-18 09:32:52.290,4.888,1600
2020-08-18 09:32:52.290,4.888,16100
2020-08-18 09:32:52.290,4.888,500
2020-08-18 09:32:52.290,4.888,10000
2020-08-18 09:32:52.290,4.888,2000
2020-08-18 09:32:52.290,4.888,5000
2020-08-18 09:32:52.290,4.888,500
2020-08-18 09:32:52.290,4.888,5000
2020-08-18 09:32:52.290,4.888,1000
2020-08-18 09:32:53.160,4.887,3000
2020-08-18 09:32:53.160,4.886,8200
2020-08-18 09:32:53.160,4.886,15000
2020-08-18 09:32:53.160,4.886,500
2020-08-18 09:32:53.160,4.886,1000
2020-08-18 09:32:53.160,4.886,3000
2020-08-18 09:32:53.160,4.885,100
2020-08-18 09:32:53.160,4.885,69200
2020-08-18 09:32:53.240,4.888,16800
2020-08-18 09:32:53.600,4.888,41500
2020-08-18 09:32:53.600,4.888,1500
2020-08-18 09:32:53.600,4.889,74500
2020-08-18 09:32:54.510,4.886,8500
2020-08-18 09:32:55.710,4.888,1300
2020-08-18 09:32:55.710,4.888,800
2020-08-18 09:32:55.730,4.888,100
2020-08-18 09:32:55.910,4.888,500
2020-08-18 09:32:56.680,4.888,5000
2020-08-18 09:32:57.130,4.888,2300
2020-08-18 09:32:57.860,4.888,2300
2020-08-18 09:32:57.890,4.888,1000
2020-08-18 09:32:57.890,4.886,10000
2020-08-18 09:32:58.210,4.888,200
2020-08-18 09:32:59.030,4.888,14900
2020-08-18 09:33:01.380,4.886,1000
2020-08-18 09:33:01.590,4.887,100
2020-08-18 09:33:01.790,4.887,2100
2020-08-18 09:33:01.790,4.888,2900
2020-08-18 09:33:02.320,4.888,41600
2020-08-18 09:33:02.320,4.888,5300
2020-08-18 09:33:02.320,4.888,500
2020-08-18 09:33:02.320,4.888,252600
2020-08-18 09:33:05.090,4.887,12000
2020-08-18 09:33:05.210,4.886,20000
2020-08-18 09:33:05.690,4.886,700
2020-08-18 09:33:05.850,4.886,5000
2020-08-18 09:33:06.160,4.886,1000
2020-08-18 09:33:06.240,4.886,73300
2020-08-18 09:33:06.240,4.886,100000
2020-08-18 09:33:06.240,4.886,100000
2020-08-18 09:33:06.240,4.886,26700
2020-08-18 09:33:06.360,4.886,2100
2020-08-18 09:33:06.570,4.886,10000
2020-08-18 09:33:07.370,4.886,16000
2020-08-18 09:33:07.490,4.886,200
2020-08-18 09:33:08.060,4.886,2000
2020-08-18 09:33:08.680,4.886,43000
2020-08-18 09:33:08.680,4.886,300
2020-08-18 09:33:08.680,4.886,100000
2020-08-18 09:33:08.680,4.886,100000
2020-08-18 09:33:08.680,4.886,56700
2020-08-18 09:33:08.680,4.885,30800
2020-08-18 09:33:08.680,4.885,11000
2020-08-18 09:33:08.680,4.885,15000
2020-08-18 09:33:08.680,4.885,4500
2020-08-18 09:33:08.680,4.885,20000
2020-08-18 09:33:08.680,4.885,5000
2020-08-18 09:33:08.680,4.885,5000
2020-08-18 09:33:08.680,4.885,200
2020-08-18 09:33:08.680,4.885,2100
2020-08-18 09:33:08.680,4.885,500
2020-08-18 09:33:08.680,4.885,500
2020-08-18 09:33:08.680,4.885,45100
2020-08-18 09:33:08.680,4.885,2000
2020-08-18 09:33:08.680,4.885,44800
2020-08-18 09:33:08.920,4.886,22000
2020-08-18 09:33:08.980,4.886,1100
2020-08-18 09:33:09.050,4.886,600
2020-08-18 09:33:09.630,4.886,300
2020-08-18 09:33:10.880,4.886,600
2020-08-18 09:33:11.170,4.886,100
2020-08-18 09:33:11.320,4.886,16100
2020-08-18 09:33:11.420,4.886,10000
2020-08-18 09:33:11.690,4.886,200
2020-08-18 09:33:12.120,4.886,15300
2020-08-18 09:33:12.300,4.886,1000
2020-08-18 09:33:12.300,4.886,2400
2020-08-18 09:33:12.460,4.886,5000
2020-08-18 09:33:12.870,4.886,100
2020-08-18 09:33:13.310,4.886,200
2020-08-18 09:33:13.570,4.885,100
2020-08-18 09:33:14.280,4.885,100
2020-08-18 09:33:14.510,4.885,3600
2020-08-18 09:33:14.560,4.885,3500
2020-08-18 09:33:14.620,4.886,900
2020-08-18 09:33:14.750,4.885,30000
2020-08-18 09:33:14.980,4.885,700
2020-08-18 09:33:15.180,4.886,1000
2020-08-18 09:33:15.670,4.885,47400
2020-08-18 09:33:16.000,4.886,200
2020-08-18 09:33:16.110,4.885,50000
2020-08-18 09:33:16.610,4.885,19800
2020-08-18 09:33:17.110,4.886,1000
2020-08-18 09:33:17.350,4.885,100000
2020-08-18 09:33:17.490,4.885,46600
2020-08-18 09:33:17.490,4.885,500
2020-08-18 09:33:17.490,4.885,1000
2020-08-18 09:33:17.640,4.885,16000
2020-08-18 09:33:17.640,4.885,500
2020-08-18 09:33:18.500,4.885,10000
2020-08-18 09:33:18.650,4.885,200
2020-08-18 09:33:20.020,4.884,3000
2020-08-18 09:33:20.170,4.884,1800
2020-08-18 09:33:22.140,4.884,5000
2020-08-18 09:33:22.580,4.883,2000
2020-08-18 09:33:22.840,4.883,3800
2020-08-18 09:33:23.660,4.883,100
2020-08-18 09:33:23.680,4.884,300000
2020-08-18 09:33:23.940,4.884,1000
2020-08-18 09:33:24.040,4.883,4000
2020-08-18 09:33:25.010,4.884,2500
2020-08-18 09:33:25.630,4.884,300000
2020-08-18 09:33:26.020,4.883,2000
2020-08-18 09:33:26.040,4.884,386700
2020-08-18 09:33:26.040,4.884,213300
2020-08-18 09:33:26.250,4.884,153800
2020-08-18 09:33:26.250,4.884,100
2020-08-18 09:33:26.250,4.884,6200
2020-08-18 09:33:26.250,4.885,10000
2020-08-18 09:33:26.250,4.885,100
2020-08-18 09:33:26.780,4.884,7800
2020-08-18 09:33:26.810,4.884,5000
2020-08-18 09:33:26.870,4.884,1000
2020-08-18 09:33:26.900,4.884,1000
2020-08-18 09:33:28.510,4.884,100000
2020-08-18 09:33:29.270,4.884,500
2020-08-18 09:33:30.480,4.884,8900
2020-08-18 09:33:30.510,4.884,10000
2020-08-18 09:33:32.300,4.885,200
2020-08-18 09:33:32.570,4.884,400
2020-08-18 09:33:32.880,4.884,3300
2020-08-18 09:33:32.970,4.885,100
2020-08-18 09:33:33.620,4.885,500
2020-08-18 09:33:33.650,4.884,900
2020-08-18 09:33:33.880,4.885,7200
2020-08-18 09:33:34.670,4.884,1000
2020-08-18 09:33:35.720,4.885,2600
2020-08-18 09:33:35.810,4.884,100
2020-08-18 09:33:35.810,4.884,900
2020-08-18 09:33:35.940,4.884,2000
2020-08-18 09:33:36.560,4.884,7100
2020-08-18 09:33:36.560,4.884,2000
2020-08-18 09:33:36.560,4.884,900
2020-08-18 09:33:36.660,4.884,2400
2020-08-18 09:33:36.680,4.884,20000
2020-08-18 09:33:36.940,4.885,500
2020-08-18 09:33:37.070,4.884,200
2020-08-18 09:33:37.550,4.884,21900
2020-08-18 09:33:38.100,4.884,1300
2020-08-18 09:33:38.250,4.884,5000
2020-08-18 09:33:39.470,4.884,50800
2020-08-18 09:33:39.620,4.884,1700
2020-08-18 09:33:39.620,4.885,100
2020-08-18 09:33:40.160,4.885,2500
2020-08-18 09:33:40.400,4.884,5500
2020-08-18 09:33:40.690,4.884,3300
2020-08-18 09:33:41.160,4.884,17000
2020-08-18 09:33:41.160,4.884,12000
2020-08-18 09:33:41.470,4.885,3600
2020-08-18 09:33:42.060,4.885,9600
2020-08-18 09:33:42.850,4.884,3800
2020-08-18 09:33:42.910,4.884,29100
2020-08-18 09:33:43.150,4.884,300
2020-08-18 09:33:43.170,4.884,9600
2020-08-18 09:33:43.330,4.884,1300
2020-08-18 09:33:43.770,4.884,3300
2020-08-18 09:33:43.770,4.884,100
2020-08-18 09:33:43.770,4.884,2000
2020-08-18 09:33:43.770,4.884,600
2020-08-18 09:33:43.770,4.884,3000
2020-08-18 09:33:43.770,4.884,1000
2020-08-18 09:33:43.770,4.884,10000
2020-08-18 09:33:43.930,4.884,9000
2020-08-18 09:33:43.930,4.884,1100
2020-08-18 09:33:44.320,4.885,400
2020-08-18 09:33:44.320,4.885,200
2020-08-18 09:33:44.320,4.885,100
2020-08-18 09:33:44.890,4.884,1600
2020-08-18 09:33:44.890,4.883,3400
2020-08-18 09:33:45.830,4.884,2000
2020-08-18 09:33:46.350,4.884,600
2020-08-18 09:33:47.120,4.884,300
2020-08-18 09:33:47.120,4.884,400
2020-08-18 09:33:47.280,4.885,200
2020-08-18 09:33:47.890,4.884,7000
2020-08-18 09:33:47.930,4.885,10000
2020-08-18 09:33:47.930,4.884,3000
2020-08-18 09:33:47.970,4.884,50000
2020-08-18 09:33:48.130,4.884,10000
2020-08-18 09:33:49.710,4.884,200
2020-08-18 09:33:49.710,4.884,1000
2020-08-18 09:33:49.710,4.884,100
2020-08-18 09:33:49.940,4.885,1600
2020-08-18 09:33:49.940,4.885,400
2020-08-18 09:33:49.940,4.885,400
2020-08-18 09:33:49.940,4.885,4000
2020-08-18 09:33:49.940,4.885,5300
2020-08-18 09:33:50.000,4.885,900
2020-08-18 09:33:50.000,4.886,5400
2020-08-18 09:33:51.300,4.884,8300
2020-08-18 09:33:54.310,4.884,1300
2020-08-18 09:33:54.550,4.884,400
2020-08-18 09:33:54.550,4.884,2000
2020-08-18 09:33:54.550,4.884,1000
2020-08-18 09:33:54.550,4.884,2200
2020-08-18 09:33:54.550,4.884,500
2020-08-18 09:33:54.550,4.884,3300
2020-08-18 09:33:54.550,4.885,192900
2020-08-18 09:33:54.550,4.885,45100
2020-08-18 09:33:54.550,4.885,1000
2020-08-18 09:33:54.550,4.885,1900
2020-08-18 09:33:54.550,4.885,13000
2020-08-18 09:33:54.550,4.885,100
2020-08-18 09:33:54.550,4.885,200
2020-08-18 09:33:54.550,4.886,2100
2020-08-18 09:33:54.550,4.886,10000
2020-08-18 09:33:54.550,4.886,5000
2020-08-18 09:33:54.550,4.886,300
2020-08-18 09:33:54.550,4.886,10600
2020-08-18 09:33:54.550,4.886,8400
2020-08-18 09:33:55.460,4.885,2400
2020-08-18 09:33:55.840,4.885,10000
2020-08-18 09:33:56.320,4.885,1400
2020-08-18 09:33:57.000,4.885,2000
2020-08-18 09:33:58.090,4.885,300000
2020-08-18 09:33:58.140,4.885,84200
2020-08-18 09:33:58.690,4.885,400
2020-08-18 09:33:59.660,4.885,3000
2020-08-18 09:34:00.340,4.885,2100
2020-08-18 09:34:00.400,4.886,1600
2020-08-18 09:34:00.680,4.886,6800
2020-08-18 09:34:00.680,4.885,208300
2020-08-18 09:34:02.270,4.885,2000
2020-08-18 09:34:02.270,4.885,4800
2020-08-18 09:34:02.270,4.885,3000
2020-08-18 09:34:02.270,4.885,60000
2020-08-18 09:34:02.270,4.885,39000
2020-08-18 09:34:03.420,4.884,400
2020-08-18 09:34:03.520,4.885,500
2020-08-18 09:34:04.280,4.885,400
2020-08-18 09:34:05.780,4.884,3400
2020-08-18 09:34:05.780,4.884,100
2020-08-18 09:34:05.950,4.884,9900
2020-08-18 09:34:05.950,4.884,1000
2020-08-18 09:34:05.950,4.884,29100
2020-08-18 09:34:06.070,4.884,16000
2020-08-18 09:34:06.070,4.883,33700
2020-08-18 09:34:06.070,4.883,100
2020-08-18 09:34:06.070,4.883,24400
2020-08-18 09:34:06.070,4.883,2000
2020-08-18 09:34:06.070,4.883,600
2020-08-18 09:34:06.070,4.883,10700
2020-08-18 09:34:06.070,4.883,5000
2020-08-18 09:34:08.030,4.883,300
2020-08-18 09:34:08.130,4.883,200
2020-08-18 09:34:08.180,4.883,20400
2020-08-18 09:34:08.290,4.883,10000
2020-08-18 09:34:08.410,4.882,200
2020-08-18 09:34:08.410,4.882,3000
2020-08-18 09:34:08.410,4.882,500
2020-08-18 09:34:08.410,4.882,300
2020-08-18 09:34:08.410,4.882,1000
2020-08-18 09:34:09.320,4.883,500
2020-08-18 09:34:09.750,4.882,7200
2020-08-18 09:34:09.750,4.882,30000
2020-08-18 09:34:09.750,4.882,600
2020-08-18 09:34:09.750,4.882,45100
2020-08-18 09:34:10.930,4.881,1000
2020-08-18 09:34:10.930,4.881,4000
2020-08-18 09:34:10.930,4.881,10000
2020-08-18 09:34:10.930,4.881,1000
2020-08-18 09:34:10.930,4.88,4000
2020-08-18 09:34:12.610,4.88,1200
2020-08-18 09:34:12.950,4.88,34700
2020-08-18 09:34:12.950,4.88,500
2020-08-18 09:34:12.950,4.88,500
2020-08-18 09:34:12.950,4.88,800
2020-08-18 09:34:12.950,4.88,100
2020-08-18 09:34:12.950,4.88,10000
2020-08-18 09:34:12.950,4.88,400
2020-08-18 09:34:12.950,4.88,5000
2020-08-18 09:34:12.950,4.88,1500
2020-08-18 09:34:12.950,4.88,1000
2020-08-18 09:34:12.950,4.88,600
2020-08-18 09:34:12.950,4.88,1000
2020-08-18 09:34:12.950,4.88,1000
2020-08-18 09:34:12.950,4.88,10000
2020-08-18 09:34:12.950,4.88,1000
2020-08-18 09:34:12.950,4.88,800
2020-08-18 09:34:12.950,4.88,20000
2020-08-18 09:34:12.950,4.88,5000
2020-08-18 09:34:12.950,4.88,8400
2020-08-18 09:34:13.000,4.88,6600
2020-08-18 09:34:13.000,4.88,1200
2020-08-18 09:34:13.000,4.88,100
2020-08-18 09:34:13.000,4.88,2100
2020-08-18 09:34:13.780,4.88,97900
2020-08-18 09:34:13.780,4.88,1100
2020-08-18 09:34:13.780,4.88,2100
2020-08-18 09:34:13.780,4.88,200
2020-08-18 09:34:13.780,4.88,100
2020-08-18 09:34:13.780,4.88,2000
2020-08-18 09:34:13.780,4.88,100
2020-08-18 09:34:13.780,4.88,400
2020-08-18 09:34:13.780,4.88,5000
2020-08-18 09:34:14.000,4.879,5000
2020-08-18 09:34:14.000,4.878,28900
2020-08-18 09:34:14.000,4.878,2200
2020-08-18 09:34:14.000,4.878,5000
2020-08-18 09:34:14.000,4.878,1000
2020-08-18 09:34:14.000,4.878,20000
2020-08-18 09:34:14.000,4.878,500
2020-08-18 09:34:14.000,4.878,1000
2020-08-18 09:34:14.000,4.878,500
2020-08-18 09:34:14.000,4.878,5000
2020-08-18 09:34:14.000,4.878,500
2020-08-18 09:34:14.000,4.878,45200
2020-08-18 09:34:15.090,4.878,45200
2020-08-18 09:34:15.630,4.878,900
2020-08-18 09:34:16.010,4.878,6600
2020-08-18 09:34:17.090,4.878,8000
2020-08-18 09:34:17.460,4.878,700
2020-08-18 09:34:17.980,4.877,2900
2020-08-18 09:34:17.980,4.877,100
2020-08-18 09:34:17.980,4.877,300
2020-08-18 09:34:17.980,4.877,200
2020-08-18 09:34:17.980,4.877,300
2020-08-18 09:34:17.980,4.877,60000
2020-08-18 09:34:17.980,4.877,500
2020-08-18 09:34:17.980,4.877,100
2020-08-18 09:34:17.980,4.877,100
2020-08-18 09:34:17.980,4.877,400
2020-08-18 09:34:17.980,4.877,400
2020-08-18 09:34:17.980,4.877,15900
2020-08-18 09:34:17.980,4.877,100
2020-08-18 09:34:17.980,4.877,100
2020-08-18 09:34:17.980,4.877,1000
2020-08-18 09:34:17.980,4.877,11900
2020-08-18 09:34:17.980,4.877,100
2020-08-18 09:34:17.980,4.877,200
2020-08-18 09:34:17.980,4.877,1000
2020-08-18 09:34:17.980,4.877,400
2020-08-18 09:34:17.980,4.877,15000
2020-08-18 09:34:17.980,4.877,100
2020-08-18 09:34:17.980,4.877,100
2020-08-18 09:34:17.980,4.877,100
2020-08-18 09:34:17.980,4.877,10000
2020-08-18 09:34:17.980,4.877,100
2020-08-18 09:34:17.980,4.877,500
2020-08-18 09:34:17.980,4.877,200
2020-08-18 09:34:17.980,4.877,600
2020-08-18 09:34:17.980,4.877,1500
2020-08-18 09:34:17.980,4.877,200
2020-08-18 09:34:17.980,4.877,100
2020-08-18 09:34:17.980,4.877,2100
2020-08-18 09:34:17.980,4.877,500
2020-08-18 09:34:17.980,4.877,700
2020-08-18 09:34:17.980,4.877,100
2020-08-18 09:34:17.980,4.877,700
2020-08-18 09:34:17.980,4.877,500
2020-08-18 09:34:17.980,4.877,500
2020-08-18 09:34:17.980,4.877,300
2020-08-18 09:34:17.980,4.877,1000
2020-08-18 09:34:17.980,4.877,100
2020-08-18 09:34:17.980,4.877,100
2020-08-18 09:34:17.980,4.877,3000
2020-08-18 09:34:17.980,4.877,2500
2020-08-18 09:34:17.980,4.877,200
2020-08-18 09:34:17.980,4.877,100
2020-08-18 09:34:17.980,4.877,3000
2020-08-18 09:34:17.980,4.877,100
2020-08-18 09:34:17.980,4.877,100
2020-08-18 09:34:17.980,4.877,1100
2020-08-18 09:34:17.980,4.877,200
2020-08-18 09:34:17.980,4.877,1000
2020-08-18 09:34:17.980,4.877,500
2020-08-18 09:34:17.980,4.877,1500
2020-08-18 09:34:17.980,4.877,100
2020-08-18 09:34:17.980,4.877,50000
2020-08-18 09:34:17.980,4.877,100
2020-08-18 09:34:17.980,4.877,500
2020-08-18 09:34:17.980,4.877,100
2020-08-18 09:34:17.980,4.877,100
2020-08-18 09:34:17.980,4.877,1000
2020-08-18 09:34:17.980,4.877,200
2020-08-18 09:34:17.980,4.877,100
2020-08-18 09:34:17.980,4.877,900
2020-08-18 09:34:17.980,4.877,100
2020-08-18 09:34:17.980,4.877,100
2020-08-18 09:34:17.980,4.877,200
2020-08-18 09:34:17.980,4.877,400
2020-08-18 09:34:17.980,4.877,3000
2020-08-18 09:34:17.980,4.877,200
2020-08-18 09:34:17.980,4.877,200
2020-08-18 09:34:17.980,4.877,15000
2020-08-18 09:34:17.980,4.877,100
2020-08-18 09:34:17.980,4.877,1000
2020-08-18 09:34:17.980,4.877,200
2020-08-18 09:34:17.980,4.877,1000
2020-08-18 09:34:17.980,4.877,100
2020-08-18 09:34:17.980,4.877,200
2020-08-18 09:34:17.980,4.877,100
2020-08-18 09:34:17.980,4.877,100
2020-08-18 09:34:17.980,4.877,100
2020-08-18 09:34:17.980,4.877,100
2020-08-18 09:34:17.980,4.877,100
2020-08-18 09:34:17.980,4.877,100
2020-08-18 09:34:17.980,4.877,200
2020-08-18 09:34:17.980,4.877,100
2020-08-18 09:34:17.980,4.877,100
2020-08-18 09:34:17.980,4.877,100
2020-08-18 09:34:17.980,4.877,100
2020-08-18 09:34:17.980,4.877,100
2020-08-18 09:34:17.980,4.877,100
2020-08-18 09:34:17.980,4.877,100
2020-08-18 09:34:17.980,4.877,200
2020-08-18 09:34:17.980,4.877,100
2020-08-18 09:34:17.980,4.877,200
2020-08-18 09:34:17.980,4.877,100
2020-08-18 09:34:17.980,4.877,2400
2020-08-18 09:34:17.980,4.877,45500
2020-08-18 09:34:17.980,4.877,600
2020-08-18 09:34:17.980,4.877,200
2020-08-18 09:34:17.980,4.877,2000
2020-08-18 09:34:17.980,4.877,10000
2020-08-18 09:34:17.980,4.877,10000
2020-08-18 09:34:17.980,4.877,1000
2020-08-18 09:34:17.980,4.877,1000
2020-08-18 09:34:17.980,4.877,100
2020-08-18 09:34:17.980,4.877,5000
2020-08-18 09:34:17.980,4.877,60000
2020-08-18 09:34:17.980,4.876,400
2020-08-18 09:34:17.980,4.876,100
2020-08-18 09:34:17.980,4.876,10000
2020-08-18 09:34:17.980,4.876,3000
2020-08-18 09:34:17.980,4.876,500
2020-08-18 09:34:17.980,4.876,21400
2020-08-18 09:34:19.650,4.878,5800
2020-08-18 09:34:20.240,4.878,1000
2020-08-18 09:34:20.240,4.879,15600
2020-08-18 09:34:21.690,4.878,2000
2020-08-18 09:34:21.690,4.877,1300
2020-08-18 09:34:21.690,4.879,45100
2020-08-18 09:34:21.690,4.88,16400
2020-08-18 09:34:23.270,4.878,8000
2020-08-18 09:34:23.420,4.878,5000
2020-08-18 09:34:23.510,4.878,10000
2020-08-18 09:34:24.550,4.877,58700
2020-08-18 09:34:24.920,4.877,100
2020-08-18 09:34:25.310,4.876,500
2020-08-18 09:34:25.310,4.875,100
2020-08-18 09:34:25.310,4.875,1100
2020-08-18 09:34:25.310,4.875,1400
2020-08-18 09:34:25.310,4.875,3000
2020-08-18 09:34:25.310,4.875,1000
2020-08-18 09:34:25.310,4.875,400
2020-08-18 09:34:26.320,4.877,10000
2020-08-18 09:34:29.920,4.877,800
2020-08-18 09:34:30.050,4.876,60000
2020-08-18 09:34:30.050,4.876,2000
2020-08-18 09:34:30.050,4.876,2100
2020-08-18 09:34:31.260,4.876,1500
2020-08-18 09:34:31.490,4.876,60000
2020-08-18 09:34:31.520,4.876,1100
2020-08-18 09:34:32.020,4.875,9600
2020-08-18 09:34:32.020,4.875,2500
2020-08-18 09:34:32.020,4.875,3000
2020-08-18 09:34:32.020,4.875,100
2020-08-18 09:34:32.020,4.875,100
2020-08-18 09:34:32.020,4.875,1000
2020-08-18 09:34:32.020,4.874,500
2020-08-18 09:34:32.020,4.874,3200
2020-08-18 09:34:33.900,4.876,300
2020-08-18 09:34:35.470,4.875,52000
2020-08-18 09:34:35.500,4.875,8000
2020-08-18 09:34:35.500,4.875,500
2020-08-18 09:34:35.500,4.874,6800
2020-08-18 09:34:35.500,4.874,88600
2020-08-18 09:34:35.500,4.876,2000
2020-08-18 09:34:35.770,4.873,100
2020-08-18 09:34:35.770,4.873,1800
2020-08-18 09:34:35.770,4.873,2300
2020-08-18 09:34:35.770,4.873,10000
2020-08-18 09:34:35.770,4.873,1000
2020-08-18 09:34:35.770,4.873,600
2020-08-18 09:34:35.770,4.873,5000
2020-08-18 09:34:35.770,4.873,40000
2020-08-18 09:34:36.060,4.873,300000
2020-08-18 09:34:36.270,4.873,3600
2020-08-18 09:34:36.480,4.873,60000
2020-08-18 09:34:36.510,4.873,211400
2020-08-18 09:34:36.600,4.873,400
2020-08-18 09:34:36.740,4.873,100
2020-08-18 09:34:36.770,4.873,300
2020-08-18 09:34:36.940,4.873,3500
2020-08-18 09:34:37.060,4.873,45200
2020-08-18 09:34:37.450,4.873,214700
2020-08-18 09:34:37.480,4.875,51800
2020-08-18 09:34:38.320,4.876,100
2020-08-18 09:34:38.930,4.875,8200
2020-08-18 09:34:39.770,4.874,1800
2020-08-18 09:34:39.770,4.876,200
2020-08-18 09:34:40.510,4.874,6000
2020-08-18 09:34:41.160,4.876,500
2020-08-18 09:34:41.970,4.875,4900
2020-08-18 09:34:42.830,4.875,500
2020-08-18 09:34:43.270,4.875,3700
2020-08-18 09:34:44.490,4.876,5200
2020-08-18 09:34:44.490,4.875,44900
2020-08-18 09:34:44.490,4.874,20000
2020-08-18 09:34:44.490,4.874,40000
2020-08-18 09:34:45.100,4.873,4000
2020-08-18 09:34:45.100,4.874,43000
2020-08-18 09:34:45.780,4.875,50000
2020-08-18 09:34:45.970,4.875,200
2020-08-18 09:34:46.720,4.876,5000
2020-08-18 09:34:46.780,4.876,100
2020-08-18 09:34:46.840,4.875,400
2020-08-18 09:34:46.980,4.875,2000
2020-08-18 09:34:48.560,4.876,13400
2020-08-18 09:34:48.560,4.877,6600
2020-08-18 09:34:49.300,4.875,7400
2020-08-18 09:34:49.300,4.875,800
2020-08-18 09:34:49.300,4.875,40000
2020-08-18 09:34:49.300,4.875,16500
2020-08-18 09:34:49.300,4.874,40000
2020-08-18 09:34:49.300,4.874,20000
2020-08-18 09:34:49.300,4.874,315000
2020-08-18 09:34:49.690,4.874,700
2020-08-18 09:34:49.720,4.874,500
2020-08-18 09:34:50.210,4.874,100000
2020-08-18 09:34:50.210,4.874,20000
2020-08-18 09:34:50.210,4.874,100000
2020-08-18 09:34:50.210,4.874,70000
2020-08-18 09:34:50.360,4.874,100
2020-08-18 09:34:50.360,4.874,10000
2020-08-18 09:34:50.660,4.874,64100
2020-08-18 09:34:52.800,4.875,800
2020-08-18 09:34:53.420,4.875,100
2020-08-18 09:34:54.710,4.875,2200
2020-08-18 09:34:54.710,4.875,10000
2020-08-18 09:34:54.710,4.875,4000
2020-08-18 09:34:54.710,4.875,1400
2020-08-18 09:34:54.710,4.875,19000
2020-08-18 09:34:54.710,4.875,2000
2020-08-18 09:34:54.710,4.875,21400
2020-08-18 09:34:55.270,4.875,500
2020-08-18 09:34:55.270,4.874,100
2020-08-18 09:34:55.550,4.875,1000
2020-08-18 09:34:55.730,4.875,8300
2020-08-18 09:34:55.730,4.875,3000
2020-08-18 09:34:56.700,4.875,2500
2020-08-18 09:34:57.490,4.875,4200
2020-08-18 09:34:58.180,4.875,2000
2020-08-18 09:34:58.180,4.875,8000
2020-08-18 09:34:58.220,4.875,200
2020-08-18 09:34:58.400,4.876,5000
2020-08-18 09:34:58.400,4.875,1000
2020-08-18 09:34:58.540,4.875,50800
2020-08-18 09:34:58.540,4.875,35200
2020-08-18 09:35:01.260,4.875,20500
2020-08-18 09:35:02.410,4.876,300
2020-08-18 09:35:02.580,4.876,4200
2020-08-18 09:35:03.090,4.876,10900
2020-08-18 09:35:03.150,4.876,500
2020-08-18 09:35:03.150,4.875,3400
2020-08-18 09:35:03.150,4.875,30000
2020-08-18 09:35:03.150,4.875,1000
2020-08-18 09:35:03.150,4.875,9400
2020-08-18 09:35:03.150,4.875,55700
2020-08-18 09:35:03.390,4.875,4300
2020-08-18 09:35:03.390,4.875,5000
2020-08-18 09:35:03.390,4.875,10000
2020-08-18 09:35:03.390,4.875,700
2020-08-18 09:35:03.390,4.875,4300
2020-08-18 09:35:03.660,4.875,5000
2020-08-18 09:35:03.660,4.875,100
2020-08-18 09:35:03.660,4.875,900
2020-08-18 09:35:03.810,4.875,100
2020-08-18 09:35:03.810,4.874,900
2020-08-18 09:35:03.920,4.876,1100
2020-08-18 09:35:04.070,4.874,200
2020-08-18 09:35:04.930,4.875,9000
2020-08-18 09:35:04.990,4.876,1000
2020-08-18 09:35:05.430,4.875,1000
2020-08-18 09:35:05.430,4.874,234700
2020-08-18 09:35:05.430,4.874,60600
2020-08-18 09:35:06.990,4.875,700
2020-08-18 09:35:07.830,4.875,300
2020-08-18 09:35:08.280,4.875,1000
2020-08-18 09:35:08.560,4.875,1000
2020-08-18 09:35:08.770,4.875,6000
2020-08-18 09:35:08.910,4.875,20000
2020-08-18 09:35:10.040,4.876,200
2020-08-18 09:35:10.340,4.875,3100
2020-08-18 09:35:10.840,4.876,2000
2020-08-18 09:35:10.960,4.875,1500
2020-08-18 09:35:11.130,4.876,1800
2020-08-18 09:35:11.130,4.876,200
2020-08-18 09:35:11.290,4.875,400
2020-08-18 09:35:11.530,4.876,8400
2020-08-18 09:35:11.530,4.876,700
2020-08-18 09:35:11.650,4.876,15900
2020-08-18 09:35:11.650,4.876,1000
2020-08-18 09:35:12.540,4.876,20000
2020-08-18 09:35:12.640,4.876,200
2020-08-18 09:35:12.850,4.876,500
2020-08-18 09:35:13.070,4.876,3200
2020-08-18 09:35:13.540,4.876,2600
2020-08-18 09:35:14.060,4.876,2000
2020-08-18 09:35:14.490,4.876,1000
2020-08-18 09:35:14.820,4.877,400
2020-08-18 09:35:14.910,4.876,100
2020-08-18 09:35:15.030,4.876,5000
2020-08-18 09:35:17.170,4.876,178800
2020-08-18 09:35:17.170,4.876,1000
2020-08-18 09:35:17.170,4.876,7000
2020-08-18 09:35:17.170,4.876,52700
2020-08-18 09:35:17.170,4.876,100
2020-08-18 09:35:17.170,4.876,200
2020-08-18 09:35:17.170,4.876,500
2020-08-18 09:35:17.170,4.876,8100
2020-08-18 09:35:17.170,4.876,1800
2020-08-18 09:35:17.170,4.876,2000
2020-08-18 09:35:17.470,4.875,4800
2020-08-18 09:35:18.370,4.876,3100
2020-08-18 09:35:18.460,4.876,200
2020-08-18 09:35:18.890,4.875,13400
2020-08-18 09:35:18.890,4.875,6800
2020-08-18 09:35:18.890,4.875,500
2020-08-18 09:35:18.890,4.875,5000
2020-08-18 09:35:18.890,4.875,5000
2020-08-18 09:35:18.890,4.875,1800
2020-08-18 09:35:18.890,4.875,6000
2020-08-18 09:35:18.890,4.875,3800
2020-08-18 09:35:19.480,4.875,200
2020-08-18 09:35:19.480,4.875,1800
2020-08-18 09:35:19.570,4.875,6100
2020-08-18 09:35:19.570,4.876,7700
2020-08-18 09:35:19.850,4.876,500
2020-08-18 09:35:20.120,4.876,300
2020-08-18 09:35:20.300,4.875,2100
2020-08-18 09:35:20.300,4.875,8700
2020-08-18 09:35:20.300,4.875,300
2020-08-18 09:35:20.300,4.875,500
2020-08-18 09:35:20.300,4.874,10000
2020-08-18 09:35:20.300,4.874,36000
2020-08-18 09:35:20.300,4.874,5000
2020-08-18 09:35:20.880,4.876,100
2020-08-18 09:35:20.950,4.874,6400
2020-08-18 09:35:21.770,4.874,8600
2020-08-18 09:35:21.770,4.874,2000
2020-08-18 09:35:21.770,4.874,1000
2020-08-18 09:35:21.770,4.874,100
2020-08-18 09:35:21.770,4.874,50000
2020-08-18 09:35:21.770,4.874,10000
2020-08-18 09:35:21.770,4.874,13900
2020-08-18 09:35:21.970,4.875,1000
2020-08-18 09:35:22.000,4.875,3700
2020-08-18 09:35:22.000,4.876,3400
2020-08-18 09:35:22.150,4.874,100
2020-08-18 09:35:22.180,4.876,2500
2020-08-18 09:35:22.320,4.874,15300
2020-08-18 09:35:23.150,4.875,300
2020-08-18 09:35:23.400,4.875,700
2020-08-18 09:35:24.300,4.876,1900
2020-08-18 09:35:24.510,4.875,1200
2020-08-18 09:35:24.560,4.875,100
2020-08-18 09:35:24.560,4.875,4600
2020-08-18 09:35:25.340,4.875,5400
2020-08-18 09:35:25.340,4.874,600
2020-08-18 09:35:25.340,4.873,1400
2020-08-18 09:35:27.390,4.873,300
2020-08-18 09:35:27.390,4.873,1100
2020-08-18 09:35:28.290,4.875,300
2020-08-18 09:35:28.920,4.874,100
2020-08-18 09:35:29.050,4.873,3900
2020-08-18 09:35:29.050,4.873,100
2020-08-18 09:35:29.050,4.873,500
2020-08-18 09:35:29.050,4.873,300
2020-08-18 09:35:29.110,4.874,100
2020-08-18 09:35:31.000,4.875,8700
2020-08-18 09:35:31.000,4.875,9800
2020-08-18 09:35:31.490,4.875,100
2020-08-18 09:35:31.680,4.875,600
2020-08-18 09:35:32.150,4.874,14900
2020-08-18 09:35:32.150,4.873,3400
2020-08-18 09:35:32.150,4.873,100
2020-08-18 09:35:32.150,4.873,2000
2020-08-18 09:35:32.150,4.873,3000
2020-08-18 09:35:32.150,4.873,10000
2020-08-18 09:35:32.150,4.873,3600
2020-08-18 09:35:32.150,4.873,17000
2020-08-18 09:35:32.840,4.872,100
2020-08-18 09:35:33.650,4.873,1800
2020-08-18 09:35:33.650,4.873,6300
2020-08-18 09:35:33.650,4.873,4500
2020-08-18 09:35:33.740,4.874,1000
2020-08-18 09:35:34.430,4.874,36400
2020-08-18 09:35:34.480,4.874,1100
2020-08-18 09:35:34.510,4.873,1000
2020-08-18 09:35:34.620,4.874,4000
2020-08-18 09:35:35.350,4.874,100
2020-08-18 09:35:35.900,4.874,27500
2020-08-18 09:35:35.900,4.875,700
2020-08-18 09:35:35.900,4.875,500
2020-08-18 09:35:37.010,4.875,9900
2020-08-18 09:35:37.220,4.873,1900
2020-08-18 09:35:37.590,4.875,2300
2020-08-18 09:35:38.810,4.873,2000
2020-08-18 09:35:39.540,4.873,4200
2020-08-18 09:35:40.750,4.873,900
2020-08-18 09:35:40.750,4.873,3000
2020-08-18 09:35:40.750,4.873,18700
2020-08-18 09:35:41.610,4.874,100
2020-08-18 09:35:41.610,4.874,100
2020-08-18 09:35:41.610,4.874,2500
2020-08-18 09:35:41.610,4.874,2300
2020-08-18 09:35:42.090,4.873,300
2020-08-18 09:35:44.290,4.873,4000
2020-08-18 09:35:45.170,4.874,500
2020-08-18 09:35:45.400,4.873,3000
2020-08-18 09:35:45.930,4.873,24700
2020-08-18 09:35:45.930,4.873,20000
2020-08-18 09:35:45.930,4.873,5000
2020-08-18 09:35:45.930,4.873,200
2020-08-18 09:35:45.930,4.873,17100
2020-08-18 09:35:46.670,4.874,2200
2020-08-18 09:35:46.670,4.874,5000
2020-08-18 09:35:46.670,4.875,5000
2020-08-18 09:35:46.670,4.875,10000
2020-08-18 09:35:46.670,4.875,74600
2020-08-18 09:35:46.670,4.875,2000
2020-08-18 09:35:46.670,4.875,45200
2020-08-18 09:35:46.670,4.875,300
2020-08-18 09:35:46.670,4.876,155700
2020-08-18 09:35:46.700,4.876,300000
2020-08-18 09:35:47.360,4.876,172400
2020-08-18 09:35:47.360,4.876,200
2020-08-18 09:35:48.510,4.876,5200
2020-08-18 09:35:48.760,4.876,50000
2020-08-18 09:35:48.900,4.876,1200
2020-08-18 09:35:49.000,4.876,45200
2020-08-18 09:35:50.230,4.876,25800
2020-08-18 09:35:50.230,4.874,100
2020-08-18 09:35:50.230,4.874,15000
2020-08-18 09:35:50.230,4.873,9100
2020-08-18 09:35:50.860,4.874,100
2020-08-18 09:35:51.360,4.873,10000
2020-08-18 09:35:51.690,4.874,2500
2020-08-18 09:35:52.510,4.874,11100
2020-08-18 09:35:52.580,4.874,2000
2020-08-18 09:35:52.930,4.874,500
2020-08-18 09:35:53.050,4.874,45200
2020-08-18 09:35:53.420,4.874,5000
2020-08-18 09:35:53.680,4.874,43900
2020-08-18 09:35:53.680,4.874,5400
2020-08-18 09:35:53.680,4.876,250700
2020-08-18 09:35:54.030,4.875,70100
2020-08-18 09:35:54.030,4.876,229900
2020-08-18 09:35:54.650,4.876,300000
2020-08-18 09:35:56.390,4.875,9200
2020-08-18 09:35:56.910,4.874,20000
2020-08-18 09:35:56.910,4.874,1300
2020-08-18 09:35:56.910,4.874,20000
2020-08-18 09:35:56.910,4.873,8700
2020-08-18 09:35:58.200,4.876,100
2020-08-18 09:36:02.270,4.875,200
2020-08-18 09:36:04.010,4.875,10000
2020-08-18 09:36:04.470,4.876,2000
2020-08-18 09:36:04.940,4.875,3000
2020-08-18 09:36:05.320,4.875,800
2020-08-18 09:36:05.600,4.876,100
2020-08-18 09:36:05.690,4.875,9900
2020-08-18 09:36:05.780,4.875,800
2020-08-18 09:36:06.640,4.876,1000
2020-08-18 09:36:06.720,4.875,4900
2020-08-18 09:36:07.080,4.875,400
2020-08-18 09:36:07.400,4.875,8600
2020-08-18 09:36:07.540,4.875,3700
2020-08-18 09:36:07.580,4.876,4900
2020-08-18 09:36:07.580,4.876,8000
2020-08-18 09:36:07.580,4.876,5200
2020-08-18 09:36:07.580,4.876,200
2020-08-18 09:36:07.580,4.876,1200
2020-08-18 09:36:07.630,4.876,3300
2020-08-18 09:36:07.630,4.876,800
2020-08-18 09:36:07.630,4.876,1200
2020-08-18 09:36:07.720,4.876,3700
2020-08-18 09:36:09.930,4.875,2800
2020-08-18 09:36:10.380,4.875,400
2020-08-18 09:36:10.820,4.875,33000
2020-08-18 09:36:11.510,4.875,10000
2020-08-18 09:36:11.700,4.876,100000
2020-08-18 09:36:11.860,4.875,2900
2020-08-18 09:36:12.170,4.875,8600
2020-08-18 09:36:12.170,4.875,1000
2020-08-18 09:36:12.170,4.875,3000
2020-08-18 09:36:12.170,4.875,14400
2020-08-18 09:36:12.170,4.875,1000
2020-08-18 09:36:12.170,4.875,400
2020-08-18 09:36:12.360,4.874,1000
2020-08-18 09:36:12.360,4.874,2000
2020-08-18 09:36:12.360,4.874,7400
2020-08-18 09:36:12.690,4.875,4900
2020-08-18 09:36:13.010,4.875,200
2020-08-18 09:36:14.130,4.874,5200
2020-08-18 09:36:14.490,4.875,14000
2020-08-18 09:36:14.830,4.875,100
2020-08-18 09:36:15.570,4.874,20000
2020-08-18 09:36:17.470,4.874,20000
2020-08-18 09:36:17.500,4.875,800
2020-08-18 09:36:17.670,4.875,2000
2020-08-18 09:36:17.700,4.874,3500
2020-08-18 09:36:17.700,4.874,1000
2020-08-18 09:36:17.700,4.874,500
2020-08-18 09:36:17.700,4.874,1100
2020-08-18 09:36:17.700,4.874,11400
2020-08-18 09:36:18.610,4.874,1500
2020-08-18 09:36:18.610,4.874,3500
2020-08-18 09:36:19.980,4.874,5000
2020-08-18 09:36:20.270,4.874,500
2020-08-18 09:36:20.270,4.873,1300
2020-08-18 09:36:20.270,4.873,500
2020-08-18 09:36:20.270,4.873,1300
2020-08-18 09:36:20.360,4.874,700
2020-08-18 09:36:20.430,4.873,3700
2020-08-18 09:36:20.430,4.873,6200
2020-08-18 09:36:20.780,4.875,10000
2020-08-18 09:36:21.660,4.875,1000
2020-08-18 09:36:22.220,4.874,1000
2020-08-18 09:36:22.220,4.875,400
2020-08-18 09:36:22.220,4.875,600
2020-08-18 09:36:22.830,4.875,300
2020-08-18 09:36:23.500,4.873,32400
2020-08-18 09:36:23.500,4.873,100
2020-08-18 09:36:23.500,4.873,400
2020-08-18 09:36:23.500,4.873,1000
2020-08-18 09:36:23.500,4.873,10000
2020-08-18 09:36:23.500,4.873,5000
2020-08-18 09:36:23.500,4.873,50000
2020-08-18 09:36:23.500,4.873,100
2020-08-18 09:36:23.500,4.873,10000
2020-08-18 09:36:23.500,4.873,100000
2020-08-18 09:36:23.500,4.873,5000
2020-08-18 09:36:23.500,4.873,500
2020-08-18 09:36:23.500,4.873,200
2020-08-18 09:36:23.500,4.873,5000
2020-08-18 09:36:23.500,4.873,45200
2020-08-18 09:36:23.500,4.873,300
2020-08-18 09:36:23.500,4.873,6000
2020-08-18 09:36:23.500,4.873,100
2020-08-18 09:36:24.780,4.873,90000
2020-08-18 09:36:25.810,4.873,10300
2020-08-18 09:36:25.940,4.872,100
2020-08-18 09:36:25.940,4.872,2000
2020-08-18 09:36:25.940,4.872,1400
2020-08-18 09:36:25.970,4.873,15600
2020-08-18 09:36:26.110,4.873,300
2020-08-18 09:36:26.540,4.873,52000
2020-08-18 09:36:27.060,4.872,8600
2020-08-18 09:36:27.060,4.872,5000
2020-08-18 09:36:27.060,4.872,16400
2020-08-18 09:36:28.000,4.873,500
2020-08-18 09:36:28.070,4.873,1000
2020-08-18 09:36:28.180,4.873,700
2020-08-18 09:36:29.300,4.873,3000
2020-08-18 09:36:29.570,4.872,33600
2020-08-18 09:36:29.570,4.872,100
2020-08-18 09:36:29.570,4.872,800
2020-08-18 09:36:29.570,4.872,500
2020-08-18 09:36:29.570,4.872,5200
2020-08-18 09:36:29.570,4.872,1000
2020-08-18 09:36:29.570,4.872,20000
2020-08-18 09:36:29.570,4.872,20000
2020-08-18 09:36:29.570,4.872,8800
2020-08-18 09:36:30.700,4.872,1200
2020-08-18 09:36:30.700,4.872,20000
2020-08-18 09:36:30.700,4.872,100
2020-08-18 09:36:30.700,4.872,29700
2020-08-18 09:36:30.700,4.872,100
2020-08-18 09:36:30.700,4.872,45200
2020-08-18 09:36:31.500,4.872,100
2020-08-18 09:36:32.470,4.872,100
2020-08-18 09:36:32.590,4.872,300000
2020-08-18 09:36:32.990,4.872,300000
2020-08-18 09:36:33.050,4.872,1000
2020-08-18 09:36:33.310,4.872,300
2020-08-18 09:36:33.760,4.872,8300
2020-08-18 09:36:34.480,4.872,4400
2020-08-18 09:36:34.480,4.873,1800
2020-08-18 09:36:35.050,4.873,20500
2020-08-18 09:36:35.470,4.872,200
2020-08-18 09:36:35.500,4.871,500
2020-08-18 09:36:35.500,4.871,30000
2020-08-18 09:36:35.500,4.871,10000
2020-08-18 09:36:35.500,4.871,100
2020-08-18 09:36:35.500,4.871,600
2020-08-18 09:36:35.500,4.871,1000
2020-08-18 09:36:35.500,4.871,700
2020-08-18 09:36:35.500,4.871,400
2020-08-18 09:36:35.500,4.871,2000
2020-08-18 09:36:35.500,4.871,5000
2020-08-18 09:36:35.500,4.871,1300
2020-08-18 09:36:35.500,4.871,18400
2020-08-18 09:36:35.700,4.872,200
2020-08-18 09:36:35.850,4.873,55700
2020-08-18 09:36:36.620,4.871,1200
2020-08-18 09:36:36.820,4.871,323000
2020-08-18 09:36:36.820,4.871,10000
2020-08-18 09:36:36.820,4.871,2000
2020-08-18 09:36:36.820,4.871,2000
2020-08-18 09:36:36.820,4.871,200
2020-08-18 09:36:36.820,4.871,1000
2020-08-18 09:36:36.820,4.871,1500
2020-08-18 09:36:36.820,4.871,10000
2020-08-18 09:36:36.820,4.87,800
2020-08-18 09:36:36.820,4.87,10000
2020-08-18 09:36:36.820,4.87,100
2020-08-18 09:36:36.820,4.87,15000
2020-08-18 09:36:36.820,4.87,500
2020-08-18 09:36:36.820,4.87,20000
2020-08-18 09:36:36.820,4.87,100
2020-08-18 09:36:36.820,4.87,5000
2020-08-18 09:36:36.820,4.87,2300
2020-08-18 09:36:36.820,4.87,800
2020-08-18 09:36:36.820,4.87,500000
2020-08-18 09:36:36.820,4.87,300
2020-08-18 09:36:36.820,4.87,5000
2020-08-18 09:36:36.820,4.87,15000
2020-08-18 09:36:36.820,4.87,12100
2020-08-18 09:36:36.820,4.87,100
2020-08-18 09:36:36.820,4.87,10000
2020-08-18 09:36:36.820,4.87,500
2020-08-18 09:36:36.820,4.87,7000
2020-08-18 09:36:36.820,4.87,1000
2020-08-18 09:36:36.820,4.87,6000
2020-08-18 09:36:36.820,4.87,500
2020-08-18 09:36:36.820,4.87,500
2020-08-18 09:36:36.820,4.87,1000
2020-08-18 09:36:36.820,4.87,200
2020-08-18 09:36:36.820,4.87,15000
2020-08-18 09:36:36.820,4.87,300
2020-08-18 09:36:36.820,4.87,200
2020-08-18 09:36:36.820,4.87,6000
2020-08-18 09:36:36.820,4.87,400
2020-08-18 09:36:36.820,4.87,1500
2020-08-18 09:36:36.820,4.87,500
2020-08-18 09:36:36.820,4.87,1200
2020-08-18 09:36:36.820,4.87,5400
2020-08-18 09:36:36.820,4.87,1000
2020-08-18 09:36:36.820,4.87,100
2020-08-18 09:36:36.820,4.87,600
2020-08-18 09:36:36.820,4.87,4300
2020-08-18 09:36:36.960,4.87,700
2020-08-18 09:36:36.960,4.87,1800
2020-08-18 09:36:37.740,4.872,900
2020-08-18 09:36:37.830,4.872,2900
2020-08-18 09:36:37.890,4.872,2100
2020-08-18 09:36:38.060,4.872,2200
2020-08-18 09:36:39.190,4.871,1200
2020-08-18 09:36:39.350,4.872,1700
2020-08-18 09:36:39.350,4.872,400
2020-08-18 09:36:40.010,4.871,20900
2020-08-18 09:36:41.450,4.871,8500
2020-08-18 09:36:42.330,4.871,7200
2020-08-18 09:36:42.530,4.871,12200
2020-08-18 09:36:42.530,4.871,100
2020-08-18 09:36:42.530,4.871,1000
2020-08-18 09:36:42.790,4.871,5800
2020-08-18 09:36:42.910,4.87,1000
2020-08-18 09:36:42.910,4.87,100
2020-08-18 09:36:42.910,4.87,1900
2020-08-18 09:36:43.130,4.871,5400
2020-08-18 09:36:43.240,4.87,100
2020-08-18 09:36:43.240,4.87,200
2020-08-18 09:36:43.240,4.87,1000
2020-08-18 09:36:43.240,4.87,2000
2020-08-18 09:36:43.240,4.87,100
2020-08-18 09:36:43.240,4.87,2400
2020-08-18 09:36:43.240,4.87,54200
2020-08-18 09:36:43.390,4.871,1000
2020-08-18 09:36:43.470,4.871,100
2020-08-18 09:36:43.680,4.871,1000
2020-08-18 09:36:43.680,4.871,500
2020-08-18 09:36:43.790,4.871,1000
2020-08-18 09:36:44.380,4.871,400
2020-08-18 09:36:46.250,4.871,200
2020-08-18 09:36:46.400,4.871,10000
2020-08-18 09:36:46.460,4.871,11300
2020-08-18 09:36:46.460,4.871,100
2020-08-18 09:36:46.460,4.871,300
2020-08-18 09:36:46.460,4.871,100
2020-08-18 09:36:46.460,4.872,200
2020-08-18 09:36:46.460,4.872,400
2020-08-18 09:36:46.460,4.872,1000
2020-08-18 09:36:46.460,4.872,1500
2020-08-18 09:36:49.600,4.872,100
2020-08-18 09:36:49.790,4.871,33000
2020-08-18 09:36:49.790,4.871,21300
2020-08-18 09:36:50.350,4.871,1900
2020-08-18 09:36:50.350,4.871,100
2020-08-18 09:36:50.750,4.872,100
2020-08-18 09:36:50.960,4.872,700
2020-08-18 09:36:50.960,4.872,300
2020-08-18 09:36:50.960,4.87,300
2020-08-18 09:36:50.960,4.87,100
2020-08-18 09:36:50.960,4.87,6600
2020-08-18 09:36:52.700,4.87,4000
2020-08-18 09:36:53.410,4.871,7000
2020-08-18 09:36:53.410,4.871,7000
2020-08-18 09:36:53.440,4.871,71900
2020-08-18 09:36:53.560,4.872,4500
2020-08-18 09:36:53.560,4.872,5000
2020-08-18 09:36:53.560,4.872,45200
2020-08-18 09:36:53.560,4.872,23900
2020-08-18 09:36:53.560,4.872,500
2020-08-18 09:36:53.560,4.873,220900
2020-08-18 09:36:54.580,4.873,100
2020-08-18 09:36:55.410,4.872,100
2020-08-18 09:36:55.410,4.872,900
2020-08-18 09:36:55.880,4.873,156300
2020-08-18 09:36:55.880,4.873,3000
2020-08-18 09:36:55.880,4.873,100
2020-08-18 09:36:55.880,4.873,1000
2020-08-18 09:36:55.880,4.873,7000
2020-08-18 09:36:56.670,4.873,3000
2020-08-18 09:36:57.230,4.873,1000
2020-08-18 09:36:58.530,4.873,100
2020-08-18 09:36:58.610,4.873,10700
2020-08-18 09:36:59.020,4.873,81600
2020-08-18 09:36:59.020,4.873,26600
2020-08-18 09:36:59.790,4.873,3400
2020-08-18 09:36:59.790,4.873,1600
2020-08-18 09:37:00.030,4.873,2000
2020-08-18 09:37:00.110,4.874,1000
2020-08-18 09:37:00.400,4.873,1100
2020-08-18 09:37:00.500,4.873,100
2020-08-18 09:37:01.410,4.873,9700
2020-08-18 09:37:01.410,4.873,600
2020-08-18 09:37:01.410,4.873,30000
2020-08-18 09:37:01.410,4.872,19100
2020-08-18 09:37:01.410,4.872,3700
2020-08-18 09:37:01.410,4.872,22400
2020-08-18 09:37:01.440,4.872,5000
2020-08-18 09:37:01.810,4.872,2600
2020-08-18 09:37:01.810,4.872,700
2020-08-18 09:37:02.290,4.873,1500
2020-08-18 09:37:02.290,4.873,400
2020-08-18 09:37:02.810,4.874,800
2020-08-18 09:37:03.190,4.872,100
2020-08-18 09:37:04.030,4.872,1200
2020-08-18 09:37:04.030,4.872,300
2020-08-18 09:37:04.030,4.872,50000
2020-08-18 09:37:04.030,4.872,3800
2020-08-18 09:37:04.030,4.872,45200
2020-08-18 09:37:04.400,4.872,600
2020-08-18 09:37:05.010,4.872,400
2020-08-18 09:37:05.390,4.872,21300
2020-08-18 09:37:05.660,4.872,5000
2020-08-18 09:37:06.170,4.871,1200
2020-08-18 09:37:06.170,4.871,20000
2020-08-18 09:37:06.170,4.871,500
2020-08-18 09:37:06.170,4.871,1000
2020-08-18 09:37:06.170,4.871,43600
2020-08-18 09:37:06.950,4.871,1600
2020-08-18 09:37:06.950,4.871,500
2020-08-18 09:37:07.360,4.872,100
2020-08-18 09:37:10.010,4.872,72100
2020-08-18 09:37:10.010,4.872,5200
2020-08-18 09:37:10.010,4.872,2800
2020-08-18 09:37:10.220,4.872,5000
2020-08-18 09:37:10.630,4.873,1000
2020-08-18 09:37:11.560,4.873,500
2020-08-18 09:37:11.880,4.873,33000
2020-08-18 09:37:12.460,4.873,5200
2020-08-18 09:37:12.460,4.873,24900
2020-08-18 09:37:12.870,4.873,20300
2020-08-18 09:37:12.870,4.873,300
2020-08-18 09:37:12.870,4.873,500
2020-08-18 09:37:12.870,4.873,300
2020-08-18 09:37:12.870,4.873,22000
2020-08-18 09:37:12.870,4.873,1200
2020-08-18 09:37:13.340,4.873,1000
2020-08-18 09:37:13.560,4.873,5300
2020-08-18 09:37:13.590,4.872,5000
2020-08-18 09:37:13.590,4.872,20000
2020-08-18 09:37:13.590,4.872,30000
2020-08-18 09:37:13.590,4.871,13400
2020-08-18 09:37:13.590,4.871,30000
2020-08-18 09:37:13.590,4.871,6400
2020-08-18 09:37:14.220,4.873,300000
2020-08-18 09:37:15.670,4.872,300
2020-08-18 09:37:16.670,4.873,300000
2020-08-18 09:37:18.600,4.873,700
2020-08-18 09:37:20.480,4.872,10000
2020-08-18 09:37:20.480,4.872,1000
2020-08-18 09:37:20.480,4.872,2000
2020-08-18 09:37:20.480,4.872,100
2020-08-18 09:37:20.480,4.872,500
2020-08-18 09:37:20.730,4.872,27900
2020-08-18 09:37:22.550,4.872,4200
2020-08-18 09:37:22.870,4.873,500
2020-08-18 09:37:23.590,4.873,2600
2020-08-18 09:37:24.140,4.872,500
2020-08-18 09:37:25.150,4.872,300
2020-08-18 09:37:25.550,4.872,1000
2020-08-18 09:37:25.820,4.872,2000
2020-08-18 09:37:26.130,4.873,10000
2020-08-18 09:37:26.430,4.872,2000
2020-08-18 09:37:26.640,4.873,1000
2020-08-18 09:37:27.390,4.873,3000
2020-08-18 09:37:27.460,4.873,1000
2020-08-18 09:37:27.790,4.872,100
2020-08-18 09:37:28.330,4.873,1200
2020-08-18 09:37:28.330,4.873,500
2020-08-18 09:37:28.330,4.873,100
2020-08-18 09:37:28.880,4.874,100
2020-08-18 09:37:29.180,4.874,24100
2020-08-18 09:37:29.180,4.874,6000
2020-08-18 09:37:29.180,4.874,100
2020-08-18 09:37:29.180,4.874,1100
2020-08-18 09:37:29.180,4.874,10000
2020-08-18 09:37:29.180,4.874,12100
2020-08-18 09:37:29.180,4.874,40000
2020-08-18 09:37:29.180,4.874,700
2020-08-18 09:37:29.180,4.874,205900
2020-08-18 09:37:29.290,4.874,300000
2020-08-18 09:37:29.410,4.873,10000
2020-08-18 09:37:29.760,4.874,150000
2020-08-18 09:37:29.760,4.874,150000
2020-08-18 09:37:30.350,4.873,600
2020-08-18 09:37:30.700,4.873,3000
2020-08-18 09:37:32.460,4.874,1200
2020-08-18 09:37:34.410,4.874,700
2020-08-18 09:37:36.450,4.875,500
2020-08-18 09:37:36.450,4.875,4500
2020-08-18 09:37:36.630,4.874,26500
2020-08-18 09:37:37.170,4.875,30000
2020-08-18 09:37:37.310,4.875,54500
2020-08-18 09:37:37.310,4.875,2000
2020-08-18 09:37:37.310,4.875,5000
2020-08-18 09:37:37.310,4.875,900
2020-08-18 09:37:37.310,4.875,100
2020-08-18 09:37:37.610,4.875,10000
2020-08-18 09:37:38.010,4.875,8100
2020-08-18 09:37:38.820,4.875,1000
2020-08-18 09:37:38.880,4.876,200
2020-08-18 09:37:38.880,4.876,3300
2020-08-18 09:37:38.910,4.875,11400
2020-08-18 09:37:39.080,4.876,4000
2020-08-18 09:37:39.780,4.876,3600
2020-08-18 09:37:39.780,4.876,1100
2020-08-18 09:37:39.780,4.876,800
2020-08-18 09:37:39.780,4.876,9500
2020-08-18 09:37:42.560,4.875,400
2020-08-18 09:37:43.040,4.875,400
2020-08-18 09:37:43.070,4.875,1100
2020-08-18 09:37:43.100,4.876,500
2020-08-18 09:37:43.650,4.875,3000
2020-08-18 09:37:44.030,4.876,4300
2020-08-18 09:37:45.550,4.876,100
2020-08-18 09:37:45.980,4.876,700
2020-08-18 09:37:46.260,4.876,5400
2020-08-18 09:37:47.290,4.876,100
2020-08-18 09:37:47.500,4.877,44600
2020-08-18 09:37:47.500,4.877,100
2020-08-18 09:37:47.500,4.877,1000
2020-08-18 09:37:47.500,4.877,8300
2020-08-18 09:37:47.500,4.877,5000
2020-08-18 09:37:47.500,4.877,5000
2020-08-18 09:37:47.500,4.877,100
2020-08-18 09:37:47.500,4.877,600
2020-08-18 09:37:47.500,4.877,8200
2020-08-18 09:37:48.660,4.877,1200
2020-08-18 09:37:49.490,4.877,500
2020-08-18 09:37:51.240,4.878,3000
2020-08-18 09:37:51.240,4.878,7300
2020-08-18 09:37:52.000,4.878,1500
2020-08-18 09:37:52.000,4.878,4206
2020-08-18 09:37:52.000,4.878,4294
2020-08-18 09:37:53.110,4.878,3000
2020-08-18 09:37:53.840,4.878,3000
2020-08-18 09:37:54.010,4.878,1700
2020-08-18 09:37:54.870,4.877,1000
2020-08-18 09:37:56.470,4.877,500
2020-08-18 09:37:56.560,4.878,300000
2020-08-18 09:37:57.130,4.878,2000
2020-08-18 09:37:57.370,4.878,1100
2020-08-18 09:37:57.900,4.878,100000
2020-08-18 09:37:58.020,4.878,8006
2020-08-18 09:37:58.020,4.878,21400
2020-08-18 09:37:58.020,4.878,6600
2020-08-18 09:37:58.020,4.878,1000
2020-08-18 09:37:58.910,4.878,500
2020-08-18 09:37:59.440,4.879,10000
2020-08-18 09:37:59.440,4.879,800
2020-08-18 09:37:59.440,4.879,45100
2020-08-18 09:37:59.440,4.879,134700
2020-08-18 09:38:01.220,4.879,100000
2020-08-18 09:38:02.760,4.878,200
2020-08-18 09:38:03.690,4.879,2100
2020-08-18 09:38:03.800,4.878,6900
2020-08-18 09:38:03.800,4.878,7100
2020-08-18 09:38:03.800,4.878,3400
2020-08-18 09:38:03.800,4.878,30000
2020-08-18 09:38:03.800,4.878,1100
2020-08-18 09:38:03.800,4.878,7000
2020-08-18 09:38:03.980,4.878,300
2020-08-18 09:38:04.560,4.877,3000
2020-08-18 09:38:04.560,4.877,21300
2020-08-18 09:38:05.250,4.878,10000
2020-08-18 09:38:05.420,4.878,13000
2020-08-18 09:38:05.730,4.877,23900
2020-08-18 09:38:05.850,4.877,200
2020-08-18 09:38:06.570,4.876,2000
2020-08-18 09:38:06.570,4.876,100000
2020-08-18 09:38:06.570,4.876,1000
2020-08-18 09:38:06.570,4.876,100
2020-08-18 09:38:06.570,4.876,1000
2020-08-18 09:38:06.570,4.876,100
2020-08-18 09:38:06.570,4.876,2500
2020-08-18 09:38:06.570,4.876,2000
2020-08-18 09:38:06.750,4.875,33000
2020-08-18 09:38:06.960,4.877,500
2020-08-18 09:38:07.100,4.877,600
2020-08-18 09:38:07.100,4.877,1400
2020-08-18 09:38:07.450,4.876,20000
2020-08-18 09:38:08.910,4.877,200
2020-08-18 09:38:09.660,4.876,2000
2020-08-18 09:38:09.720,4.876,100
2020-08-18 09:38:10.240,4.876,10000
2020-08-18 09:38:11.190,4.875,20000
2020-08-18 09:38:11.420,4.875,47000
2020-08-18 09:38:11.420,4.875,100
2020-08-18 09:38:11.420,4.875,200
2020-08-18 09:38:11.420,4.875,100
2020-08-18 09:38:11.420,4.875,100000
2020-08-18 09:38:11.420,4.875,100
2020-08-18 09:38:11.420,4.875,48600
2020-08-18 09:38:11.530,4.875,11400
2020-08-18 09:38:11.530,4.875,2500
2020-08-18 09:38:11.660,4.875,5000
2020-08-18 09:38:12.010,4.875,200
2020-08-18 09:38:12.800,4.875,900
2020-08-18 09:38:13.630,4.875,7000
2020-08-18 09:38:14.330,4.875,3000
2020-08-18 09:38:14.900,4.874,2000
2020-08-18 09:38:14.900,4.874,1500
2020-08-18 09:38:14.900,4.874,200
2020-08-18 09:38:14.900,4.874,2300
2020-08-18 09:38:14.900,4.874,300
2020-08-18 09:38:14.900,4.874,2400
2020-08-18 09:38:14.900,4.874,10000
2020-08-18 09:38:15.380,4.875,100000
2020-08-18 09:38:15.800,4.874,10000
2020-08-18 09:38:15.800,4.875,125200
2020-08-18 09:38:15.800,4.876,7900
2020-08-18 09:38:15.800,4.876,164500
2020-08-18 09:38:16.250,4.873,400
2020-08-18 09:38:16.250,4.873,3000
2020-08-18 09:38:16.250,4.873,5000
2020-08-18 09:38:16.250,4.873,100
2020-08-18 09:38:16.250,4.873,100
2020-08-18 09:38:16.250,4.873,200
2020-08-18 09:38:16.250,4.873,200
2020-08-18 09:38:16.250,4.873,1000
2020-08-18 09:38:16.250,4.873,100
2020-08-18 09:38:16.250,4.873,1000
2020-08-18 09:38:16.250,4.873,1600
2020-08-18 09:38:16.250,4.873,45200
2020-08-18 09:38:17.600,4.875,20000
2020-08-18 09:38:17.600,4.876,6200
2020-08-18 09:38:18.490,4.875,500
2020-08-18 09:38:18.490,4.874,200
2020-08-18 09:38:18.490,4.873,700
2020-08-18 09:38:18.580,4.873,5000
2020-08-18 09:38:19.110,4.873,100
2020-08-18 09:38:19.250,4.873,3500
2020-08-18 09:38:19.250,4.875,45200
2020-08-18 09:38:20.950,4.875,2100
2020-08-18 09:38:21.330,4.876,5000
2020-08-18 09:38:21.420,4.876,1000
2020-08-18 09:38:21.540,4.875,300
2020-08-18 09:38:22.380,4.875,2500
2020-08-18 09:38:22.490,4.875,500
2020-08-18 09:38:25.560,4.876,1000
2020-08-18 09:38:28.460,4.876,300
2020-08-18 09:38:28.460,4.876,700
2020-08-18 09:38:28.540,4.875,3500
2020-08-18 09:38:28.620,4.875,5000
2020-08-18 09:38:29.150,4.875,20000
2020-08-18 09:38:29.680,4.875,15000
2020-08-18 09:38:29.860,4.876,18200
2020-08-18 09:38:29.910,4.876,200
2020-08-18 09:38:30.150,4.875,21900
2020-08-18 09:38:30.180,4.875,100
2020-08-18 09:38:30.390,4.875,2000
2020-08-18 09:38:31.470,4.876,500
2020-08-18 09:38:31.900,4.875,178400
2020-08-18 09:38:31.900,4.875,2000
2020-08-18 09:38:31.900,4.875,2000
2020-08-18 09:38:31.900,4.875,300
2020-08-18 09:38:31.900,4.875,300
2020-08-18 09:38:31.900,4.875,5000
2020-08-18 09:38:31.900,4.875,400
2020-08-18 09:38:31.900,4.875,3000
2020-08-18 09:38:31.900,4.875,600
2020-08-18 09:38:31.900,4.875,500
2020-08-18 09:38:31.900,4.875,100
2020-08-18 09:38:34.090,4.875,200
2020-08-18 09:38:36.820,4.875,10000
2020-08-18 09:38:37.020,4.875,600
2020-08-18 09:38:37.020,4.875,1000
2020-08-18 09:38:37.490,4.875,100
2020-08-18 09:38:37.860,4.875,18200
2020-08-18 09:38:38.120,4.875,1000
2020-08-18 09:38:40.930,4.875,2100
2020-08-18 09:38:42.530,4.873,200
2020-08-18 09:38:42.840,4.873,800
2020-08-18 09:38:42.840,4.873,3000
2020-08-18 09:38:42.840,4.873,1000
2020-08-18 09:38:42.840,4.873,30000
2020-08-18 09:38:42.840,4.872,20800
2020-08-18 09:38:44.150,4.875,10000
2020-08-18 09:38:44.530,4.875,30000
2020-08-18 09:38:46.120,4.875,34200
2020-08-18 09:38:46.120,4.875,30000
2020-08-18 09:38:46.120,4.875,235800
2020-08-18 09:38:46.240,4.874,10000
2020-08-18 09:38:47.300,4.875,30000
2020-08-18 09:38:47.360,4.875,5000
2020-08-18 09:38:47.940,4.875,1100
2020-08-18 09:38:48.160,4.875,28100
2020-08-18 09:38:48.700,4.876,5300
2020-08-18 09:38:48.700,4.876,60000
2020-08-18 09:38:48.700,4.876,4000
2020-08-18 09:38:48.700,4.876,45200
2020-08-18 09:38:48.700,4.876,100
2020-08-18 09:38:48.700,4.876,15900
2020-08-18 09:38:48.810,4.877,2100
2020-08-18 09:38:48.930,4.876,3800
2020-08-18 09:38:49.000,4.876,5000
2020-08-18 09:38:49.120,4.876,2000
2020-08-18 09:38:52.810,4.876,12400
2020-08-18 09:38:55.700,4.877,100
2020-08-18 09:38:55.810,4.876,700
2020-08-18 09:38:56.570,4.877,30000
2020-08-18 09:38:57.570,4.876,50700
2020-08-18 09:38:57.570,4.876,6000
2020-08-18 09:38:58.460,4.876,4100
2020-08-18 09:39:00.570,4.875,1200
2020-08-18 09:39:00.590,4.876,22300
2020-08-18 09:39:02.980,4.876,34700
2020-08-18 09:39:04.810,4.876,30000
2020-08-18 09:39:05.370,4.876,30000
2020-08-18 09:39:05.370,4.876,40000
2020-08-18 09:39:05.760,4.876,1000
2020-08-18 09:39:05.940,4.876,33000
2020-08-18 09:39:05.960,4.875,1000
2020-08-18 09:39:06.520,4.876,10000
2020-08-18 09:39:06.670,4.876,5000
2020-08-18 09:39:06.720,4.876,30000
2020-08-18 09:39:07.230,4.876,3200
2020-08-18 09:39:07.230,4.876,10000
2020-08-18 09:39:07.230,4.876,10000
2020-08-18 09:39:07.230,4.876,6800
2020-08-18 09:39:07.650,4.875,100
2020-08-18 09:39:08.020,4.876,200
2020-08-18 09:39:08.020,4.876,6700
2020-08-18 09:39:08.830,4.875,200
2020-08-18 09:39:09.680,4.876,500
2020-08-18 09:39:10.520,4.876,300
2020-08-18 09:39:10.520,4.876,1700
2020-08-18 09:39:10.580,4.876,2100
2020-08-18 09:39:10.750,4.876,6200
2020-08-18 09:39:10.750,4.876,300
2020-08-18 09:39:10.750,4.876,21500
2020-08-18 09:39:10.750,4.876,500
2020-08-18 09:39:11.470,4.876,1000
2020-08-18 09:39:11.770,4.876,10500
2020-08-18 09:39:11.770,4.876,30000
2020-08-18 09:39:11.770,4.875,9300
2020-08-18 09:39:11.860,4.877,800
2020-08-18 09:39:13.380,4.877,2000
2020-08-18 09:39:15.560,4.876,5000
2020-08-18 09:39:16.010,4.877,10000
2020-08-18 09:39:17.840,4.876,400
2020-08-18 09:39:18.000,4.877,15000
2020-08-18 09:39:18.000,4.877,3000
2020-08-18 09:39:18.000,4.877,2000
2020-08-18 09:39:18.090,4.876,100
2020-08-18 09:39:20.380,4.876,100
2020-08-18 09:39:20.520,4.877,150000
2020-08-18 09:39:20.520,4.877,150000
2020-08-18 09:39:21.150,4.876,300
2020-08-18 09:39:21.260,4.876,5000
2020-08-18 09:39:21.740,4.877,17600
2020-08-18 09:39:21.740,4.877,1000
2020-08-18 09:39:21.740,4.877,100
2020-08-18 09:39:22.270,4.878,100
2020-08-18 09:39:22.270,4.878,3700
2020-08-18 09:39:22.270,4.878,100
2020-08-18 09:39:22.270,4.878,200
2020-08-18 09:39:22.270,4.878,600
2020-08-18 09:39:22.270,4.878,3700
2020-08-18 09:39:22.270,4.878,1600
2020-08-18 09:39:24.040,4.876,24600
2020-08-18 09:39:24.040,4.876,200
2020-08-18 09:39:24.040,4.876,500
2020-08-18 09:39:24.040,4.876,15000
2020-08-18 09:39:24.040,4.876,400
2020-08-18 09:39:24.040,4.876,1800
2020-08-18 09:39:27.190,4.877,3000
2020-08-18 09:39:28.600,4.878,3400
2020-08-18 09:39:28.600,4.878,146600
2020-08-18 09:39:28.600,4.878,150000
2020-08-18 09:39:30.720,4.877,5000
2020-08-18 09:39:30.810,4.878,40000
2020-08-18 09:39:31.020,4.878,151600
2020-08-18 09:39:32.160,4.878,6900
2020-08-18 09:39:32.340,4.878,44200
2020-08-18 09:39:32.470,4.877,100
2020-08-18 09:39:33.300,4.878,1000
2020-08-18 09:39:33.300,4.878,200
2020-08-18 09:39:33.610,4.879,100
2020-08-18 09:39:33.610,4.879,1900
2020-08-18 09:39:33.960,4.879,500
2020-08-18 09:39:35.420,4.878,6400
2020-08-18 09:39:37.320,4.878,300
2020-08-18 09:39:38.920,4.878,500
2020-08-18 09:39:39.450,4.879,7900
2020-08-18 09:39:40.840,4.879,22100
2020-08-18 09:39:40.840,4.879,17900
2020-08-18 09:39:41.330,4.879,22100
2020-08-18 09:39:41.330,4.878,31600
2020-08-18 09:39:41.330,4.878,10000
2020-08-18 09:39:41.330,4.878,30000
2020-08-18 09:39:41.330,4.877,2100
2020-08-18 09:39:41.330,4.877,3000
2020-08-18 09:39:41.330,4.877,4000
2020-08-18 09:39:41.330,4.877,1700
2020-08-18 09:39:41.330,4.877,1500
2020-08-18 09:39:41.330,4.877,45200
2020-08-18 09:39:41.330,4.877,40000
2020-08-18 09:39:41.330,4.876,1200
2020-08-18 09:39:41.330,4.876,1000
2020-08-18 09:39:41.330,4.876,100
2020-08-18 09:39:41.330,4.876,5000
2020-08-18 09:39:41.330,4.876,500
2020-08-18 09:39:41.330,4.876,1000
2020-08-18 09:39:41.330,4.876,100
2020-08-18 09:39:41.330,4.876,1600
2020-08-18 09:39:41.330,4.876,300
2020-08-18 09:39:41.330,4.876,4400
2020-08-18 09:39:43.900,4.879,1000
2020-08-18 09:39:44.180,4.879,200
2020-08-18 09:39:44.470,4.88,200
2020-08-18 09:39:44.470,4.88,400
2020-08-18 09:39:44.470,4.88,600
2020-08-18 09:39:44.470,4.88,2000
2020-08-18 09:39:44.470,4.88,7800
2020-08-18 09:39:44.470,4.88,1000
2020-08-18 09:39:44.470,4.88,1400
2020-08-18 09:39:44.470,4.88,100
2020-08-18 09:39:44.470,4.88,900
2020-08-18 09:39:44.470,4.88,100
2020-08-18 09:39:44.470,4.88,10500
2020-08-18 09:39:45.440,4.879,500
2020-08-18 09:39:45.440,4.878,500
2020-08-18 09:39:45.440,4.878,1000
2020-08-18 09:39:45.440,4.878,2300
2020-08-18 09:39:46.190,4.879,200
2020-08-18 09:39:49.190,4.88,4500
2020-08-18 09:39:49.190,4.88,3000
2020-08-18 09:39:49.190,4.88,10000
2020-08-18 09:39:49.190,4.88,2000
2020-08-18 09:39:49.190,4.88,4100
2020-08-18 09:39:49.190,4.88,2000
2020-08-18 09:39:49.190,4.88,5000
2020-08-18 09:39:49.190,4.88,6400
2020-08-18 09:39:49.310,4.88,3000
2020-08-18 09:39:49.740,4.88,22100
2020-08-18 09:39:49.950,4.879,300
2020-08-18 09:39:49.950,4.879,5000
2020-08-18 09:39:50.250,4.878,400
2020-08-18 09:39:50.440,4.878,27300
2020-08-18 09:39:50.440,4.878,100
2020-08-18 09:39:50.440,4.878,3000
2020-08-18 09:39:50.440,4.878,40000
2020-08-18 09:39:50.440,4.877,9300
2020-08-18 09:39:50.620,4.879,1000
2020-08-18 09:39:51.140,4.879,3700
2020-08-18 09:39:51.580,4.879,400
2020-08-18 09:39:51.580,4.879,7100
2020-08-18 09:39:51.960,4.879,1100
2020-08-18 09:39:52.280,4.878,1000
2020-08-18 09:39:52.770,4.879,4400
2020-08-18 09:39:52.770,4.879,49400
2020-08-18 09:39:52.910,4.878,3500
2020-08-18 09:39:52.960,4.879,200
2020-08-18 09:39:53.210,4.878,10000
2020-08-18 09:39:55.200,4.879,300000
2020-08-18 09:39:55.540,4.879,300
2020-08-18 09:39:56.000,4.879,500
2020-08-18 09:39:56.840,4.878,1000
2020-08-18 09:39:56.870,4.879,18700
2020-08-18 09:39:57.350,4.879,2000
2020-08-18 09:39:58.690,4.879,3000
2020-08-18 09:39:58.690,4.879,30000
2020-08-18 09:39:58.750,4.879,20000
2020-08-18 09:39:59.130,4.879,300000
2020-08-18 09:39:59.290,4.879,30000
2020-08-18 09:39:59.690,4.878,1000
2020-08-18 09:39:59.690,4.879,40000
2020-08-18 09:39:59.810,4.879,2400
2020-08-18 09:40:00.100,4.879,3000
2020-08-18 09:40:00.130,4.879,100500
2020-08-18 09:40:00.130,4.879,10000
2020-08-18 09:40:00.130,4.879,1000
2020-08-18 09:40:00.130,4.879,2000
2020-08-18 09:40:00.130,4.879,10000
2020-08-18 09:40:00.130,4.879,300
2020-08-18 09:40:00.870,4.88,800
2020-08-18 09:40:02.300,4.879,100
2020-08-18 09:40:02.740,4.88,30000
2020-08-18 09:40:03.790,4.88,30000
2020-08-18 09:40:04.730,4.88,30000
2020-08-18 09:40:05.870,4.88,30000
2020-08-18 09:40:06.240,4.879,13800
2020-08-18 09:40:07.200,4.879,1000
2020-08-18 09:40:07.310,4.88,40000
2020-08-18 09:40:07.310,4.88,13500
2020-08-18 09:40:07.630,4.88,97500
2020-08-18 09:40:07.630,4.88,20000
2020-08-18 09:40:07.630,4.88,3000
2020-08-18 09:40:07.630,4.88,2000
2020-08-18 09:40:07.630,4.88,20000
2020-08-18 09:40:07.630,4.88,300
2020-08-18 09:40:07.630,4.88,10000
2020-08-18 09:40:07.630,4.88,500
2020-08-18 09:40:07.630,4.88,500
2020-08-18 09:40:07.630,4.881,146200
2020-08-18 09:40:07.700,4.881,300000
2020-08-18 09:40:07.730,4.881,45900
2020-08-18 09:40:08.070,4.879,500
2020-08-18 09:40:08.120,4.881,187900
2020-08-18 09:40:08.120,4.881,10000
2020-08-18 09:40:08.120,4.881,102100
2020-08-18 09:40:09.130,4.881,212900
2020-08-18 09:40:09.130,4.881,100
2020-08-18 09:40:09.130,4.881,45100
2020-08-18 09:40:11.170,4.881,600
2020-08-18 09:40:11.600,4.882,900
2020-08-18 09:40:11.600,4.882,600
2020-08-18 09:40:11.600,4.882,60000
2020-08-18 09:40:11.600,4.882,45100
2020-08-18 09:40:12.280,4.882,1600
2020-08-18 09:40:12.650,4.882,4000
2020-08-18 09:40:14.230,4.882,187800
2020-08-18 09:40:14.230,4.882,140000
2020-08-18 09:40:14.400,4.882,30000
2020-08-18 09:40:15.010,4.881,20000
2020-08-18 09:40:15.450,4.882,30000
2020-08-18 09:40:17.050,4.883,1000
2020-08-18 09:40:17.050,4.883,100
2020-08-18 09:40:17.050,4.884,500
2020-08-18 09:40:18.180,4.882,800
2020-08-18 09:40:18.350,4.884,1400
2020-08-18 09:40:18.350,4.884,500
2020-08-18 09:40:18.350,4.884,1600
2020-08-18 09:40:18.450,4.883,200
2020-08-18 09:40:19.090,4.883,300
2020-08-18 09:40:20.290,4.883,200
2020-08-18 09:40:20.520,4.884,800
2020-08-18 09:40:20.520,4.884,5000
2020-08-18 09:40:20.520,4.884,600
2020-08-18 09:40:20.520,4.884,1000
2020-08-18 09:40:20.520,4.884,13900
2020-08-18 09:40:21.680,4.884,300000
2020-08-18 09:40:22.320,4.884,9500
2020-08-18 09:40:22.380,4.884,30000
2020-08-18 09:40:22.940,4.884,150000
2020-08-18 09:40:22.940,4.884,150000
2020-08-18 09:40:23.300,4.884,30000
2020-08-18 09:40:23.490,4.884,2000
2020-08-18 09:40:24.480,4.884,200
2020-08-18 09:40:24.750,4.885,800
2020-08-18 09:40:24.750,4.885,100
2020-08-18 09:40:24.750,4.885,1100
2020-08-18 09:40:24.930,4.884,800
2020-08-18 09:40:24.930,4.884,7700
2020-08-18 09:40:25.440,4.884,1000
2020-08-18 09:40:26.270,4.885,1400
2020-08-18 09:40:26.270,4.885,500
2020-08-18 09:40:26.270,4.885,500
2020-08-18 09:40:26.270,4.885,100
2020-08-18 09:40:26.270,4.885,1600
2020-08-18 09:40:26.270,4.885,3000
2020-08-18 09:40:28.260,4.885,100
2020-08-18 09:40:28.430,4.885,200
2020-08-18 09:40:29.550,4.886,2500
2020-08-18 09:40:29.550,4.886,200
2020-08-18 09:40:29.550,4.886,2300
2020-08-18 09:40:29.550,4.886,1000
2020-08-18 09:40:29.550,4.886,1000
2020-08-18 09:40:29.550,4.886,1000
2020-08-18 09:40:29.550,4.886,10000
2020-08-18 09:40:29.550,4.886,13800
2020-08-18 09:40:29.550,4.886,100
2020-08-18 09:40:29.950,4.886,700
2020-08-18 09:40:30.200,4.886,10200
2020-08-18 09:40:31.380,4.886,1200
2020-08-18 09:40:32.400,4.887,300
2020-08-18 09:40:33.310,4.886,2100
2020-08-18 09:40:33.770,4.887,1000
2020-08-18 09:40:33.770,4.886,200
2020-08-18 09:40:35.490,4.887,2700
2020-08-18 09:40:35.490,4.887,5300
2020-08-18 09:40:35.490,4.887,2000
2020-08-18 09:40:35.490,4.887,100
2020-08-18 09:40:35.490,4.887,400
2020-08-18 09:40:37.560,4.887,4500
2020-08-18 09:40:37.750,4.887,5000
2020-08-18 09:40:37.810,4.887,100
2020-08-18 09:40:37.870,4.888,500
2020-08-18 09:40:37.870,4.888,300
2020-08-18 09:40:37.870,4.888,5000
2020-08-18 09:40:37.870,4.888,800
2020-08-18 09:40:37.870,4.888,6000
2020-08-18 09:40:37.870,4.888,100
2020-08-18 09:40:37.870,4.888,1800
2020-08-18 09:40:37.870,4.888,4500
2020-08-18 09:40:38.190,4.887,200
2020-08-18 09:40:38.300,4.887,100
2020-08-18 09:40:38.500,4.888,500
2020-08-18 09:40:38.500,4.888,1000
2020-08-18 09:40:38.500,4.888,14000
2020-08-18 09:40:38.500,4.888,10000
2020-08-18 09:40:38.500,4.888,10000
2020-08-18 09:40:38.500,4.888,5500
2020-08-18 09:40:38.500,4.888,4900
2020-08-18 09:40:38.500,4.888,207800
2020-08-18 09:40:38.700,4.887,3600
2020-08-18 09:40:38.910,4.887,5000
2020-08-18 09:40:40.250,4.887,1000
2020-08-18 09:40:41.360,4.887,600
2020-08-18 09:40:41.650,4.887,1000
2020-08-18 09:40:42.150,4.888,10000
2020-08-18 09:40:42.290,4.888,4600
2020-08-18 09:40:42.910,4.887,27600
2020-08-18 09:40:42.910,4.887,1600
2020-08-18 09:40:42.910,4.887,8900
2020-08-18 09:40:42.910,4.887,9500
2020-08-18 09:40:43.770,4.887,200
2020-08-18 09:40:44.070,4.887,300
2020-08-18 09:40:44.070,4.887,1700
2020-08-18 09:40:44.820,4.888,4100
2020-08-18 09:40:45.080,4.888,500
2020-08-18 09:40:45.230,4.888,20400
2020-08-18 09:40:45.960,4.888,200
2020-08-18 09:40:46.560,4.888,10000
2020-08-18 09:40:47.100,4.887,600
2020-08-18 09:40:47.200,4.887,600
2020-08-18 09:40:47.260,4.888,2000
2020-08-18 09:40:47.720,4.888,2500
2020-08-18 09:40:47.960,4.888,1800
2020-08-18 09:40:48.770,4.888,3000
2020-08-18 09:40:49.240,4.887,5000
2020-08-18 09:40:49.330,4.888,600
2020-08-18 09:40:50.040,4.888,18300
2020-08-18 09:40:50.210,4.888,12500
2020-08-18 09:40:51.380,4.887,5000
2020-08-18 09:40:52.590,4.887,700
2020-08-18 09:40:53.510,4.887,1000
2020-08-18 09:40:53.710,4.887,200
2020-08-18 09:40:53.710,4.888,500
2020-08-18 09:40:53.890,4.888,100
2020-08-18 09:40:55.520,4.888,1100
2020-08-18 09:40:55.520,4.888,900
2020-08-18 09:40:55.950,4.888,100
2020-08-18 09:40:56.510,4.887,2100
2020-08-18 09:40:56.940,4.888,299000
2020-08-18 09:40:56.940,4.888,1000
2020-08-18 09:40:56.940,4.888,3600
2020-08-18 09:40:56.940,4.888,1000
2020-08-18 09:40:56.940,4.888,400
2020-08-18 09:40:56.940,4.888,1000
2020-08-18 09:40:56.940,4.888,10000
2020-08-18 09:40:56.940,4.888,10000
2020-08-18 09:40:56.940,4.888,200
2020-08-18 09:40:56.940,4.888,300
2020-08-18 09:40:56.940,4.888,20000
2020-08-18 09:40:56.940,4.888,600
2020-08-18 09:40:56.940,4.888,52900
2020-08-18 09:40:57.060,4.888,800
2020-08-18 09:40:57.600,4.888,4200
2020-08-18 09:40:58.190,4.887,7500
2020-08-18 09:40:58.190,4.887,500
2020-08-18 09:40:58.190,4.887,2200
2020-08-18 09:40:58.830,4.888,10000
2020-08-18 09:40:59.060,4.888,2500
2020-08-18 09:40:59.340,4.888,1000
2020-08-18 09:40:59.740,4.887,3000
2020-08-18 09:40:59.990,4.888,2600
2020-08-18 09:41:00.050,4.888,15000
2020-08-18 09:41:00.050,4.888,200
2020-08-18 09:41:00.570,4.888,61200
2020-08-18 09:41:00.570,4.888,1000
2020-08-18 09:41:00.570,4.888,1100
2020-08-18 09:41:00.710,4.887,1800
2020-08-18 09:41:01.220,4.887,2000
2020-08-18 09:41:01.220,4.887,2000
2020-08-18 09:41:01.220,4.887,200
2020-08-18 09:41:01.510,4.887,5700
2020-08-18 09:41:01.510,4.888,4300
2020-08-18 09:41:04.530,4.887,2000
2020-08-18 09:41:05.900,4.887,600
2020-08-18 09:41:07.150,4.885,3500
2020-08-18 09:41:07.360,4.885,6200
2020-08-18 09:41:07.360,4.885,7000
2020-08-18 09:41:07.360,4.885,10000
2020-08-18 09:41:07.360,4.885,100
2020-08-18 09:41:07.360,4.885,300
2020-08-18 09:41:07.360,4.885,9400
2020-08-18 09:41:07.770,4.887,2000
2020-08-18 09:41:08.310,4.885,10000
2020-08-18 09:41:08.610,4.886,100
2020-08-18 09:41:08.670,4.886,10000
2020-08-18 09:41:10.010,4.886,1000
2020-08-18 09:41:10.990,4.886,100
2020-08-18 09:41:12.300,4.885,1000
2020-08-18 09:41:12.540,4.885,1000
2020-08-18 09:41:12.650,4.885,3900
