Datetime,Lastprice,Volume,Precloseprice,AvgPrice,Iopv,Netvalue,Bid[0],BidQty[0],Bid[1],BidQty[1],Bid[2],BidQty[2],Bid[3],BidQty[3],Bid[4],BidQty[4],Bid[5],BidQty[5],Bid[6],BidQty[6],Bid[7],BidQty[7],Bid[8],BidQty[8],Bid[9],BidQty[9],Ask[0],AskQty[0],Ask[1],AskQty[1],Ask[2],AskQty[2],Ask[3],AskQty[3],Ask[4],AskQty[4],Ask[5],AskQty[5],Ask[6],AskQty[6],Ask[7],AskQty[7],Ask[8],AskQty[8],Ask[9],AskQty[9]
2020-08-18 09:25:00.950,3.021,25500.0,3.019,3.021,3.009,3.009,3.021,4400,2.96,8000,2.95,7000,2.911,100,2.91,2000,2.89,12000,2.888,2000,2.83,50000,2.8,100000,2.786,2000,3.056,4000,3.066,4000,3.118,5500,3.122,4500,3.129,5000,3.169,100,3.17,4000,3.19,50000,3.2,2700,3.225,5800
2020-08-18 09:30:03.440,3.021,4400.0,3.019,3.021,3.01,3.009,2.971,10000,2.96,8000,2.95,7000,2.945,10000,2.911,100,2.91,2000,2.89,12000,2.888,2000,2.88,30000,2.83,50000,3.021,5000,3.03,2000,3.049,40000,3.056,4000,3.066,4000,3.118,5500,3.122,4500,3.129,5000,3.169,100,3.17,4000
2020-08-18 09:30:10.350,3.021,700.0,3.019,3.021,3.009,3.009,2.971,10000,2.961,1000,2.96,8000,2.95,14300,2.945,10000,2.929,2000,2.911,100,2.91,2000,2.89,12000,2.888,2000,3.021,31100,3.03,2000,3.049,47000,3.056,4500,3.066,6000,3.109,6600,3.118,5500,3.122,4500,3.129,5000,3.169,100
2020-08-18 09:30:29.160,2.971,4400.0,3.019,3.014714,3.007,3.009,2.971,5600,2.961,1000,2.96,8000,2.95,14300,2.945,10000,2.929,2000,2.911,100,2.91,2000,2.89,12000,2.888,2000,3.02,10000,3.021,23800,3.028,1000,3.03,3000,3.049,47000,3.056,4500,3.066,6000,3.109,6600,3.118,5500,3.122,4500
2020-08-18 09:30:37.700,2.971,3000.0,3.019,3.011263,3.007,3.009,2.971,2600,2.967,1500,2.961,1000,2.96,8000,2.95,14300,2.945,10000,2.929,2000,2.911,100,2.91,2000,2.89,12000,3.02,10000,3.021,23800,3.028,1000,3.03,3000,3.049,47000,3.056,4500,3.066,6000,3.109,6600,3.118,5500,3.122,4500
2020-08-18 09:30:52.390,2.971,9600.0,3.019,3.003143,3.005,3.009,2.961,1000,2.96,8000,2.95,14300,2.945,10000,2.929,2000,2.911,100,2.91,2000,2.89,12000,2.888,2000,2.88,30000,2.971,6700,3.02,10000,3.021,23800,3.028,1000,3.03,3000,3.049,47000,3.056,4500,3.066,6000,3.109,6600,3.118,5500
2020-08-18 09:30:52.770,2.971,6700.0,3.019,2.999177,3.005,3.009,2.971,10000,2.961,1000,2.96,8000,2.95,14300,2.945,10000,2.929,2000,2.911,100,2.91,2000,2.89,12000,2.888,2000,3.02,10000,3.021,23800,3.028,1000,3.03,3000,3.049,47000,3.056,4500,3.066,6000,3.109,6600,3.118,5500,3.122,4500
2020-08-18 09:31:02.340,3.02,1000.0,3.019,2.9995529999999997,3.005,3.009,2.971,17300,2.962,400,2.961,1000,2.96,8000,2.95,14300,2.945,10000,2.929,2000,2.911,100,2.91,2000,2.89,12000,3.02,9000,3.021,23800,3.028,1000,3.03,3000,3.049,47000,3.05,5000,3.056,4500,3.066,6000,3.109,6600,3.118,5500
2020-08-18 09:31:28.860,2.981,100.0,3.019,2.99952,3.009,3.009,2.992,6700,2.981,14400,2.971,3700,2.962,400,2.961,1000,2.96,8000,2.95,7300,2.945,10000,2.929,2000,2.911,100,3.02,9000,3.021,23800,3.028,1000,3.03,3000,3.049,48800,3.05,5000,3.056,4500,3.066,6000,3.08,400,3.109,6600
2020-08-18 09:31:43.350,2.992,100.0,3.019,2.9995060000000002,3.009,3.009,2.992,6600,2.983,10000,2.981,15400,2.975,10000,2.971,5700,2.961,2000,2.96,8000,2.95,7300,2.945,10000,2.929,2000,3.02,9000,3.021,23800,3.028,1000,3.03,3000,3.049,48800,3.05,5000,3.056,4500,3.066,6000,3.08,400,3.109,6600
2020-08-18 09:31:49.220,2.992,3300.0,3.019,2.999085,3.009,3.009,2.992,3300,2.983,10000,2.981,15400,2.975,10000,2.971,5700,2.961,2000,2.96,8000,2.95,7300,2.945,10000,2.929,2000,3.02,9000,3.021,23800,3.028,1000,3.03,3000,3.049,48800,3.05,5000,3.056,4500,3.066,6000,3.08,400,3.109,6600
2020-08-18 09:32:19.390,2.981,23700.0,3.019,2.996023,3.013,3.009,2.972,2200,2.971,2000,2.961,2000,2.96,8500,2.95,7300,2.945,10000,2.929,2000,2.911,100,2.91,2000,2.89,12000,2.98,6300,3.02,14700,3.021,23800,3.028,1000,3.03,3000,3.049,48800,3.05,5000,3.056,4500,3.066,6000,3.08,400
2020-08-18 09:32:22.390,2.98,6300.0,3.019,2.994886,3.013,3.009,2.98,6300,2.972,2300,2.971,2000,2.961,2000,2.96,8500,2.95,7300,2.945,10000,2.929,2000,2.911,100,2.91,2000,3.02,14700,3.021,23800,3.028,1000,3.03,3000,3.049,48800,3.05,5000,3.056,4500,3.066,6000,3.08,400,3.109,6600
2020-08-18 09:32:47.120,2.993,3000.0,3.019,2.994825,3.014,3.009,2.993,4800,2.98,9900,2.971,2000,2.97,8400,2.961,2000,2.96,8500,2.95,7300,2.945,10000,2.929,2000,2.911,100,3.02,14700,3.021,23800,3.028,1000,3.03,3000,3.049,48800,3.05,5000,3.056,4500,3.066,6000,3.08,400,3.109,6600
2020-08-18 09:32:47.300,2.993,4800.0,3.019,2.9947340000000002,3.013,3.009,2.981,11500,2.98,9900,2.971,2000,2.961,2000,2.96,8500,2.95,7300,2.945,10000,2.929,2000,2.911,100,2.91,2000,3.02,15700,3.021,23800,3.028,1000,3.03,3000,3.049,48800,3.05,5000,3.056,4500,3.066,6000,3.08,400,3.109,6600
2020-08-18 09:32:50.750,3.02,300.0,3.019,2.994812,3.013,3.009,2.981,11500,2.98,9900,2.971,2000,2.961,2000,2.96,8500,2.95,7300,2.945,10000,2.929,2000,2.911,100,2.91,2000,3.02,15400,3.021,23800,3.028,1000,3.03,3000,3.049,48800,3.05,5000,3.056,4500,3.066,6000,3.08,400,3.109,6600
2020-08-18 09:33:30.030,2.985,10100.0,3.019,2.994185,3.008,3.009,2.985,8900,2.984,2400,2.982,10100,2.98,27100,2.97,10000,2.961,2000,2.96,18500,2.95,7300,2.945,10000,2.929,2000,3.02,21400,3.021,23800,3.028,1000,3.03,3000,3.045,700,3.049,48800,3.05,5000,3.056,4500,3.066,6000,3.08,400
2020-08-18 09:33:49.440,3.02,300.0,3.019,2.994257,3.006,3.009,2.985,8900,2.984,2400,2.982,10100,2.98,29100,2.97,10000,2.961,2500,2.96,18500,2.95,7300,2.945,10000,2.929,2000,3.02,24000,3.021,23800,3.028,1000,3.03,3000,3.045,700,3.049,48800,3.05,5000,3.056,4500,3.066,6000,3.08,400
2020-08-18 09:33:53.230,3.02,10000.0,3.019,2.996452,3.008,3.009,2.985,8900,2.984,2400,2.982,10100,2.98,29100,2.97,10000,2.961,2500,2.96,18500,2.95,7300,2.945,10000,2.929,2000,3.02,14000,3.021,23800,3.028,1000,3.03,3000,3.045,700,3.049,48800,3.05,5000,3.056,4500,3.066,6000,3.08,400
2020-08-18 09:34:03.470,3.02,4300.0,3.019,2.9972849999999998,3.008,3.009,2.986,5000,2.985,8900,2.984,14800,2.982,9100,2.98,29100,2.97,10000,2.961,2500,2.96,18500,2.95,7300,2.945,10000,3.02,9700,3.021,23800,3.028,1000,3.03,3000,3.045,700,3.049,48800,3.05,5000,3.056,4500,3.066,6000,3.08,400
2020-08-18 09:34:36.680,2.999,3000.0,3.019,2.9973259999999997,3.001,3.009,2.999,7000,2.987,300,2.986,5000,2.985,8900,2.984,2400,2.982,9100,2.98,29100,2.97,10000,2.961,2500,2.96,18500,3.018,2500,3.019,10000,3.02,9700,3.028,1000,3.03,3000,3.045,700,3.049,48800,3.05,5000,3.056,4500,3.066,6000
2020-08-18 09:35:16.560,2.99,100.0,3.019,2.99732,3.002,3.009,2.99,9900,2.989,12400,2.988,10000,2.987,300,2.986,5000,2.985,5000,2.984,2400,2.982,4000,2.98,29100,2.973,700,3.01,1000,3.019,10000,3.02,9700,3.028,1000,3.03,3000,3.045,700,3.049,48800,3.05,5000,3.056,4500,3.066,6000
2020-08-18 09:36:29.210,3.0,5000.0,3.019,2.997423,2.999,3.009,2.999,10000,2.992,11000,2.991,47400,2.99,10400,2.987,300,2.986,5000,2.985,5000,2.984,2400,2.982,4000,2.98,33100,3.0,4700,3.005,1000,3.01,11000,3.015,100,3.019,10000,3.02,9700,3.028,1000,3.03,3000,3.045,700,3.049,48800
2020-08-18 09:36:35.750,3.0,300.0,3.019,2.997429,2.998,3.009,2.999,10000,2.992,11000,2.991,47400,2.99,10400,2.987,300,2.986,5000,2.985,5000,2.984,2400,2.982,4000,2.98,33100,3.0,4400,3.005,1000,3.01,11000,3.015,100,3.019,10000,3.02,9700,3.028,1000,3.03,3000,3.045,700,3.049,48800
2020-08-18 09:36:56.880,2.999,10000.0,3.019,2.997541,2.999,3.009,2.998,20000,2.992,11000,2.991,47400,2.99,10400,2.987,300,2.986,5000,2.985,5000,2.984,2400,2.982,4000,2.98,33100,2.999,60800,3.0,4400,3.005,1000,3.01,11000,3.015,100,3.019,10000,3.02,9700,3.028,1000,3.03,3000,3.045,700
2020-08-18 09:37:19.200,2.999,49600.0,3.019,2.997923,2.999,3.009,2.998,20000,2.992,11000,2.991,47400,2.99,10400,2.987,300,2.986,5000,2.984,2400,2.982,4000,2.98,33100,2.973,700,2.999,11200,3.0,4400,3.005,1000,3.01,11000,3.015,100,3.019,10000,3.02,9700,3.028,1000,3.03,3000,3.045,700
2020-08-18 09:37:41.650,2.998,1800.0,3.019,2.9979240000000003,3.002,3.009,2.998,18200,2.992,11000,2.991,47400,2.99,10400,2.987,300,2.986,5000,2.984,2400,2.982,4000,2.98,9600,2.973,700,2.999,11200,3.0,4400,3.005,1000,3.01,11000,3.015,100,3.019,10000,3.02,9700,3.021,2000,3.028,1000,3.03,3000
2020-08-18 09:38:25.930,2.999,2000.0,3.019,2.997935,3.002,3.009,2.998,18200,2.992,11000,2.991,47400,2.99,10400,2.987,300,2.986,5000,2.984,2400,2.982,4000,2.98,9600,2.973,700,2.999,9200,3.0,4400,3.005,1000,3.01,11000,3.015,100,3.019,10000,3.02,9700,3.021,2000,3.028,1000,3.03,3000
2020-08-18 09:38:27.230,2.998,12000.0,3.019,2.997939,3.002,3.009,2.998,6200,2.992,11000,2.991,47400,2.99,10400,2.987,300,2.986,5000,2.984,2400,2.982,4000,2.98,9600,2.973,700,2.999,9200,3.0,5300,3.005,1000,3.01,11000,3.015,100,3.019,10000,3.02,9700,3.021,2000,3.028,1000,3.03,3000
2020-08-18 09:38:32.650,2.999,1700.0,3.019,2.997947,3.002,3.009,2.998,6200,2.992,11000,2.991,47400,2.99,10400,2.987,300,2.986,5000,2.984,2400,2.982,4000,2.98,9600,2.973,700,2.999,7500,3.0,5300,3.005,1000,3.01,11000,3.015,100,3.019,10000,3.02,9700,3.021,2000,3.028,1000,3.03,3000
2020-08-18 09:38:39.180,2.998,6000.0,3.019,2.997949,3.002,3.009,2.998,200,2.992,11000,2.991,47400,2.99,10400,2.987,300,2.986,5000,2.984,2400,2.982,4000,2.98,9600,2.973,700,2.999,7500,3.0,5300,3.005,1000,3.01,11000,3.015,100,3.019,10000,3.02,9700,3.021,2000,3.028,1000,3.03,3000
2020-08-18 09:39:11.070,2.999,200.0,3.019,2.99795,3.003,3.009,2.998,3200,2.993,2800,2.992,11000,2.991,47400,2.99,10400,2.987,300,2.986,5000,2.984,2400,2.982,4000,2.98,6100,2.999,7300,3.0,5300,3.005,1000,3.01,11000,3.015,100,3.019,10000,3.02,9700,3.021,2000,3.028,1000,3.03,3000
2020-08-18 09:39:13.880,2.998,3200.0,3.019,2.997951,3.003,3.009,2.993,2800,2.992,11000,2.991,47400,2.99,10400,2.987,300,2.986,5000,2.984,2400,2.982,4000,2.98,6100,2.978,23500,2.998,3900,2.999,7300,3.0,5300,3.005,1000,3.01,11000,3.015,100,3.019,10000,3.02,9700,3.021,2000,3.028,1000
2020-08-18 09:39:42.450,2.998,3900.0,3.019,2.997951,3.002,3.009,2.998,6100,2.993,2800,2.992,11000,2.991,47400,2.99,10400,2.987,300,2.986,5000,2.984,2400,2.982,4000,2.98,6100,2.999,7300,3.0,5300,3.005,1000,3.01,11000,3.015,100,3.019,10000,3.02,9700,3.021,2000,3.028,1000,3.03,3000
2020-08-18 09:40:01.380,2.998,300.0,3.019,2.997952,3.003,3.009,2.998,15800,2.993,2800,2.992,11000,2.991,47400,2.99,10400,2.987,300,2.986,5000,2.984,2400,2.982,4000,2.98,6100,2.999,7300,3.0,5300,3.005,1000,3.01,11000,3.015,100,3.019,10000,3.02,9700,3.021,2000,3.028,1000,3.03,3000
2020-08-18 09:40:07.980,2.999,7300.0,3.019,2.997985,3.004,3.009,2.999,9200,2.998,15800,2.993,2800,2.992,11000,2.991,47400,2.99,10400,2.987,300,2.986,5000,2.984,2400,2.982,4000,3.0,5300,3.005,1000,3.01,11000,3.015,100,3.019,10000,3.02,9700,3.021,2000,3.028,1000,3.03,3000,3.045,700
2020-08-18 09:40:11.430,2.999,8500.0,3.019,2.998022,3.004,3.009,2.999,700,2.998,15800,2.993,2800,2.992,11000,2.991,47400,2.99,10400,2.987,300,2.986,5000,2.984,2400,2.982,4000,3.0,5300,3.005,1000,3.01,11000,3.015,100,3.019,10000,3.02,9700,3.021,2000,3.028,1000,3.03,3000,3.045,700
2020-08-18 09:40:11.800,2.998,4300.0,3.019,2.998024,3.004,3.009,2.998,12200,2.993,2800,2.992,11000,2.991,47400,2.99,10400,2.987,300,2.986,5000,2.984,2400,2.982,4000,2.98,6100,3.0,5300,3.005,1000,3.01,11000,3.015,100,3.019,10000,3.02,9700,3.021,2000,3.028,1000,3.03,3000,3.045,700
2020-08-18 09:40:24.470,3.0,500.0,3.019,2.9980279999999997,3.005,3.009,2.998,12200,2.993,2800,2.992,11000,2.991,47400,2.99,10400,2.987,300,2.986,5000,2.984,2400,2.982,4000,2.98,6100,3.0,4800,3.005,1000,3.01,11000,3.015,100,3.019,10000,3.02,9700,3.021,2000,3.028,1000,3.03,3000,3.045,700
2020-08-18 09:40:32.590,3.0,4800.0,3.019,2.998067,3.007,3.009,3.0,5200,2.998,12200,2.993,2800,2.992,1000,2.991,47400,2.99,500,2.987,300,2.986,5000,2.984,2400,2.982,4000,3.005,1000,3.01,11000,3.015,100,3.019,10000,3.02,9700,3.021,2000,3.028,1000,3.03,3000,3.045,700,3.049,48800
2020-08-18 09:40:56.690,3.0,800.0,3.019,2.9980729999999998,3.008,3.009,3.0,14400,2.998,12200,2.993,2800,2.992,1000,2.991,47400,2.99,500,2.987,300,2.986,5000,2.982,4000,2.98,6100,3.005,1000,3.01,11000,3.015,100,3.018,4500,3.02,9700,3.021,2000,3.028,1000,3.03,3000,3.045,700,3.049,48800
2020-08-18 09:41:18.760,3.001,800.0,3.019,2.998082,3.009,3.009,3.001,3000,3.0,10000,2.998,12200,2.993,2800,2.992,1000,2.991,47400,2.99,500,2.987,300,2.986,5000,2.982,4000,3.005,1000,3.01,11000,3.015,100,3.018,4500,3.02,8900,3.021,2000,3.028,1000,3.03,3000,3.045,700,3.049,48800
2020-08-18 09:42:35.570,3.003,1800.0,3.019,2.998118,3.006,3.009,3.003,10400,3.001,3000,3.0,10000,2.999,100,2.998,2200,2.993,2800,2.992,1000,2.991,47400,2.99,500,2.987,300,3.005,1000,3.01,11000,3.015,100,3.018,4500,3.02,8900,3.021,2000,3.028,1000,3.03,3000,3.045,700,3.049,48800
2020-08-18 09:42:51.500,3.003,500.0,3.019,2.998128,3.006,3.009,3.003,11900,3.001,3000,3.0,10000,2.999,100,2.998,2200,2.993,2800,2.992,1000,2.99,500,2.987,300,2.986,5000,3.005,1000,3.01,11000,3.015,100,3.018,4500,3.02,8900,3.021,2000,3.028,1000,3.03,3000,3.045,700,3.049,48800
2020-08-18 09:43:25.570,3.005,1000.0,3.019,2.998155,3.006,3.009,3.005,46600,3.004,10000,3.003,9900,3.001,3000,3.0,10000,2.999,100,2.998,2200,2.993,12800,2.992,1000,2.99,500,3.01,11000,3.015,100,3.018,4500,3.02,8900,3.021,2000,3.028,1000,3.03,3000,3.045,700,3.049,48800,3.05,11200
2020-08-18 09:43:34.260,3.01,6700.0,3.019,2.998463,3.007,3.009,3.005,46600,3.004,10000,3.003,9900,3.001,3000,3.0,10000,2.999,100,2.998,2200,2.993,12800,2.992,1000,2.99,500,3.01,4300,3.015,100,3.018,4500,3.02,8900,3.021,2000,3.028,1000,3.03,3000,3.045,700,3.049,48800,3.05,11200
2020-08-18 09:44:10.880,3.015,100.0,3.019,2.998469,3.006,3.009,3.015,400,3.005,51600,3.003,9900,3.001,7000,3.0,10000,2.999,100,2.998,2200,2.993,12800,2.992,1000,2.99,500,3.017,11000,3.018,4500,3.02,8900,3.028,1000,3.03,3000,3.045,700,3.049,48800,3.05,11200,3.056,4500,3.059,200
2020-08-18 09:44:11.450,3.015,400.0,3.019,2.998495,3.006,3.009,3.015,100,3.005,51600,3.003,9900,3.001,7000,3.0,10000,2.999,100,2.998,2200,2.993,12800,2.992,1000,2.99,500,3.017,11000,3.018,4500,3.02,8900,3.028,1000,3.03,3000,3.045,700,3.049,48800,3.05,11200,3.056,4500,3.059,200
2020-08-18 09:44:15.610,3.005,6300.0,3.019,2.998654,3.006,3.009,3.005,45400,3.003,9900,3.001,7000,3.0,10000,2.999,100,2.998,2200,2.993,12800,2.992,1000,2.99,500,2.987,300,3.017,11000,3.018,4500,3.02,8900,3.028,1000,3.03,3000,3.045,700,3.049,48800,3.05,11200,3.056,4500,3.059,200
2020-08-18 09:45:13.120,3.007,2200.0,3.019,2.998723,3.002,3.009,3.007,7800,3.006,5000,3.005,40400,3.003,9900,3.001,7000,3.0,3400,2.999,100,2.998,2200,2.993,12800,2.992,1000,3.016,2800,3.017,11000,3.018,4500,3.02,8900,3.028,1000,3.03,3000,3.045,700,3.049,48800,3.05,11200,3.056,4500
2020-08-18 09:45:16.360,3.007,6300.0,3.019,2.998914,3.002,3.009,3.007,1500,3.006,5000,3.005,40400,3.003,9900,3.001,7000,3.0,3400,2.999,100,2.998,2200,2.993,12800,2.992,1000,3.016,2800,3.017,11000,3.018,4500,3.02,8900,3.028,1000,3.03,3000,3.045,700,3.049,48800,3.05,11200,3.056,4500
2020-08-18 09:45:17.010,3.007,700.0,3.019,2.998934,3.001,3.009,3.007,800,3.006,5000,3.005,40400,3.003,9900,3.001,7000,3.0,3400,2.999,100,2.998,2200,2.993,12800,2.992,1000,3.016,2800,3.017,11000,3.018,4500,3.02,8900,3.028,1000,3.03,3000,3.045,700,3.049,48800,3.05,11200,3.056,4500
2020-08-18 09:45:38.680,3.007,800.0,3.019,2.998958,2.999,3.009,3.006,5000,3.005,40400,3.003,9900,3.001,7000,3.0,3400,2.999,100,2.998,2200,2.993,12800,2.992,1000,2.99,500,3.007,23900,3.016,3300,3.017,11000,3.018,4500,3.02,8900,3.028,1000,3.03,3000,3.045,700,3.049,48800,3.05,11200
2020-08-18 09:45:41.350,3.006,600.0,3.019,2.998973,2.999,3.009,3.006,4400,3.005,40400,3.003,9900,3.001,7000,3.0,3400,2.999,100,2.998,2200,2.993,12800,2.992,1000,2.99,500,3.007,23900,3.016,3300,3.017,11000,3.018,4500,3.02,8900,3.028,1000,3.03,3000,3.045,700,3.049,48800,3.05,11200
2020-08-18 09:45:43.220,3.006,10600.0,3.019,2.999269,2.999,3.009,3.006,3800,3.005,40400,3.003,9900,3.001,7000,3.0,3400,2.999,100,2.998,2200,2.993,12800,2.992,1000,2.99,500,3.007,13900,3.016,3300,3.017,11000,3.018,4500,3.02,8900,3.028,1000,3.03,3000,3.045,700,3.049,48800,3.05,11200
2020-08-18 09:45:45.880,3.007,1800.0,3.019,2.999316,3.001,3.009,3.006,3400,3.005,40400,3.003,9900,3.001,7000,3.0,3400,2.999,100,2.998,2200,2.993,12800,2.992,1000,2.99,500,3.007,12500,3.016,3300,3.017,11000,3.018,4500,3.02,8900,3.028,1000,3.03,3000,3.038,6200,3.045,700,3.049,48800
2020-08-18 09:45:56.500,3.006,3400.0,3.019,2.9993939999999997,3.002,3.009,3.005,40400,3.003,9900,3.001,7000,3.0,3400,2.999,100,2.998,2200,2.993,12800,2.992,1000,2.99,500,2.987,300,3.006,6600,3.007,12500,3.016,3300,3.017,11000,3.018,4500,3.02,8900,3.028,1000,3.03,3000,3.038,6200,3.045,700
2020-08-18 09:46:50.960,3.005,900.0,3.019,2.9994110000000003,2.999,3.009,3.005,39500,3.003,9900,3.001,7000,3.0,3400,2.999,100,2.998,2200,2.993,12800,2.992,1000,2.99,500,2.987,300,3.006,6600,3.007,12500,3.016,3300,3.017,11000,3.018,4500,3.02,8900,3.028,1000,3.03,3000,3.038,6200,3.045,700
2020-08-18 09:46:54.200,3.006,1000.0,3.019,2.999434,2.999,3.009,3.005,39500,3.003,9900,3.001,7000,3.0,3400,2.999,100,2.998,2200,2.993,12800,2.992,1000,2.99,500,2.987,300,3.006,5600,3.007,12500,3.016,3300,3.017,11000,3.018,4500,3.02,8900,3.028,1000,3.03,3000,3.038,6200,3.045,700
2020-08-18 09:46:55.180,3.005,39500.0,3.019,3.000095,2.999,3.009,3.003,9900,3.001,7000,3.0,3400,2.999,100,2.998,2200,2.993,12800,2.992,1000,2.99,500,2.987,300,2.986,5000,3.005,900,3.006,5600,3.007,12500,3.016,3300,3.017,11000,3.018,4500,3.02,8900,3.028,1000,3.03,3000,3.038,6200
2020-08-18 09:47:49.440,3.003,500.0,3.019,3.0001,3.0,3.009,3.003,9400,3.001,7000,3.0,3400,2.999,100,2.998,2200,2.993,12800,2.992,1000,2.99,500,2.987,300,2.986,5000,3.005,900,3.006,5600,3.007,12500,3.016,3300,3.017,11000,3.018,4500,3.02,8900,3.028,1000,3.03,3000,3.038,6200
2020-08-18 09:49:44.750,3.005,900.0,3.019,3.0001130000000003,3.004,3.009,3.005,100,3.004,8500,3.003,29400,3.001,7000,3.0,3400,2.999,100,2.998,2200,2.993,12800,2.992,1000,2.99,500,3.006,5600,3.007,12500,3.016,3300,3.017,11000,3.018,4500,3.02,8900,3.028,1000,3.03,3000,3.038,6200,3.045,700
2020-08-18 09:50:17.450,3.006,900.0,3.019,3.0001290000000003,3.003,3.009,3.005,30100,3.003,31900,3.001,7000,3.0,3400,2.999,100,2.998,2200,2.993,12800,2.992,1000,2.99,500,2.986,5000,3.006,4700,3.007,12500,3.016,3300,3.017,11000,3.018,4500,3.02,8900,3.028,1000,3.03,3000,3.038,6200,3.045,700
2020-08-18 09:50:23.740,3.005,30100.0,3.019,3.000531,3.002,3.009,3.005,1500,3.003,31900,3.001,7000,3.0,3400,2.999,100,2.998,2200,2.993,12800,2.992,1000,2.99,500,2.986,5000,3.006,4700,3.007,12500,3.016,3300,3.017,11000,3.018,4500,3.02,8900,3.028,1000,3.03,3000,3.038,6200,3.045,700
2020-08-18 09:50:27.530,3.005,1000.0,3.019,3.000543,3.001,3.009,3.005,500,3.003,31900,3.001,7000,3.0,3400,2.999,100,2.998,2200,2.993,12800,2.992,1000,2.99,500,2.986,5000,3.006,4700,3.007,12500,3.016,3300,3.017,11000,3.018,4500,3.02,8900,3.028,1000,3.03,3000,3.038,6200,3.045,700
2020-08-18 09:50:29.110,3.006,4700.0,3.019,3.000612,3.001,3.009,3.006,300,3.005,500,3.003,31900,3.001,7000,3.0,3400,2.999,100,2.998,2200,2.993,12800,2.992,1000,2.99,500,3.007,12500,3.016,3300,3.017,11000,3.018,4500,3.02,8900,3.028,1000,3.03,3000,3.038,6200,3.045,700,3.049,48800
2020-08-18 09:50:30.580,3.005,500.0,3.019,3.000619,3.001,3.009,3.005,300,3.003,31900,3.001,7000,3.0,3400,2.999,100,2.998,2200,2.993,12800,2.992,1000,2.99,500,2.986,5000,3.007,12500,3.016,3300,3.017,11000,3.018,4500,3.02,8900,3.028,1000,3.03,3000,3.038,6200,3.045,700,3.049,48800
2020-08-18 09:50:48.460,3.005,300.0,3.019,3.000623,3.0,3.009,3.003,31900,3.001,7000,3.0,3400,2.999,100,2.998,2200,2.993,12800,2.992,1000,2.99,500,2.986,5000,2.982,4000,3.007,12500,3.016,3300,3.017,11000,3.018,4500,3.02,8900,3.028,1000,3.03,3000,3.038,6200,3.045,700,3.049,48800
2020-08-18 09:50:53.360,3.005,300.0,3.019,3.000626,3.0,3.009,3.005,9700,3.003,31900,3.001,7000,3.0,3400,2.999,100,2.998,2200,2.993,12800,2.992,1000,2.99,500,2.986,5000,3.007,12500,3.016,3300,3.017,11000,3.018,4500,3.02,8900,3.028,1000,3.03,3000,3.038,6200,3.045,700,3.049,48800
2020-08-18 09:50:56.840,3.005,400.0,3.019,3.0006310000000003,3.0,3.009,3.005,9300,3.003,31900,3.001,7000,3.0,3400,2.999,100,2.998,2200,2.993,12800,2.992,1000,2.99,500,2.986,5000,3.007,12500,3.016,3300,3.017,11000,3.018,4500,3.02,8900,3.028,1000,3.03,3000,3.038,6200,3.045,700,3.049,48800
2020-08-18 09:51:51.450,3.005,1200.0,3.019,3.000645,3.002,3.009,3.005,11600,3.003,31900,3.001,7000,3.0,4400,2.999,100,2.998,2200,2.993,12800,2.992,1000,2.986,5000,2.982,4000,3.007,12500,3.016,3300,3.017,11000,3.018,4500,3.02,13900,3.028,1000,3.03,3000,3.038,6200,3.045,700,3.049,48800
2020-08-18 09:52:17.130,3.005,200.0,3.019,3.0006470000000003,3.001,3.009,3.005,11400,3.003,31900,3.001,7000,3.0,4400,2.999,100,2.998,2200,2.993,12800,2.992,1000,2.986,5000,2.982,4000,3.007,12500,3.016,3300,3.017,11000,3.018,4500,3.02,13900,3.028,1000,3.03,3000,3.038,6200,3.045,700,3.049,48800
2020-08-18 09:52:25.860,3.005,1800.0,3.019,3.000668,3.001,3.009,3.005,9600,3.003,31900,3.001,7000,3.0,4400,2.999,100,2.998,2200,2.993,12800,2.992,1000,2.986,5000,2.982,4000,3.007,12500,3.016,3300,3.017,11000,3.018,4500,3.02,13900,3.028,1000,3.03,3000,3.038,6200,3.045,700,3.049,48800
2020-08-18 09:52:26.320,3.005,9600.0,3.019,3.0007759999999997,3.001,3.009,3.003,31900,3.001,7000,3.0,4400,2.999,100,2.998,2200,2.993,12800,2.992,1000,2.986,5000,2.982,4000,2.98,6100,3.005,2000,3.007,12500,3.016,3300,3.017,11000,3.018,4500,3.02,13900,3.028,1000,3.03,3000,3.038,6200,3.045,700
2020-08-18 09:54:09.270,3.004,800.0,3.019,3.000783,3.003,3.009,3.004,4200,3.003,29400,3.001,7000,3.0,4400,2.999,100,2.998,2200,2.993,10000,2.992,1000,2.986,5000,2.982,4000,3.005,4100,3.016,3300,3.017,11000,3.018,4500,3.02,13900,3.028,1000,3.03,3000,3.038,6200,3.045,700,3.049,48800
2020-08-18 09:54:12.580,3.003,5000.0,3.019,3.0008220000000003,3.003,3.009,3.003,28600,3.001,7000,3.0,4400,2.999,100,2.998,2200,2.993,10000,2.992,1000,2.986,5000,2.982,4000,2.98,6100,3.005,4100,3.016,3300,3.017,11000,3.018,4500,3.02,13900,3.028,1000,3.03,3000,3.038,6200,3.045,700,3.049,48800
2020-08-18 09:54:35.930,3.003,28600.0,3.019,3.000971,3.003,3.009,3.001,7000,3.0,4400,2.999,100,2.998,2200,2.993,10000,2.992,1000,2.986,5000,2.982,4000,2.98,6100,2.978,23500,3.003,8600,3.005,4100,3.016,3300,3.017,11000,3.018,4500,3.02,13900,3.028,1000,3.03,3000,3.038,6200,3.045,700
2020-08-18 09:54:37.920,3.003,1000.0,3.019,3.000975,3.003,3.009,3.001,7000,3.0,4400,2.999,100,2.998,2200,2.993,10000,2.992,1000,2.986,5000,2.982,4000,2.98,6100,2.978,23500,3.003,7600,3.005,4100,3.016,3300,3.017,11000,3.018,4500,3.02,13900,3.028,1000,3.03,3000,3.038,6200,3.045,700
2020-08-18 09:55:12.540,3.003,3600.0,3.019,3.0009930000000002,3.003,3.009,3.001,7000,3.0,6400,2.999,100,2.998,2200,2.993,10000,2.992,1000,2.986,5000,2.982,4000,2.98,6100,2.978,23500,3.003,4300,3.005,4100,3.016,3300,3.017,11000,3.018,4500,3.02,13900,3.028,1000,3.03,3000,3.038,6200,3.045,700
2020-08-18 09:55:13.290,3.003,4300.0,3.019,3.001013,3.003,3.009,3.003,700,3.001,7000,3.0,6400,2.999,100,2.998,2200,2.993,10000,2.992,1000,2.986,5000,2.982,4000,2.98,6100,3.005,4100,3.016,3300,3.017,11000,3.018,4500,3.02,13900,3.028,1000,3.03,3000,3.038,6200,3.045,700,3.049,48800
2020-08-18 09:56:04.760,3.003,200.0,3.019,3.001014,3.0,3.009,3.003,500,3.001,7000,3.0,6400,2.999,100,2.998,2200,2.993,10000,2.992,1000,2.986,5000,2.982,4000,2.98,5600,3.005,4100,3.015,1000,3.016,3300,3.017,11000,3.018,4500,3.02,13900,3.028,1000,3.03,3000,3.038,6200,3.045,700
2020-08-18 09:56:16.940,3.003,500.0,3.019,3.001016,3.0,3.009,3.001,7000,3.0,6400,2.999,100,2.998,2200,2.993,10000,2.992,1000,2.986,5000,2.982,4000,2.98,5600,2.978,23500,3.005,4100,3.015,1000,3.016,3300,3.017,11000,3.018,4500,3.02,13900,3.028,1000,3.03,3000,3.038,6200,3.045,700
2020-08-18 09:58:24.500,3.002,5000.0,3.019,3.001027,3.0,3.009,3.001,7000,3.0,6400,2.999,100,2.998,2200,2.993,10000,2.992,1000,2.986,5000,2.982,4000,2.98,5600,2.978,23500,3.002,45000,3.003,19000,3.004,10700,3.005,4100,3.015,1000,3.016,3300,3.017,11000,3.018,4500,3.02,13900,3.028,1000
2020-08-18 09:58:27.250,3.003,300.0,3.019,3.001029,2.999,3.009,3.001,7000,3.0,6400,2.999,100,2.998,2200,2.993,10000,2.992,1000,2.986,5000,2.982,4000,2.98,5600,2.978,23500,3.003,18700,3.004,10700,3.005,4100,3.015,1000,3.016,3300,3.017,11000,3.018,4500,3.02,13900,3.028,1000,3.03,3000
2020-08-18 09:58:56.600,3.001,300.0,3.019,3.001029,2.998,3.009,3.001,6200,3.0,4400,2.999,100,2.998,2200,2.993,10000,2.992,1000,2.986,5000,2.982,4000,2.98,5600,2.978,23500,3.003,18700,3.004,10700,3.005,4100,3.015,1000,3.016,3300,3.017,11000,3.018,4500,3.02,13900,3.028,1000,3.03,3000
2020-08-18 09:59:20.420,3.001,6200.0,3.019,3.001028,2.997,3.009,3.0,4400,2.999,100,2.998,2200,2.993,10000,2.992,1000,2.986,5000,2.982,4000,2.98,7600,2.978,23500,2.975,10500,3.002,30000,3.003,18700,3.004,10700,3.005,4100,3.015,1000,3.016,3300,3.017,11000,3.018,4500,3.02,13900,3.028,1000
2020-08-18 09:59:42.270,3.0,4400.0,3.019,3.001018,2.996,3.009,2.999,100,2.998,2200,2.993,10000,2.992,1000,2.986,5000,2.982,4000,2.98,7600,2.978,23500,2.975,10500,2.973,5600,3.0,5600,3.002,30000,3.003,18700,3.004,10700,3.005,4100,3.015,1000,3.016,3300,3.017,11000,3.018,4500,3.02,13900
2020-08-18 10:00:14.490,3.0,2000.0,3.019,3.001014,2.994,3.009,2.999,100,2.998,2200,2.993,10000,2.992,1000,2.986,5000,2.982,4000,2.98,7600,2.978,23500,2.975,10500,2.973,5600,3.0,8000,3.001,10000,3.003,18700,3.004,10700,3.005,4100,3.015,1000,3.016,3300,3.017,11000,3.018,4500,3.02,13900
2020-08-18 10:00:48.110,2.999,100.0,3.019,3.001013,2.994,3.009,2.998,2200,2.993,10000,2.992,1000,2.986,5000,2.982,4000,2.98,7600,2.978,23500,2.975,10500,2.973,5600,2.972,3000,2.999,99900,3.0,8500,3.003,18700,3.004,10700,3.005,4100,3.015,1000,3.016,3300,3.017,11000,3.018,4500,3.02,13900
2020-08-18 10:01:00.220,2.998,2200.0,3.019,3.000998,2.994,3.009,2.993,10000,2.992,1000,2.986,5000,2.982,4000,2.98,7600,2.978,23500,2.975,10500,2.973,5600,2.972,3000,2.97,17000,2.998,3500,2.999,99900,3.0,8500,3.003,18700,3.004,10700,3.005,4100,3.015,1000,3.016,3300,3.017,11000,3.018,4500
2020-08-18 10:02:10.650,2.993,11500.0,3.019,3.000799,3.0,3.009,2.992,1000,2.986,5000,2.982,4000,2.98,7600,2.978,23500,2.975,10500,2.973,5600,2.972,3000,2.97,17000,2.969,100,2.993,38500,2.998,3500,2.999,10000,3.0,1700,3.003,18700,3.004,10700,3.005,4100,3.015,1000,3.016,3300,3.017,11000
2020-08-18 10:02:17.320,2.993,300.0,3.019,3.000794,2.999,3.009,2.992,1000,2.986,5000,2.982,4000,2.98,7600,2.978,23500,2.975,10500,2.973,5600,2.972,3000,2.97,17000,2.969,100,2.993,38200,2.998,3500,2.999,10000,3.0,1700,3.003,18700,3.004,10700,3.005,4100,3.015,1000,3.016,3300,3.017,11000
2020-08-18 10:02:20.340,2.993,38200.0,3.019,3.000197,2.999,3.009,2.993,261800,2.992,1000,2.987,30000,2.986,5000,2.982,4000,2.98,7600,2.978,23500,2.975,10500,2.973,5600,2.972,3000,2.998,3500,2.999,10000,3.0,1700,3.003,18700,3.004,10700,3.005,4100,3.015,1000,3.016,3300,3.017,11000,3.018,4500
2020-08-18 10:02:24.720,2.993,99900.0,3.019,2.998997,2.999,3.009,2.993,161900,2.992,1000,2.987,30000,2.986,5000,2.982,4000,2.98,7600,2.978,23500,2.975,10500,2.973,5600,2.972,3000,2.998,3500,2.999,10000,3.0,1700,3.003,18700,3.004,10700,3.005,4100,3.015,1000,3.016,3300,3.017,11000,3.018,4500
2020-08-18 10:04:39.110,2.994,3600.0,3.019,2.998967,2.998,3.009,2.994,4700,2.992,1000,2.986,5000,2.982,4000,2.98,10100,2.978,23500,2.975,10500,2.973,5600,2.972,3000,2.97,17000,2.998,3500,2.999,10000,3.0,1700,3.003,18700,3.004,10700,3.005,4100,3.015,1000,3.016,3300,3.017,11000,3.018,4500
2020-08-18 10:05:53.990,2.998,300.0,3.019,2.998967,2.995,3.009,2.994,4700,2.992,11000,2.986,5000,2.982,4000,2.98,10100,2.978,23500,2.975,10500,2.973,5600,2.972,3000,2.97,17000,2.998,3200,2.999,10000,3.0,1700,3.003,18700,3.004,10700,3.005,4100,3.015,1000,3.016,3300,3.017,11000,3.018,4500
2020-08-18 10:06:00.170,2.992,15000.0,3.019,2.998813,2.995,3.009,2.992,700,2.986,5000,2.982,4000,2.98,10100,2.978,23500,2.975,10500,2.973,5600,2.972,3000,2.97,17000,2.969,100,2.998,3200,2.999,10000,3.0,1700,3.003,18700,3.004,10700,3.005,4100,3.015,1000,3.016,3300,3.017,11000,3.018,4500
2020-08-18 10:06:11.010,2.992,1000.0,3.019,2.998802,2.997,3.009,2.992,9700,2.986,5000,2.982,4000,2.98,10100,2.978,23500,2.975,10500,2.973,5600,2.972,3000,2.97,17000,2.969,100,2.998,3200,2.999,10000,3.0,1700,3.003,18700,3.004,10700,3.005,4100,3.015,1000,3.016,3300,3.017,11000,3.018,4500
2020-08-18 10:06:57.400,2.992,100.0,3.019,2.998801,3.001,3.009,2.992,9600,2.986,5000,2.982,4000,2.98,10100,2.978,23500,2.975,10500,2.973,5600,2.972,3000,2.97,17000,2.969,100,2.998,3200,3.0,1700,3.003,18700,3.004,10700,3.005,4100,3.015,1000,3.016,3300,3.017,11000,3.018,4500,3.02,13900
2020-08-18 10:07:56.320,2.992,100.0,3.019,2.9988,3.002,3.009,2.992,9500,2.986,5000,2.982,7500,2.98,10100,2.978,23500,2.975,10500,2.973,5600,2.972,3000,2.97,17000,2.969,100,2.998,3200,3.0,1700,3.003,18700,3.004,10700,3.005,4100,3.015,1000,3.016,3300,3.017,11000,3.018,4500,3.02,13900
2020-08-18 10:11:06.810,2.997,1000.0,3.019,2.998797,3.004,3.009,2.997,160900,2.994,10000,2.993,3300,2.986,5100,2.982,7500,2.98,10100,2.978,23500,2.975,10500,2.974,4600,2.973,700,2.998,3200,3.0,1700,3.003,18700,3.004,10700,3.005,4100,3.015,1000,3.016,3300,3.017,11000,3.018,4500,3.02,13900
2020-08-18 10:11:12.030,2.997,10000.0,3.019,2.998768,3.004,3.009,2.997,150900,2.994,10000,2.993,3300,2.986,5100,2.982,7500,2.98,10100,2.978,23500,2.975,10500,2.974,4600,2.973,700,2.998,3200,3.0,1700,3.003,18700,3.004,10700,3.005,4100,3.015,1000,3.016,3300,3.017,11000,3.018,4500,3.02,13900
2020-08-18 10:11:32.100,2.998,3200.0,3.019,2.998764,3.004,3.009,2.998,3800,2.997,150900,2.994,10000,2.993,3300,2.99,5000,2.986,5100,2.982,7500,2.98,10100,2.978,23500,2.975,500,3.0,1700,3.003,8700,3.004,10700,3.005,4100,3.015,1000,3.016,3300,3.017,11000,3.018,4500,3.02,13900,3.028,1000
2020-08-18 10:11:41.820,2.998,3800.0,3.019,2.99876,3.005,3.009,2.997,150900,2.994,10000,2.993,3300,2.99,5000,2.986,5100,2.982,7500,2.98,10100,2.978,23500,2.975,500,2.974,4600,2.998,6200,3.0,1700,3.003,8700,3.004,10700,3.005,4100,3.015,1000,3.016,3300,3.017,11000,3.018,4500,3.02,13900
2020-08-18 10:12:10.410,2.998,3100.0,3.019,2.998756,3.005,3.009,2.997,150900,2.994,10000,2.993,3300,2.99,5000,2.986,5100,2.982,7500,2.98,10100,2.978,23500,2.975,500,2.974,4600,2.998,3100,3.0,1700,3.003,8700,3.004,10700,3.005,4100,3.015,1000,3.016,3300,3.017,11000,3.018,4500,3.02,13900
2020-08-18 10:12:22.990,2.998,3100.0,3.019,2.998753,3.006,3.009,2.998,147800,2.994,10000,2.993,3300,2.99,5000,2.986,5100,2.982,7500,2.98,10100,2.978,23500,2.975,500,2.974,4600,3.0,1700,3.003,8700,3.004,10700,3.005,4100,3.015,1000,3.016,3300,3.017,11000,3.018,4500,3.02,13900,3.028,1000
2020-08-18 10:16:01.850,2.998,500.0,3.019,2.998752,3.006,3.009,2.998,147300,2.994,10000,2.993,3300,2.992,2000,2.99,5000,2.986,5100,2.982,7500,2.98,11100,2.978,23500,2.975,500,3.0,1900,3.003,8700,3.004,10700,3.005,4100,3.015,1000,3.016,3300,3.017,11000,3.018,4500,3.02,13900,3.028,1000
2020-08-18 10:16:49.210,3.0,1900.0,3.019,2.998756,3.006,3.009,3.0,1200,2.999,25000,2.998,147300,2.993,3300,2.992,2000,2.99,5000,2.986,5100,2.982,7500,2.98,11100,2.978,23500,3.003,8700,3.004,10700,3.005,4100,3.015,1000,3.016,3300,3.017,11000,3.018,4500,3.02,13900,3.028,1000,3.03,3000
2020-08-18 10:17:27.720,3.0,1700.0,3.019,2.99876,3.004,3.009,2.999,25000,2.998,147300,2.993,3300,2.992,2000,2.99,5000,2.986,5100,2.982,7500,2.98,11100,2.978,23500,2.975,500,3.0,300,3.003,8700,3.004,10700,3.005,4100,3.015,1000,3.016,3300,3.017,11000,3.018,4500,3.02,13900,3.028,1000
2020-08-18 10:17:44.670,2.999,100.0,3.019,2.99876,3.004,3.009,2.999,27200,2.998,147300,2.993,3300,2.992,2000,2.99,5000,2.986,5100,2.982,7500,2.98,11100,2.978,23500,2.975,500,3.0,300,3.003,8700,3.004,10700,3.005,4100,3.006,500,3.015,1000,3.016,3300,3.017,11000,3.018,4500,3.02,13900
2020-08-18 10:18:02.770,2.999,27200.0,3.019,2.998769,3.004,3.009,2.998,147300,2.993,3300,2.992,2000,2.99,5000,2.986,5100,2.982,7500,2.98,11100,2.978,23500,2.975,500,2.974,4600,2.999,182400,3.0,300,3.003,8700,3.004,10700,3.005,4100,3.006,500,3.015,1000,3.016,3300,3.017,11000,3.018,4500
2020-08-18 10:18:15.880,2.999,68700.0,3.019,2.998791,3.003,3.009,2.998,147300,2.993,3300,2.992,2000,2.99,5000,2.986,5100,2.982,7500,2.98,11100,2.978,23500,2.975,500,2.974,4600,2.999,113700,3.0,300,3.003,8700,3.004,10700,3.005,4100,3.006,500,3.015,1000,3.016,3300,3.017,11000,3.018,4500
2020-08-18 10:18:47.960,2.999,91000.0,3.019,2.998814,3.004,3.009,2.998,147300,2.993,3300,2.99,5000,2.986,7100,2.982,7500,2.98,11100,2.978,23500,2.975,500,2.974,4600,2.973,700,2.999,22700,3.0,300,3.003,8700,3.004,10700,3.005,4100,3.006,500,3.015,1000,3.016,3300,3.017,11000,3.018,4500
2020-08-18 10:18:50.420,2.999,400.0,3.019,2.998814,3.003,3.009,2.998,147300,2.993,3300,2.99,5000,2.986,7100,2.982,7500,2.98,11100,2.978,23500,2.975,500,2.974,4600,2.973,700,2.999,22300,3.0,300,3.003,8700,3.004,10700,3.005,4100,3.006,500,3.015,1000,3.016,3300,3.017,11000,3.018,4500
2020-08-18 10:19:01.880,2.999,22300.0,3.019,2.998818,3.004,3.009,2.999,68800,2.998,147300,2.993,3300,2.99,5000,2.986,7100,2.982,7500,2.98,11100,2.978,23500,2.975,500,2.974,4600,3.0,300,3.003,8700,3.004,10700,3.005,4100,3.006,500,3.015,1000,3.016,3300,3.017,11000,3.018,4500,3.02,13900
2020-08-18 10:19:35.450,2.998,20000.0,3.019,2.9988,3.006,3.009,2.998,127300,2.997,100,2.993,3300,2.99,5000,2.986,7100,2.982,7500,2.98,11100,2.978,23500,2.975,500,2.974,4600,3.0,300,3.003,8700,3.004,10700,3.005,4100,3.006,500,3.015,1000,3.016,3300,3.017,11000,3.018,4500,3.02,13900
2020-08-18 10:20:35.900,2.998,10000.0,3.019,2.998791,3.006,3.009,2.998,117700,2.997,100,2.993,3300,2.99,5000,2.986,7100,2.982,7500,2.98,11100,2.978,23500,2.975,500,2.974,4600,3.0,300,3.003,8700,3.004,10700,3.005,4100,3.006,500,3.015,1000,3.016,3300,3.017,11000,3.018,4500,3.02,13900
2020-08-18 10:21:02.670,3.0,300.0,3.019,2.998792,3.006,3.009,3.0,2400,2.999,400,2.998,117700,2.997,100,2.993,3300,2.99,5000,2.986,7100,2.982,7500,2.98,11100,2.978,23500,3.003,8700,3.004,10700,3.005,4100,3.006,500,3.015,1000,3.016,3300,3.017,11000,3.018,4500,3.02,13900,3.028,1000
2020-08-18 10:22:26.140,3.0,10000.0,3.019,2.998805,3.004,3.009,3.0,2400,2.999,10400,2.998,117700,2.997,100,2.993,3300,2.99,5000,2.986,7100,2.982,7500,2.98,11100,2.978,23500,3.003,8700,3.004,10700,3.005,4100,3.006,500,3.015,1000,3.016,500,3.017,11000,3.018,4500,3.02,13900,3.028,1000
2020-08-18 10:23:09.390,3.001,100.0,3.019,2.998805,3.004,3.009,3.0,2400,2.999,10400,2.997,100,2.993,3300,2.99,5000,2.986,7100,2.982,7500,2.98,11100,2.978,23500,2.975,500,3.001,900,3.003,8700,3.004,10700,3.005,4100,3.006,500,3.015,1000,3.016,500,3.017,11000,3.018,4500,3.02,13900
2020-08-18 10:24:36.630,3.0,1700.0,3.019,2.9988080000000004,3.002,3.009,3.0,700,2.999,10400,2.997,100,2.993,3300,2.99,5000,2.986,7100,2.982,7500,2.98,7500,2.978,23500,2.975,500,3.001,900,3.003,8700,3.004,10700,3.005,4100,3.006,500,3.015,1000,3.016,500,3.017,11000,3.018,4500,3.02,13900
2020-08-18 10:26:39.940,3.0,700.0,3.019,2.998809,3.003,3.009,2.999,400,2.997,100,2.993,3300,2.99,5000,2.986,7100,2.982,7500,2.98,7500,2.978,23500,2.974,4600,2.973,700,3.0,200,3.003,8700,3.004,10700,3.005,4100,3.006,500,3.015,1000,3.016,500,3.017,11000,3.018,4500,3.02,13900
2020-08-18 10:27:25.450,2.999,200.0,3.019,2.998809,3.007,3.009,2.999,200,2.997,100,2.993,3300,2.99,5000,2.986,7100,2.982,7500,2.98,7500,2.978,23500,2.974,4600,2.973,700,3.003,8700,3.004,10700,3.005,4100,3.006,500,3.015,1000,3.016,500,3.017,11000,3.018,4500,3.02,13900,3.028,1000
2020-08-18 10:27:54.720,2.999,300.0,3.019,2.998809,3.008,3.009,2.997,100,2.994,5000,2.993,3300,2.99,5000,2.986,7100,2.982,7500,2.98,7500,2.978,23500,2.974,4600,2.973,700,2.999,1700,3.003,8700,3.004,10700,3.005,4100,3.006,500,3.015,1000,3.016,500,3.017,11000,3.018,4500,3.02,13900
2020-08-18 10:28:22.400,2.999,1700.0,3.019,2.998809,3.009,3.009,3.0,116000,2.997,100,2.994,5000,2.993,3300,2.991,5000,2.99,5000,2.986,7100,2.982,7500,2.98,7500,2.978,23500,3.003,8700,3.004,10700,3.005,4100,3.006,500,3.015,1000,3.016,500,3.017,11000,3.018,4500,3.02,13900,3.028,1000
2020-08-18 10:29:23.100,3.003,8700.0,3.019,2.9988490000000003,3.011,3.009,3.003,107300,3.001,10000,2.999,1000,2.997,100,2.994,5000,2.993,3300,2.991,5000,2.99,5000,2.986,7100,2.982,7500,3.004,10700,3.005,4100,3.006,500,3.015,1000,3.016,500,3.017,11000,3.018,4500,3.02,13900,3.028,1000,3.03,3000
2020-08-18 10:29:27.370,3.004,10700.0,3.019,2.998909,3.011,3.009,3.004,96600,3.001,10000,2.999,1000,2.997,100,2.994,5000,2.993,3300,2.991,5000,2.99,5000,2.986,7100,2.982,7500,3.005,4100,3.006,500,3.015,1000,3.016,500,3.017,11000,3.018,4500,3.02,13900,3.028,1000,3.03,3000,3.038,6200
2020-08-18 10:30:48.750,3.005,4100.0,3.019,2.998936,3.006,3.009,3.005,900,3.0,2600,2.999,1000,2.997,100,2.994,5000,2.993,3300,2.991,5000,2.99,5000,2.986,7100,2.982,7500,3.006,500,3.015,1000,3.016,500,3.017,11000,3.018,4500,3.02,13900,3.028,1000,3.03,3000,3.038,6200,3.045,700
2020-08-18 10:32:06.520,3.005,5000.0,3.019,2.998968,3.007,3.009,3.005,1900,3.0,2600,2.999,1000,2.997,100,2.994,5000,2.993,3300,2.991,5000,2.99,5000,2.986,7100,2.982,7500,3.006,500,3.015,1000,3.016,500,3.017,11000,3.018,4500,3.02,13900,3.028,1000,3.03,3000,3.038,6200,3.045,700
2020-08-18 10:32:17.330,3.005,1900.0,3.019,2.998981,3.006,3.009,3.0,2600,2.999,1000,2.997,100,2.994,5000,2.993,3300,2.991,5000,2.99,5000,2.986,7100,2.982,7500,2.98,7500,3.005,1600,3.006,500,3.015,1000,3.016,500,3.017,11000,3.018,4500,3.02,13900,3.028,1000,3.03,3000,3.038,6200
2020-08-18 10:36:00.490,3.001,10000.0,3.019,2.999002,3.008,3.009,3.0,2600,2.999,1000,2.994,5000,2.993,3300,2.991,5000,2.99,6000,2.986,7100,2.982,7500,2.98,6500,2.978,23500,3.005,1600,3.006,500,3.015,1000,3.016,5500,3.017,11000,3.02,13900,3.028,6800,3.03,3000,3.038,6200,3.045,700
2020-08-18 10:38:14.890,3.001,10000.0,3.019,2.9990229999999998,3.008,3.009,3.0,2600,2.994,5000,2.993,3300,2.991,5000,2.99,6000,2.986,7100,2.982,7500,2.98,6500,2.978,23500,2.974,4600,3.005,1600,3.006,500,3.015,1000,3.016,5500,3.017,11000,3.02,13900,3.028,6800,3.03,3000,3.038,6200,3.045,700
2020-08-18 10:41:26.840,3.0,200.0,3.019,2.9990229999999998,3.004,3.009,3.0,3400,2.994,15000,2.993,3300,2.991,5000,2.99,6000,2.986,7100,2.982,7500,2.98,6500,2.978,23500,2.974,4600,3.005,1600,3.006,500,3.015,1000,3.016,5500,3.017,11000,3.02,13900,3.028,6800,3.03,3000,3.038,6200,3.045,700
2020-08-18 10:44:09.620,3.0,300.0,3.019,2.9990240000000004,3.0,3.009,3.0,4100,2.994,10000,2.993,3300,2.99,6000,2.986,7100,2.982,7500,2.98,11500,2.978,23500,2.974,4600,2.973,700,3.005,2600,3.006,500,3.01,1000,3.015,1000,3.016,5500,3.017,11000,3.02,13900,3.028,6800,3.03,3000,3.038,6200
2020-08-18 10:45:47.110,3.0,500.0,3.019,2.9990240000000004,3.003,3.009,3.0,1600,2.994,10000,2.993,3300,2.99,6000,2.986,7100,2.982,7500,2.98,11500,2.978,23500,2.974,4600,2.973,700,3.005,2600,3.006,500,3.01,1000,3.015,1000,3.016,5500,3.017,11000,3.02,13900,3.028,6800,3.03,3000,3.038,6200
2020-08-18 10:48:16.040,3.0,100.0,3.019,2.9990240000000004,2.999,3.009,3.0,1500,2.994,10000,2.993,3300,2.99,6000,2.986,7100,2.982,7500,2.98,8500,2.978,23500,2.974,4600,2.973,700,3.005,6600,3.006,500,3.01,1000,3.015,1000,3.016,5500,3.017,11000,3.02,13900,3.028,6800,3.03,3000,3.038,6200
2020-08-18 10:48:36.920,3.0,1500.0,3.019,2.9990259999999997,2.998,3.009,2.994,10000,2.993,3300,2.99,6000,2.986,7100,2.982,7500,2.98,8500,2.978,23500,2.974,4600,2.973,700,2.972,3000,3.0,2500,3.005,2600,3.006,500,3.01,1000,3.015,1000,3.016,5500,3.017,11000,3.02,13900,3.028,6800,3.03,3000
2020-08-18 10:48:55.310,3.0,500.0,3.019,2.9990259999999997,2.997,3.009,2.994,10000,2.993,3300,2.99,6000,2.986,7100,2.982,7500,2.98,8500,2.978,23500,2.974,4600,2.973,700,2.972,3000,3.0,2000,3.005,2600,3.006,500,3.01,1000,3.015,1000,3.016,5500,3.017,11000,3.02,13900,3.028,6800,3.03,3000
2020-08-18 10:49:18.000,2.994,3000.0,3.019,2.999011,2.998,3.009,2.994,7000,2.993,3300,2.99,6000,2.986,7100,2.982,7500,2.98,8500,2.978,23500,2.974,4600,2.973,700,2.972,3000,3.0,2000,3.005,2600,3.006,500,3.01,1000,3.015,1000,3.016,5500,3.017,11000,3.02,13900,3.028,6800,3.03,3000
2020-08-18 10:59:40.340,3.0,200.0,3.019,2.999011,3.004,3.009,2.997,7800,2.996,96600,2.995,10000,2.99,6000,2.986,7100,2.985,2500,2.982,7500,2.98,4700,2.978,24500,2.974,4600,3.0,1800,3.005,2600,3.006,4100,3.01,1000,3.015,7000,3.016,5500,3.017,11000,3.02,13900,3.028,6800,3.03,3000
2020-08-18 10:59:54.750,3.0,800.0,3.019,2.999012,3.005,3.009,2.997,7800,2.996,96600,2.995,10000,2.99,6000,2.986,7100,2.985,2500,2.982,7500,2.98,4700,2.978,24500,2.974,4600,3.0,1000,3.005,2600,3.006,500,3.01,1000,3.015,7000,3.016,5500,3.017,11000,3.02,13900,3.028,6800,3.03,3000
2020-08-18 11:05:17.530,3.0,11100.0,3.019,2.9990229999999998,3.006,3.009,3.0,85500,2.997,7800,2.99,6000,2.986,7100,2.985,2500,2.982,7500,2.98,4700,2.978,24500,2.974,4600,2.973,3700,3.004,3600,3.005,2600,3.006,500,3.01,1000,3.015,7000,3.016,5500,3.017,11000,3.02,13900,3.028,6800,3.03,3000
2020-08-18 11:07:45.590,3.0,1700.0,3.019,2.999025,3.005,3.009,3.0,6200,2.998,200,2.997,7800,2.99,6000,2.986,7100,2.985,2500,2.982,7500,2.98,4700,2.978,24500,2.974,4600,3.004,3600,3.005,2600,3.006,500,3.01,1000,3.015,7000,3.016,5500,3.017,11000,3.02,13900,3.028,6800,3.03,3000
2020-08-18 11:13:23.250,2.998,200.0,3.019,2.9990240000000004,3.003,3.009,2.997,7800,2.99,6000,2.986,7100,2.985,2500,2.982,7500,2.98,4700,2.978,24500,2.974,4600,2.973,3700,2.972,3000,2.998,500,3.004,3600,3.005,2600,3.006,500,3.01,1000,3.015,7000,3.016,5500,3.017,11000,3.02,14000,3.028,6800
2020-08-18 11:15:00.840,2.998,500.0,3.019,2.9990240000000004,3.002,3.009,2.998,5700,2.997,7800,2.99,6000,2.986,7100,2.985,2500,2.982,7500,2.98,4700,2.978,24500,2.974,4600,2.973,3700,3.004,3600,3.005,2600,3.006,500,3.01,1000,3.015,7000,3.016,5500,3.017,11000,3.02,14000,3.028,6800,3.03,3000
2020-08-18 11:21:12.840,3.004,3000.0,3.019,2.999039,3.006,3.009,3.0,500,2.998,5700,2.997,7800,2.99,6000,2.986,7100,2.985,2500,2.982,4000,2.98,5700,2.978,24500,2.974,4600,3.004,600,3.005,2600,3.006,3800,3.01,1000,3.015,7000,3.016,5500,3.017,11000,3.02,14000,3.028,6800,3.03,3000
2020-08-18 11:25:16.090,3.004,4200.0,3.019,2.99906,3.009,3.009,3.004,81300,3.0,500,2.998,5700,2.997,7800,2.99,6000,2.986,7100,2.985,2500,2.982,4000,2.98,5700,2.978,24500,3.005,2600,3.006,3800,3.01,1000,3.015,7000,3.016,5500,3.017,1000,3.02,14000,3.028,6800,3.03,3000,3.038,6200
2020-08-18 11:25:33.850,3.005,2600.0,3.019,2.9990759999999996,3.01,3.009,3.004,81300,3.0,4500,2.998,5700,2.997,7800,2.99,6000,2.986,7100,2.985,2500,2.982,4000,2.98,5700,2.978,24500,3.006,3800,3.01,1000,3.015,7000,3.016,5500,3.017,1000,3.02,14000,3.028,6800,3.03,3000,3.038,6200,3.045,700
2020-08-18 11:26:52.400,3.006,3800.0,3.019,2.999103,3.011,3.009,3.006,1900,3.004,81300,3.0,4500,2.997,4800,2.99,6000,2.986,7100,2.985,2500,2.982,4000,2.98,5700,2.978,24500,3.015,7000,3.016,5500,3.017,1000,3.02,14000,3.028,6800,3.03,3000,3.038,6200,3.045,700,3.049,7000,3.05,29400
2020-08-18 13:00:02.990,3.006,400.0,3.019,2.999108,3.013,3.009,3.006,3800,3.004,81300,3.0,4500,2.997,4800,2.99,6000,2.986,7100,2.985,2500,2.982,4000,2.98,5700,2.978,24500,3.015,5800,3.016,500,3.017,1000,3.019,5000,3.02,14000,3.028,6800,3.03,3000,3.038,6200,3.045,700,3.049,7000
2020-08-18 13:00:04.010,3.006,300.0,3.019,2.99911,3.014,3.009,3.006,3500,3.004,81300,3.0,4500,2.997,4800,2.99,6000,2.986,7100,2.985,2500,2.982,4000,2.98,5700,2.978,23500,3.015,5800,3.016,500,3.017,1000,3.019,5000,3.02,14000,3.028,6800,3.03,3000,3.038,6200,3.045,700,3.049,7000
2020-08-18 13:03:00.920,3.015,100.0,3.019,2.999112,3.011,3.009,3.006,3500,3.004,81300,3.0,4500,2.997,4800,2.99,6000,2.986,7100,2.985,2500,2.982,4000,2.98,5700,2.978,23500,3.015,5700,3.016,500,3.017,1000,3.019,5000,3.02,14000,3.028,6800,3.03,3000,3.038,6200,3.045,700,3.049,7000
2020-08-18 13:03:12.770,3.006,3500.0,3.019,2.999136,3.011,3.009,3.004,81300,3.0,4500,2.997,4800,2.99,6000,2.986,7100,2.985,2500,2.982,4000,2.98,5700,2.978,23500,2.974,4600,3.006,9400,3.015,5700,3.016,500,3.017,1000,3.019,5000,3.02,14000,3.028,6800,3.03,3000,3.038,6200,3.045,700
2020-08-18 13:04:21.310,3.006,9400.0,3.019,2.999201,3.012,3.009,3.006,71900,3.005,3000,3.0,4500,2.997,4800,2.99,6000,2.986,7100,2.985,2500,2.982,4000,2.98,5700,2.978,23500,3.015,5700,3.016,500,3.017,1000,3.019,5000,3.02,14000,3.028,6800,3.03,3000,3.038,6200,3.045,700,3.049,7000
2020-08-18 13:07:33.880,3.003,1800.0,3.019,2.9992080000000003,3.01,3.009,3.003,70100,3.002,20000,3.0,4500,2.99,6000,2.986,7100,2.985,2500,2.982,4000,2.98,5700,2.978,23500,2.974,4600,3.015,5700,3.016,500,3.017,1000,3.019,5000,3.02,14000,3.028,6800,3.03,3000,3.038,6200,3.045,700,3.049,7000
2020-08-18 13:07:37.590,3.003,600.0,3.019,2.9992099999999997,3.01,3.009,3.003,69500,3.002,20000,3.0,4500,2.99,6000,2.986,7100,2.985,2500,2.982,4000,2.98,5700,2.978,23500,2.974,4600,3.015,5700,3.016,500,3.017,1000,3.019,5000,3.02,14000,3.028,6800,3.029,100,3.03,3000,3.038,6200,3.045,700
2020-08-18 13:09:11.810,3.015,300.0,3.019,2.999215,3.009,3.009,3.002,20000,3.0,54500,2.99,6000,2.986,7100,2.985,2500,2.982,4000,2.98,5700,2.978,23500,2.974,4600,2.973,700,3.015,5400,3.016,500,3.017,1000,3.019,5000,3.02,14000,3.028,6800,3.029,100,3.03,3000,3.038,6200,3.045,700
2020-08-18 13:12:54.520,3.005,1100.0,3.019,2.999221,3.009,3.009,3.003,7000,3.002,20000,3.0,50800,2.99,6000,2.986,7100,2.985,2500,2.982,4000,2.98,5700,2.978,23500,2.974,4600,3.005,5600,3.015,5400,3.016,500,3.017,1000,3.019,5000,3.02,14000,3.028,6800,3.029,100,3.03,3000,3.038,6200
2020-08-18 13:13:24.300,3.003,5000.0,3.019,2.9992400000000004,3.009,3.009,3.003,2000,3.001,10000,3.0,50800,2.99,6000,2.986,7100,2.985,2500,2.982,4000,2.98,5700,2.978,23500,2.974,4600,3.005,5600,3.015,5400,3.016,500,3.017,1000,3.019,5000,3.02,14000,3.028,6800,3.029,100,3.03,3000,3.038,6200
2020-08-18 13:13:30.500,3.003,2000.0,3.019,2.999247,3.009,3.009,3.001,10000,3.0,50800,2.99,6000,2.986,7100,2.985,2500,2.982,4000,2.98,5700,2.978,23500,2.974,4600,2.973,700,3.003,1000,3.005,5600,3.015,5400,3.016,500,3.017,1000,3.019,5000,3.02,14000,3.028,6800,3.029,100,3.03,3000
2020-08-18 13:14:58.470,3.003,1000.0,3.019,2.9992509999999997,3.009,3.009,3.003,68500,3.001,10000,3.0,50800,2.99,6000,2.986,7100,2.985,2500,2.982,4000,2.98,3200,2.978,23500,2.974,4600,3.005,5600,3.015,5400,3.016,500,3.017,11000,3.019,5000,3.02,14000,3.028,6800,3.029,100,3.03,3000,3.038,6200
2020-08-18 13:16:57.520,3.003,5600.0,3.019,2.999271,3.009,3.009,3.003,62900,3.001,10000,3.0,50800,2.99,6000,2.986,7100,2.985,2500,2.982,4000,2.98,3200,2.978,23500,2.974,4600,3.015,5400,3.016,500,3.017,11000,3.019,5000,3.02,14000,3.028,6800,3.029,100,3.03,3000,3.038,6200,3.045,700
2020-08-18 13:18:01.580,3.003,25000.0,3.019,2.999361,3.01,3.009,3.003,37900,3.001,10000,3.0,50800,2.99,6000,2.986,7100,2.985,2500,2.982,4000,2.98,3200,2.978,23500,2.974,4600,3.015,5400,3.016,500,3.017,11000,3.019,5000,3.02,14000,3.028,6800,3.029,100,3.03,3000,3.038,6200,3.045,700
2020-08-18 13:22:57.080,3.005,1600.0,3.019,2.9993689999999997,3.015,3.009,3.005,3400,3.004,10000,3.003,37900,3.001,10000,3.0,50800,2.99,6000,2.986,7100,2.985,2500,2.982,4000,2.98,3200,3.015,5400,3.016,500,3.017,11000,3.019,9000,3.02,14000,3.022,5000,3.028,6800,3.029,100,3.03,3000,3.045,700
2020-08-18 13:23:51.890,3.015,5400.0,3.019,2.99945,3.017,3.009,3.015,4600,3.006,10000,3.005,5900,3.004,10000,3.003,37900,3.001,10000,3.0,50800,2.99,6000,2.986,7100,2.985,2500,3.016,500,3.017,11000,3.019,9000,3.02,14000,3.022,5000,3.028,6800,3.029,100,3.03,3000,3.045,700,3.049,7000
2020-08-18 13:24:16.270,3.015,400.0,3.019,2.9994560000000003,3.015,3.009,3.015,4200,3.006,10000,3.005,5900,3.004,10000,3.001,10000,3.0,50800,2.99,6000,2.986,7100,2.985,2500,2.982,4000,3.016,500,3.017,11000,3.019,9000,3.02,14000,3.022,5000,3.028,6800,3.029,100,3.03,3000,3.045,700,3.049,7000
2020-08-18 13:24:18.820,3.015,2800.0,3.019,2.9994970000000003,3.015,3.009,3.015,1400,3.006,10000,3.005,5900,3.004,10000,3.001,10000,3.0,50800,2.99,6000,2.986,7100,2.985,2500,2.982,4000,3.016,500,3.017,11000,3.019,9000,3.02,14000,3.022,5000,3.028,6800,3.029,100,3.03,3000,3.045,700,3.049,7000
2020-08-18 13:24:21.540,3.006,1600.0,3.019,2.999519,3.013,3.009,3.006,9800,3.005,5900,3.004,10000,3.001,10000,3.0,50800,2.99,6000,2.986,7100,2.985,2500,2.982,4000,2.98,3200,3.016,500,3.017,11000,3.019,9000,3.02,14000,3.022,5000,3.028,6800,3.029,100,3.03,3000,3.045,700,3.049,7000
2020-08-18 13:25:20.280,3.006,2000.0,3.019,2.999531,3.013,3.009,3.006,7800,3.005,5900,3.004,10000,3.001,10000,3.0,50800,2.99,6000,2.986,7100,2.985,2500,2.982,4000,2.98,3200,3.016,500,3.017,11000,3.019,9000,3.02,14000,3.028,6800,3.029,100,3.03,3000,3.045,700,3.049,7000,3.05,29400
2020-08-18 13:30:17.080,3.005,400.0,3.019,2.999533,3.01,3.009,3.005,5500,3.001,10000,3.0,50800,2.99,6000,2.986,7100,2.985,2500,2.982,4000,2.98,3200,2.978,23500,2.974,4600,3.006,1600,3.016,4500,3.017,11000,3.019,9000,3.02,14000,3.027,5000,3.028,6800,3.029,100,3.03,3000,3.045,700
2020-08-18 13:30:44.130,3.006,1600.0,3.019,2.999543,3.011,3.009,3.006,36300,3.005,5500,3.001,10000,3.0,50800,2.99,6000,2.986,7100,2.985,2500,2.982,4000,2.98,3200,2.978,23500,3.016,4500,3.017,11000,3.019,9000,3.02,14000,3.027,5000,3.028,6800,3.029,100,3.03,3000,3.045,700,3.049,7000
2020-08-18 13:31:21.380,3.006,21800.0,3.019,2.999673,3.012,3.009,3.006,14500,3.005,5500,3.001,10000,3.0,50800,2.99,6000,2.986,7100,2.985,2500,2.982,4000,2.98,3200,2.978,23500,3.015,10000,3.016,4500,3.017,11000,3.019,9000,3.02,14000,3.027,5000,3.028,6800,3.029,100,3.03,3000,3.045,700
2020-08-18 13:32:20.340,3.006,1300.0,3.019,2.9996810000000003,3.013,3.009,3.006,13200,3.005,5500,3.001,10000,3.0,50800,2.99,6000,2.986,7100,2.985,2500,2.98,3200,2.978,23500,2.974,4600,3.015,10000,3.016,4500,3.017,11000,3.019,9000,3.02,14000,3.027,5000,3.028,6800,3.029,100,3.03,3000,3.045,700
2020-08-18 13:40:29.310,3.006,1000.0,3.019,2.9996869999999998,3.01,3.009,3.005,5500,3.001,10000,3.0,50800,2.99,6000,2.986,7100,2.985,2500,2.98,3200,2.978,23500,2.974,4600,2.973,700,3.006,9100,3.015,10000,3.016,4500,3.017,11000,3.019,9000,3.02,14000,3.027,5000,3.028,6800,3.029,100,3.03,3000
2020-08-18 13:41:06.280,3.005,2500.0,3.019,2.999699,3.01,3.009,3.005,3000,3.001,10000,3.0,50800,2.99,6000,2.986,7100,2.985,2500,2.98,3200,2.978,23500,2.974,4600,2.973,700,3.006,9100,3.015,10000,3.016,4500,3.017,11000,3.019,9000,3.02,14000,3.027,5000,3.028,6800,3.029,100,3.03,3000
2020-08-18 13:41:58.090,3.005,600.0,3.019,2.999702,3.009,3.009,3.005,2400,3.001,10000,3.0,50800,2.99,6000,2.986,7100,2.985,2500,2.98,3200,2.978,23500,2.974,4600,2.973,700,3.006,9100,3.015,10000,3.016,4500,3.017,11000,3.019,9000,3.02,14000,3.027,5000,3.028,6800,3.029,100,3.03,3000
2020-08-18 13:50:06.820,3.006,500.0,3.019,2.999705,3.01,3.009,3.005,4400,3.001,10000,3.0,50800,2.99,6000,2.986,7100,2.985,2500,2.98,3200,2.978,23500,2.974,4600,2.973,700,3.006,8600,3.009,1600,3.015,10000,3.016,4900,3.017,11000,3.019,9000,3.02,14000,3.027,5000,3.028,6800,3.029,100
2020-08-18 13:50:12.680,3.006,100.0,3.019,2.999705,3.01,3.009,3.005,4400,3.001,10000,3.0,50800,2.99,6000,2.986,7100,2.985,2500,2.98,3200,2.978,23500,2.974,4600,2.973,700,3.006,8500,3.009,1600,3.015,10000,3.016,4900,3.017,11000,3.019,9000,3.02,14000,3.027,5000,3.028,6800,3.029,100
2020-08-18 13:52:03.980,3.001,7600.0,3.019,2.99973,3.008,3.009,3.001,6800,3.0,50800,2.99,6000,2.986,7100,2.985,2500,2.98,3200,2.978,23500,2.974,4600,2.973,700,2.972,5800,3.006,8500,3.009,1600,3.014,1000,3.015,10000,3.016,4900,3.017,11000,3.019,9000,3.02,14000,3.027,5000,3.028,6800
2020-08-18 13:53:32.460,3.001,6800.0,3.019,2.9997380000000002,3.007,3.009,3.0,50800,2.99,6000,2.987,3300,2.986,7100,2.985,2500,2.98,3200,2.978,23500,2.974,4600,2.973,700,2.972,5800,3.001,3200,3.006,8500,3.009,1600,3.014,8000,3.015,10000,3.016,4900,3.017,11000,3.019,9000,3.02,14000,3.027,5000
2020-08-18 13:53:41.570,3.001,8200.0,3.019,2.999748,3.007,3.009,3.001,1800,3.0,50800,2.99,6000,2.987,3300,2.986,7100,2.985,2500,2.98,3200,2.978,23500,2.974,4600,2.973,700,3.006,8500,3.009,1600,3.014,8000,3.015,10000,3.016,4900,3.017,11000,3.019,9000,3.02,14000,3.027,5000,3.028,6800
2020-08-18 13:57:51.150,3.0,2800.0,3.019,2.999748,3.004,3.009,3.0,48000,2.99,6000,2.987,3300,2.986,7100,2.985,2500,2.98,3200,2.978,23500,2.974,4600,2.973,700,2.972,5800,3.004,1000,3.006,11500,3.014,8000,3.015,10000,3.016,4900,3.017,11000,3.019,9000,3.02,14000,3.027,5000,3.028,6800
2020-08-18 13:58:30.020,3.0,1600.0,3.019,2.999749,3.004,3.009,3.0,46400,2.99,6000,2.987,3300,2.986,7100,2.985,2500,2.98,3200,2.978,23500,2.974,4600,2.973,700,2.972,5800,3.004,1000,3.006,11500,3.014,8000,3.015,10000,3.016,4900,3.017,11000,3.019,9000,3.02,14000,3.027,5000,3.028,6800
2020-08-18 13:59:43.230,3.0,800.0,3.019,2.999749,3.005,3.009,3.0,45600,2.99,6000,2.987,3300,2.986,7100,2.985,2500,2.98,3200,2.978,23500,2.974,4600,2.973,700,2.972,5800,3.004,1000,3.006,11500,3.014,8000,3.015,10000,3.016,4900,3.017,11000,3.019,9000,3.02,14000,3.027,5000,3.028,6800
2020-08-18 14:01:50.520,3.0,10000.0,3.019,2.999751,3.002,3.009,3.0,35600,2.991,4300,2.99,6000,2.987,3300,2.986,7100,2.985,2500,2.98,3200,2.978,23500,2.973,700,2.972,5800,3.006,11500,3.014,8000,3.015,10000,3.016,4900,3.017,11000,3.019,9000,3.02,14000,3.027,5000,3.028,6800,3.029,100
2020-08-18 14:02:08.490,3.0,6200.0,3.019,2.999752,3.002,3.009,3.0,29400,2.991,4300,2.99,6000,2.987,3300,2.986,7100,2.985,2500,2.98,3200,2.978,23500,2.973,700,2.972,5800,3.006,11500,3.014,8000,3.015,10000,3.016,4900,3.017,11000,3.019,9000,3.02,14000,3.027,5000,3.028,6800,3.029,100
2020-08-18 14:02:43.340,3.006,1000.0,3.019,2.9997580000000004,3.002,3.009,3.0,29400,2.991,4300,2.99,6000,2.987,3300,2.986,7100,2.985,2500,2.98,3200,2.978,23500,2.973,700,2.972,5800,3.006,10500,3.014,8000,3.015,10000,3.016,4900,3.017,11000,3.019,9000,3.02,14000,3.027,5000,3.028,6800,3.029,100
2020-08-18 14:03:27.570,3.001,1600.0,3.019,2.9997599999999998,3.002,3.009,3.001,2700,3.0,29400,2.99,6000,2.987,3300,2.986,7100,2.985,2500,2.98,3200,2.978,23500,2.973,700,2.972,5800,3.005,7000,3.006,10500,3.014,8000,3.015,10000,3.016,4900,3.017,11000,3.019,9000,3.02,14000,3.027,5000,3.028,6800
2020-08-18 14:04:58.240,3.001,400.0,3.019,2.9997599999999998,3.002,3.009,3.001,2300,3.0,31100,2.99,6000,2.987,3300,2.986,7100,2.985,2500,2.98,3200,2.978,23500,2.973,700,2.972,5800,3.005,7000,3.006,10500,3.014,8000,3.015,10000,3.016,4900,3.017,11000,3.019,9000,3.02,14000,3.027,5000,3.028,6800
2020-08-18 14:05:07.430,3.0,7700.0,3.019,2.999764,3.003,3.009,3.0,25700,2.99,6000,2.987,3300,2.986,7100,2.985,2500,2.98,3200,2.978,23500,2.973,700,2.972,5800,2.97,22900,3.005,7000,3.006,10500,3.014,8000,3.015,10000,3.016,4900,3.017,11000,3.019,9000,3.02,14000,3.027,5000,3.028,6800
2020-08-18 14:06:11.320,3.0,100.0,3.019,2.999764,3.003,3.009,3.0,25600,2.99,6000,2.987,3300,2.986,7100,2.985,2500,2.98,3200,2.978,23500,2.973,700,2.972,5800,2.97,22900,3.004,1000,3.005,7000,3.006,10500,3.014,8000,3.015,10000,3.016,4900,3.017,11000,3.019,9000,3.02,14000,3.027,5000
2020-08-18 14:11:12.880,3.004,100.0,3.019,2.999764,3.001,3.009,3.001,200,3.0,31800,2.99,6000,2.987,3300,2.986,7100,2.985,2500,2.98,3200,2.978,23500,2.973,700,2.972,5800,3.004,900,3.005,7000,3.006,10500,3.014,8000,3.015,10000,3.016,4900,3.017,11000,3.019,9000,3.02,14000,3.027,5000
2020-08-18 14:15:22.670,3.004,900.0,3.019,2.999767,3.005,3.009,3.004,19100,3.001,200,3.0,31800,2.99,6000,2.987,3300,2.986,7100,2.985,2500,2.98,3200,2.978,23500,2.973,700,3.005,7000,3.006,10500,3.014,8000,3.015,10000,3.016,4900,3.017,11000,3.019,9000,3.02,14000,3.027,5000,3.028,6800
2020-08-18 14:16:37.800,3.004,1800.0,3.019,2.999774,3.004,3.009,3.004,17300,3.001,200,3.0,31800,2.99,6000,2.987,3300,2.986,7100,2.985,2500,2.98,3200,2.978,23500,2.973,700,3.005,7000,3.006,10500,3.014,8000,3.015,10000,3.016,4900,3.017,11000,3.019,9000,3.02,14000,3.027,5000,3.028,6800
2020-08-18 14:17:38.910,3.004,8000.0,3.019,2.999803,3.005,3.009,3.004,9300,3.001,200,3.0,31800,2.99,6000,2.987,3300,2.986,7100,2.985,2500,2.98,3200,2.978,23500,2.973,700,3.005,12000,3.006,10500,3.014,8000,3.015,10000,3.016,4900,3.017,11000,3.019,9000,3.02,14000,3.027,5000,3.028,6800
2020-08-18 14:18:26.690,3.005,2000.0,3.019,2.999812,3.005,3.009,3.004,9300,3.001,200,3.0,31800,2.99,6000,2.987,3300,2.986,7100,2.985,2500,2.98,3200,2.978,23500,2.973,700,3.005,10000,3.006,10500,3.014,8200,3.015,10000,3.016,4900,3.017,11000,3.019,9000,3.02,14000,3.027,5000,3.028,6800
2020-08-18 14:18:38.630,3.005,300.0,3.019,2.9998139999999998,3.005,3.009,3.004,9300,3.001,200,3.0,31800,2.99,6000,2.987,3300,2.986,7100,2.985,2500,2.98,3200,2.978,23500,2.973,700,3.005,9700,3.006,10500,3.014,8200,3.015,10000,3.016,4900,3.017,11000,3.019,9000,3.02,14000,3.027,5000,3.028,6800
2020-08-18 14:18:45.760,3.005,400.0,3.019,2.999816,3.005,3.009,3.004,9300,3.001,200,3.0,31800,2.99,6000,2.987,3300,2.986,7100,2.985,2500,2.98,3200,2.978,23500,2.973,700,3.005,9300,3.006,10500,3.014,8200,3.015,10000,3.016,4900,3.017,11000,3.019,9000,3.02,14000,3.027,5000,3.028,6800
2020-08-18 14:23:24.670,3.001,200.0,3.019,2.999816,3.002,3.009,3.0,31800,2.99,6000,2.987,3300,2.986,7100,2.985,2500,2.98,3200,2.978,23500,2.973,700,2.972,5800,2.97,22900,3.001,1000,3.005,9300,3.006,10500,3.014,8200,3.015,10000,3.016,4900,3.017,11000,3.019,9000,3.02,14000,3.027,5000
2020-08-18 14:25:03.110,3.0,1600.0,3.019,2.999816,3.002,3.009,3.0,32900,2.99,6000,2.987,3300,2.986,7100,2.985,2500,2.98,3200,2.978,23500,2.973,700,2.972,5800,2.97,22900,3.001,1000,3.005,9300,3.006,10500,3.013,6500,3.014,8200,3.015,10000,3.016,4900,3.017,11000,3.019,5000,3.02,14000
2020-08-18 14:25:11.450,3.0,1000.0,3.019,2.999816,3.002,3.009,3.0,31900,2.99,6000,2.987,3300,2.986,7100,2.985,2500,2.98,3200,2.978,23500,2.973,700,2.972,5800,2.97,22900,3.001,1000,3.005,9300,3.006,10500,3.013,6500,3.014,8200,3.015,10000,3.016,4900,3.017,11000,3.019,5000,3.02,14000
2020-08-18 14:26:15.690,3.0,1000.0,3.019,2.999816,2.999,3.009,3.0,30900,2.99,6000,2.987,3300,2.986,7100,2.985,2500,2.98,3200,2.978,23500,2.973,700,2.972,5800,2.97,22900,3.001,1000,3.005,9300,3.006,10500,3.013,6500,3.014,8200,3.015,10000,3.016,4900,3.017,11000,3.019,5000,3.02,14000
2020-08-18 14:26:18.690,3.0,3100.0,3.019,2.9998169999999997,2.999,3.009,3.0,27800,2.99,6000,2.987,3300,2.986,7100,2.985,2500,2.98,3200,2.978,23500,2.973,700,2.972,5800,2.97,22900,3.001,1000,3.005,9300,3.006,10500,3.013,6500,3.014,8200,3.015,10000,3.016,4900,3.017,11000,3.019,5000,3.02,14000
2020-08-18 14:26:20.370,3.0,10000.0,3.019,2.999818,2.999,3.009,3.0,17800,2.99,6000,2.987,3300,2.986,7100,2.985,2500,2.98,3200,2.978,23500,2.973,700,2.972,5800,2.97,22900,3.001,1000,3.005,9300,3.006,10500,3.013,6500,3.014,8200,3.015,10000,3.016,4900,3.017,11000,3.019,5000,3.02,14000
2020-08-18 14:26:25.310,3.001,100.0,3.019,2.999819,2.999,3.009,3.0,17800,2.99,6000,2.987,3300,2.986,7100,2.985,2500,2.98,3200,2.978,23500,2.973,700,2.972,5800,2.97,22900,3.001,900,3.005,9300,3.006,10500,3.013,6500,3.014,8200,3.015,10000,3.016,4900,3.017,11000,3.019,5000,3.02,14000
2020-08-18 14:26:38.080,3.0,2600.0,3.019,2.999819,2.998,3.009,3.0,15200,2.99,6000,2.987,3300,2.986,7100,2.985,2500,2.98,3200,2.978,23500,2.973,700,2.972,5800,2.97,22900,3.001,900,3.005,9300,3.006,10500,3.013,6500,3.014,8200,3.015,10000,3.016,4900,3.017,11000,3.019,5000,3.02,14000
2020-08-18 14:26:42.330,3.0,200.0,3.019,2.999819,2.998,3.009,3.0,15000,2.99,6000,2.987,3300,2.986,7100,2.985,2500,2.98,3200,2.978,23500,2.973,700,2.972,5800,2.97,22900,3.001,900,3.005,9300,3.006,10500,3.013,6500,3.014,8200,3.015,10000,3.016,4900,3.017,11000,3.019,5000,3.02,14000
2020-08-18 14:26:55.980,3.0,15000.0,3.019,2.999821,2.997,3.009,2.99,6000,2.987,3300,2.986,7100,2.985,2500,2.98,3200,2.978,23500,2.973,700,2.972,5800,2.97,22900,2.969,200,3.0,25000,3.001,900,3.005,9300,3.006,10500,3.013,6500,3.014,8200,3.015,10000,3.016,4900,3.017,11000,3.019,5000
2020-08-18 14:27:43.510,2.99,1500.0,3.019,2.999809,2.996,3.009,2.99,4500,2.987,3300,2.986,7100,2.985,2500,2.98,3200,2.978,23500,2.973,700,2.972,5800,2.97,22900,2.969,200,3.0,25000,3.001,900,3.005,19300,3.006,10500,3.013,6500,3.014,8200,3.015,10000,3.016,4900,3.017,11000,3.019,5000
2020-08-18 14:28:44.010,2.99,2000.0,3.019,2.999792,2.995,3.009,2.99,2500,2.986,7100,2.985,2500,2.98,3200,2.978,23500,2.973,700,2.972,5800,2.97,22900,2.969,200,2.961,2000,2.999,10000,3.0,25000,3.001,900,3.005,19300,3.006,7500,3.013,6500,3.014,8200,3.015,10000,3.016,4900,3.017,11000
2020-08-18 14:29:06.830,2.99,3000.0,3.019,2.999768,2.995,3.009,2.986,7100,2.985,2500,2.98,3200,2.978,23500,2.973,700,2.972,5800,2.97,22900,2.969,200,2.961,2000,2.96,10800,2.99,1300,2.999,10100,3.0,25000,3.001,900,3.002,3000,3.005,15000,3.006,7500,3.013,6500,3.014,8200,3.015,10000
2020-08-18 14:29:29.370,2.99,300.0,3.019,2.999765,2.994,3.009,2.986,7100,2.985,2500,2.98,3200,2.978,23500,2.973,700,2.972,5800,2.97,22900,2.969,200,2.961,2000,2.96,10800,2.99,1000,2.998,10000,2.999,10100,3.0,25000,3.001,900,3.002,3000,3.005,15000,3.006,7500,3.013,6500,3.014,8200
2020-08-18 14:32:09.770,2.99,1000.0,3.019,2.999757,2.994,3.009,2.989,9300,2.986,7100,2.985,2500,2.98,3200,2.978,23500,2.973,700,2.972,5800,2.97,22900,2.969,200,2.961,2000,2.99,700,2.998,10000,2.999,10100,3.0,30000,3.001,900,3.002,3000,3.005,15000,3.006,7500,3.013,6500,3.014,8200
2020-08-18 14:32:54.690,2.99,700.0,3.019,2.999752,2.994,3.009,2.99,300,2.989,9300,2.986,7100,2.985,2500,2.98,3200,2.978,23500,2.973,700,2.972,5800,2.97,22900,2.969,200,2.998,10000,2.999,10100,3.0,30000,3.001,900,3.002,3000,3.005,15000,3.006,7500,3.013,6500,3.014,8200,3.015,10000
2020-08-18 14:36:56.820,2.998,100.0,3.019,2.999751,3.0,3.009,2.991,600,2.99,8000,2.989,9300,2.986,7100,2.985,2500,2.98,3200,2.978,23500,2.973,700,2.972,5800,2.97,22900,2.998,9900,2.999,10100,3.0,43100,3.001,900,3.002,3000,3.005,15000,3.006,7500,3.013,6500,3.014,8200,3.015,10000
2020-08-18 14:37:33.340,2.991,600.0,3.019,2.999747,3.0,3.009,2.99,14000,2.989,9300,2.986,7100,2.985,2500,2.98,3200,2.978,23500,2.973,700,2.972,5800,2.97,22900,2.969,200,2.991,11400,2.999,10100,3.0,18100,3.001,900,3.002,3000,3.005,15000,3.006,7500,3.013,6500,3.014,8200,3.016,4900
2020-08-18 14:37:48.160,2.991,11400.0,3.019,2.9996650000000002,2.999,3.009,2.991,288600,2.99,14000,2.989,9300,2.986,7100,2.985,2500,2.98,3200,2.978,23500,2.973,700,2.972,5800,2.97,22900,2.999,10100,3.0,18100,3.001,900,3.002,3000,3.005,15000,3.006,7500,3.013,6500,3.014,8200,3.016,4900,3.017,11000
2020-08-18 14:39:23.620,2.991,27800.0,3.019,2.99947,2.999,3.009,2.991,261600,2.99,14000,2.989,9300,2.986,7100,2.985,2500,2.98,3200,2.978,23500,2.973,700,2.972,5800,2.97,22900,2.999,100,3.0,18100,3.001,900,3.002,3000,3.005,15000,3.006,7500,3.013,6500,3.014,8200,3.016,4900,3.017,11000
2020-08-18 14:39:36.230,2.991,20300.0,3.019,2.999333,2.998,3.009,2.991,241300,2.99,14000,2.989,9300,2.986,7100,2.985,2500,2.98,3200,2.978,23500,2.973,700,2.972,5800,2.97,22900,2.999,100,3.0,18100,3.001,900,3.002,3000,3.005,15000,3.006,7500,3.013,6500,3.014,8200,3.016,4900,3.017,11000
2020-08-18 14:42:51.780,2.999,100.0,3.019,2.999333,3.0,3.009,2.999,400,2.992,20000,2.991,251300,2.99,14000,2.989,9300,2.986,7100,2.985,2500,2.98,3200,2.978,23500,2.973,700,3.0,18100,3.001,900,3.002,3000,3.005,15000,3.006,7500,3.013,6500,3.014,8200,3.016,4900,3.017,11000,3.019,1000
2020-08-18 14:43:10.540,2.999,100.0,3.019,2.999333,3.0,3.009,2.999,300,2.992,20000,2.991,251300,2.99,14000,2.989,9300,2.986,7100,2.985,2500,2.98,3200,2.978,23500,2.973,700,3.0,18100,3.001,900,3.002,3000,3.005,15000,3.006,7500,3.013,6500,3.014,8200,3.016,4900,3.017,11000,3.019,1000
2020-08-18 14:45:32.170,2.999,300.0,3.019,2.999333,3.0,3.009,2.992,20000,2.991,251300,2.99,14000,2.989,10600,2.986,7100,2.985,2500,2.98,3200,2.978,23500,2.973,700,2.972,10100,2.999,4700,3.0,18100,3.001,900,3.002,3000,3.005,15000,3.006,7500,3.013,6500,3.014,8200,3.016,4900,3.017,11000
2020-08-18 14:45:53.120,2.999,100.0,3.019,2.999333,3.0,3.009,2.992,20000,2.991,251300,2.99,14000,2.989,10600,2.986,7100,2.985,2500,2.98,3200,2.978,23500,2.973,700,2.972,10100,2.999,4600,3.0,18100,3.001,900,3.002,3000,3.005,15000,3.006,7500,3.013,6500,3.014,8200,3.016,4900,3.017,11000
2020-08-18 14:46:25.190,2.992,2000.0,3.019,2.9993220000000003,3.001,3.009,2.992,18000,2.991,251300,2.99,14000,2.989,10600,2.986,7100,2.985,2500,2.98,3200,2.978,23500,2.973,700,2.972,10100,2.999,4600,3.0,18100,3.001,900,3.002,3000,3.005,20000,3.006,7500,3.013,6500,3.014,8200,3.016,4900,3.017,11000
2020-08-18 14:47:20.550,3.0,100.0,3.019,2.9993220000000003,3.002,3.009,2.992,18000,2.991,251300,2.99,14000,2.989,10600,2.986,7100,2.985,2500,2.98,3200,2.978,23500,2.973,700,2.972,10100,3.0,18000,3.001,900,3.002,3000,3.005,20000,3.006,7500,3.013,6500,3.014,8200,3.016,4900,3.017,11000,3.019,1000
2020-08-18 14:47:54.010,2.992,3000.0,3.019,2.999304,3.003,3.009,2.992,15000,2.991,251300,2.99,11000,2.989,10600,2.986,7100,2.985,2500,2.98,3200,2.978,23500,2.973,700,2.972,10100,2.999,20000,3.0,18000,3.001,900,3.002,3000,3.005,20000,3.006,7500,3.013,6500,3.014,8200,3.016,4900,3.017,11000
2020-08-18 14:48:18.680,2.999,3000.0,3.019,2.999304,3.003,3.009,2.992,15000,2.991,251300,2.99,11000,2.989,10600,2.986,7100,2.985,2500,2.98,3200,2.978,23500,2.973,700,2.972,10100,2.999,17000,3.0,18000,3.001,900,3.002,3000,3.005,20000,3.006,7500,3.013,6500,3.014,8200,3.016,4900,3.017,11000
2020-08-18 14:48:56.970,2.999,10000.0,3.019,2.999301,3.004,3.009,2.997,6200,2.992,15500,2.991,250500,2.99,11000,2.989,10600,2.986,7100,2.985,2500,2.98,3200,2.978,23500,2.973,700,2.999,7000,3.0,18000,3.001,900,3.002,3000,3.005,20000,3.006,7500,3.013,6500,3.014,8200,3.016,4900,3.017,11000
2020-08-18 14:49:11.940,2.999,2000.0,3.019,2.999301,3.004,3.009,2.997,6200,2.992,15500,2.991,250500,2.99,11000,2.989,10600,2.986,7100,2.985,2500,2.98,3200,2.978,23500,2.973,700,2.999,5000,3.0,18000,3.001,900,3.002,3000,3.005,20000,3.006,7500,3.013,6500,3.014,8200,3.016,4900,3.017,11000
2020-08-18 14:49:50.810,2.993,1000.0,3.019,2.9992959999999997,3.004,3.009,2.993,5200,2.992,16300,2.991,250500,2.99,11000,2.989,10600,2.986,7100,2.985,2500,2.98,3200,2.978,23500,2.973,700,2.999,5000,3.0,18000,3.001,900,3.002,3000,3.005,20000,3.006,7500,3.013,6500,3.014,8200,3.016,4900,3.017,11000
2020-08-18 14:50:10.710,2.999,400.0,3.019,2.9992959999999997,3.005,3.009,2.993,5200,2.992,16300,2.991,250500,2.99,11000,2.989,10600,2.986,7100,2.985,2500,2.98,3200,2.978,23500,2.973,700,2.999,4600,3.0,18000,3.001,900,3.002,3000,3.005,20000,3.006,7500,3.013,6500,3.014,8200,3.016,4900,3.017,11000
2020-08-18 14:50:12.540,2.999,1900.0,3.019,2.999295,3.005,3.009,2.993,5200,2.992,16300,2.991,250500,2.99,11000,2.989,10600,2.986,7100,2.985,2500,2.98,3200,2.978,23500,2.973,700,2.999,2700,3.0,18000,3.001,900,3.002,3000,3.005,20000,3.006,7500,3.013,6500,3.014,8200,3.016,4900,3.017,11000
2020-08-18 14:50:31.720,2.999,200.0,3.019,2.999295,3.006,3.009,2.993,5200,2.992,16300,2.991,250500,2.99,11000,2.989,10600,2.986,7100,2.985,2500,2.98,3200,2.978,23500,2.973,700,2.999,2500,3.0,18000,3.001,900,3.002,3000,3.005,20000,3.006,7500,3.013,6500,3.014,8200,3.016,4900,3.017,11000
2020-08-18 14:50:33.510,2.999,700.0,3.019,2.999295,3.006,3.009,2.993,5200,2.992,16300,2.991,250500,2.99,11000,2.989,10600,2.986,7100,2.985,2500,2.98,3200,2.978,23500,2.973,700,2.999,1800,3.0,18000,3.001,900,3.002,3000,3.005,20000,3.006,7500,3.013,6500,3.014,8200,3.016,4900,3.017,11000
2020-08-18 14:50:49.590,2.999,1800.0,3.019,2.999295,3.006,3.009,2.999,3400,2.992,16300,2.991,250500,2.99,11000,2.989,10600,2.986,7100,2.985,2500,2.98,3200,2.978,23500,2.973,700,3.0,18000,3.001,900,3.002,3000,3.005,20000,3.006,7500,3.013,6500,3.014,8200,3.016,4900,3.017,11000,3.019,1000
2020-08-18 14:51:25.780,3.0,18000.0,3.019,2.999304,3.008,3.009,3.0,222500,2.999,3400,2.992,16300,2.991,10000,2.99,11000,2.989,10600,2.986,7100,2.985,2500,2.98,3200,2.978,23500,3.001,900,3.002,3000,3.005,20000,3.006,7500,3.013,6500,3.014,8200,3.016,4900,3.017,11000,3.019,1000,3.02,14000
2020-08-18 14:51:42.650,3.001,900.0,3.019,2.9993060000000002,3.008,3.009,3.001,19100,2.999,3400,2.995,222500,2.992,16300,2.991,10000,2.99,11000,2.989,10600,2.986,7100,2.985,2500,2.98,3200,3.002,3000,3.005,20000,3.006,7500,3.013,6500,3.014,8200,3.016,4900,3.017,11000,3.019,1000,3.02,14000,3.027,5000
2020-08-18 14:51:46.870,3.001,11900.0,3.019,2.999321,3.007,3.009,3.001,7200,2.999,13400,2.995,222500,2.992,6300,2.991,10000,2.99,11000,2.989,10600,2.986,7100,2.985,2500,2.98,3200,3.002,3000,3.005,20000,3.006,7500,3.013,6500,3.014,8200,3.016,4900,3.017,11000,3.019,1000,3.02,14000,3.027,5000
2020-08-18 14:51:54.360,3.001,100.0,3.019,2.999321,3.008,3.009,3.001,7100,2.999,10000,2.995,222500,2.992,1300,2.991,10000,2.99,11000,2.989,10600,2.986,7100,2.985,2500,2.98,3200,3.002,3000,3.005,20000,3.006,7500,3.013,6500,3.014,8200,3.016,4900,3.017,11000,3.019,1000,3.02,14000,3.027,5000
2020-08-18 14:52:04.470,3.002,3000.0,3.019,2.999327,3.008,3.009,3.002,400,3.001,7100,2.999,10000,2.995,222500,2.992,1300,2.991,10000,2.99,11000,2.989,10600,2.986,7100,2.985,2500,3.005,20000,3.006,7500,3.013,6500,3.014,8200,3.016,4900,3.017,11000,3.019,1000,3.02,14000,3.027,5000,3.028,1000
2020-08-18 14:52:56.820,3.002,1400.0,3.019,2.99933,3.009,3.009,3.001,7100,2.999,10000,2.995,222500,2.992,1300,2.991,10000,2.99,11000,2.989,10600,2.986,7100,2.985,2500,2.98,3200,3.002,600,3.005,20000,3.006,7500,3.013,6500,3.014,8200,3.016,4900,3.017,11000,3.019,1000,3.02,14000,3.027,5000
2020-08-18 14:53:14.940,3.002,600.0,3.019,2.999331,3.009,3.009,3.002,400,3.001,7100,2.999,10000,2.995,222500,2.992,1300,2.991,10000,2.99,11000,2.989,10600,2.986,7100,2.985,2500,3.005,20000,3.006,7500,3.013,6500,3.014,8200,3.016,4900,3.017,11000,3.019,1000,3.02,14000,3.027,5000,3.028,1000
2020-08-18 14:53:40.310,3.005,1000.0,3.019,2.999336,3.009,3.009,3.002,400,3.001,7100,2.999,10100,2.995,222500,2.992,1300,2.991,10000,2.99,11000,2.989,10600,2.986,7100,2.985,2500,3.005,19000,3.006,7500,3.013,6500,3.014,8200,3.016,4900,3.017,11000,3.019,1000,3.02,14000,3.027,5000,3.028,1000
2020-08-18 14:54:35.200,3.005,5000.0,3.019,2.999357,3.01,3.009,3.002,400,3.001,7100,2.999,10100,2.995,222500,2.992,1300,2.991,10000,2.99,11000,2.989,10600,2.986,7100,2.985,2500,3.005,14000,3.006,7500,3.013,6500,3.014,8200,3.016,4900,3.017,11000,3.019,1000,3.02,14000,3.027,5000,3.028,1000
2020-08-18 14:57:15.440,3.005,4200.0,3.019,2.999375,3.008,3.009,3.002,400,3.001,7100,2.999,10100,2.995,222500,2.992,1300,2.991,10000,2.99,11000,2.989,10600,2.986,7100,2.985,2500,3.005,9800,3.006,7500,3.014,8200,3.016,900,3.017,11000,3.019,1000,3.02,14000,3.027,5000,3.028,1000,3.029,100
2020-08-18 14:57:44.310,3.002,400.0,3.019,2.999375,3.008,3.009,3.001,7100,2.999,10100,2.995,222500,2.992,1300,2.991,10000,2.99,11000,2.989,10600,2.986,7100,2.985,2500,2.98,3200,3.002,4000,3.005,9900,3.006,7500,3.014,8200,3.016,900,3.017,11000,3.019,1000,3.02,14000,3.027,5000,3.028,1000
