Datetime,Price,Volume
2020-09-25 09:25:00.000,3.281,15000
2020-09-25 09:25:00.000,3.281,2800
2020-09-25 09:25:00.000,3.281,1400
2020-09-25 09:25:00.000,3.281,3000
2020-09-25 09:25:00.000,3.281,400
2020-09-25 09:25:00.000,3.281,400
2020-09-25 09:25:00.000,3.281,400
2020-09-25 09:25:00.000,3.281,1600
2020-09-25 09:25:00.000,3.281,10700
2020-09-25 09:25:00.000,3.281,1000
2020-09-25 09:25:00.000,3.281,5000
2020-09-25 09:25:00.000,3.281,600
2020-09-25 09:25:00.000,3.281,7700
2020-09-25 09:25:00.000,3.281,12300
2020-09-25 09:25:00.000,3.281,2000
2020-09-25 09:25:00.000,3.281,500
2020-09-25 09:25:00.000,3.281,10200
2020-09-25 09:25:00.000,3.281,13600
2020-09-25 09:25:00.000,3.281,11400
2020-09-25 09:25:00.000,3.281,100
2020-09-25 09:25:00.000,3.281,24200
2020-09-25 09:25:00.000,3.281,2600
2020-09-25 09:25:00.000,3.281,35200
2020-09-25 09:25:00.000,3.281,400
2020-09-25 09:25:00.000,3.281,500
2020-09-25 09:25:00.000,3.281,2300
2020-09-25 09:25:00.000,3.281,200
2020-09-25 09:25:00.000,3.281,500
2020-09-25 09:25:00.000,3.281,30000
2020-09-25 09:25:00.000,3.281,1600
2020-09-25 09:25:00.000,3.281,800
2020-09-25 09:25:00.000,3.281,1000
2020-09-25 09:25:00.000,3.281,200
2020-09-25 09:25:00.000,3.281,10000
2020-09-25 09:25:00.000,3.281,100
2020-09-25 09:25:00.000,3.281,600
2020-09-25 09:25:00.000,3.281,300
2020-09-25 09:25:00.000,3.281,600
2020-09-25 09:25:00.000,3.281,31500
2020-09-25 09:25:00.000,3.281,1600
2020-09-25 09:25:00.000,3.281,400
2020-09-25 09:25:00.000,3.281,500
2020-09-25 09:25:00.000,3.281,300
2020-09-25 09:25:00.000,3.281,200
2020-09-25 09:25:00.000,3.281,7400
2020-09-25 09:25:00.000,3.281,90000
2020-09-25 09:25:00.000,3.281,15200
2020-09-25 09:25:00.000,3.281,100000
2020-09-25 09:25:00.000,3.281,24400
2020-09-25 09:25:00.000,3.281,200
2020-09-25 09:25:00.000,3.281,100
2020-09-25 09:25:00.000,3.281,38200
2020-09-25 09:25:00.000,3.281,200
2020-09-25 09:25:00.000,3.281,100
2020-09-25 09:25:00.000,3.281,2000
2020-09-25 09:25:00.000,3.281,100
2020-09-25 09:25:00.000,3.281,1000
2020-09-25 09:25:00.000,3.281,300
2020-09-25 09:25:00.000,3.281,1000
2020-09-25 09:25:00.000,3.281,100
2020-09-25 09:25:00.000,3.281,1000
2020-09-25 09:25:00.000,3.281,1000
2020-09-25 09:25:00.000,3.281,200
2020-09-25 09:25:00.000,3.281,1000
2020-09-25 09:25:00.000,3.281,100
2020-09-25 09:25:00.000,3.281,100
2020-09-25 09:25:00.000,3.281,27000
2020-09-25 09:25:00.000,3.281,11900
2020-09-25 09:25:00.000,3.281,8100
2020-09-25 09:25:00.000,3.281,1000
2020-09-25 09:25:00.000,3.281,100
2020-09-25 09:25:00.000,3.281,100
2020-09-25 09:25:00.000,3.281,100
2020-09-25 09:25:00.000,3.281,26600
2020-09-25 09:25:00.000,3.281,3400
2020-09-25 09:25:00.000,3.281,7200
2020-09-25 09:25:00.000,3.281,4900
2020-09-25 09:25:00.000,3.281,3000
2020-09-25 09:25:00.000,3.281,2100
2020-09-25 09:25:00.000,3.281,100
2020-09-25 09:25:00.000,3.281,3100
2020-09-25 09:25:00.000,3.281,4700
2020-09-25 09:25:00.000,3.281,2000
2020-09-25 09:25:00.000,3.281,300
2020-09-25 09:25:00.000,3.281,1000
2020-09-25 09:25:00.000,3.281,100
2020-09-25 09:25:00.000,3.281,1900
2020-09-25 09:25:00.000,3.281,1000
2020-09-25 09:25:00.000,3.281,1000
2020-09-25 09:25:00.000,3.281,100
2020-09-25 09:25:00.000,3.281,400
2020-09-25 09:25:00.000,3.281,7600
2020-09-25 09:25:00.000,3.281,5900
2020-09-25 09:25:00.000,3.281,100
2020-09-25 09:25:00.000,3.281,500
2020-09-25 09:25:00.000,3.281,10000
2020-09-25 09:25:00.000,3.281,5400
2020-09-25 09:25:00.000,3.281,10000
2020-09-25 09:25:00.000,3.281,500
2020-09-25 09:25:00.000,3.281,1000
2020-09-25 09:25:00.000,3.281,5000
2020-09-25 09:25:00.000,3.281,1600
2020-09-25 09:25:00.000,3.281,300
2020-09-25 09:25:00.000,3.281,18100
2020-09-25 09:25:00.000,3.281,106400
2020-09-25 09:25:00.000,3.281,7000
2020-09-25 09:25:00.000,3.281,1800
2020-09-25 09:25:00.000,3.281,600
2020-09-25 09:25:00.000,3.281,12900
2020-09-25 09:25:00.000,3.281,37100
2020-09-25 09:25:00.000,3.281,1000
2020-09-25 09:25:00.000,3.281,10000
2020-09-25 09:25:00.000,3.281,2500
2020-09-25 09:25:00.000,3.281,1000
2020-09-25 09:25:00.000,3.281,600
2020-09-25 09:25:00.000,3.281,1200
2020-09-25 09:25:00.000,3.281,18300
2020-09-25 09:25:00.000,3.281,99100
2020-09-25 09:25:00.000,3.281,5000
2020-09-25 09:25:00.000,3.281,6200
2020-09-25 09:25:00.000,3.281,2000
2020-09-25 09:25:00.000,3.281,6000
2020-09-25 09:25:00.000,3.281,800
2020-09-25 09:25:00.000,3.281,19100
2020-09-25 09:25:00.000,3.281,1000
2020-09-25 09:25:00.000,3.281,10000
2020-09-25 09:25:00.000,3.281,2000
2020-09-25 09:25:00.000,3.281,607200
2020-09-25 09:25:00.000,3.281,400
2020-09-25 09:25:00.000,3.281,6000
2020-09-25 09:25:00.000,3.281,253500
2020-09-25 09:25:00.000,3.281,2000
2020-09-25 09:25:00.000,3.281,200
2020-09-25 09:25:00.000,3.281,3000
2020-09-25 09:25:00.000,3.281,10000
2020-09-25 09:25:00.000,3.281,3000
2020-09-25 09:25:00.000,3.281,200
2020-09-25 09:25:00.000,3.281,10000
2020-09-25 09:30:00.140,3.281,32000
2020-09-25 09:30:00.360,3.281,140300
2020-09-25 09:30:00.360,3.28,2000
2020-09-25 09:30:00.360,3.28,3100
2020-09-25 09:30:00.360,3.28,29900
2020-09-25 09:30:00.360,3.28,2700
2020-09-25 09:30:00.430,3.281,133000
2020-09-25 09:30:00.430,3.281,3000
2020-09-25 09:30:00.430,3.28,30000
2020-09-25 09:30:00.430,3.281,17100
2020-09-25 09:30:00.430,3.282,800
2020-09-25 09:30:00.430,3.282,1000
2020-09-25 09:30:00.430,3.282,200
2020-09-25 09:30:00.430,3.282,1000
2020-09-25 09:30:00.430,3.282,5000
2020-09-25 09:30:00.430,3.282,5400
2020-09-25 09:30:00.550,3.282,4600
2020-09-25 09:30:00.550,3.282,10000
2020-09-25 09:30:00.550,3.282,9000
2020-09-25 09:30:00.550,3.282,18200
2020-09-25 09:30:00.550,3.282,9100
2020-09-25 09:30:00.550,3.283,1000
2020-09-25 09:30:00.550,3.283,3000
2020-09-25 09:30:00.550,3.283,2000
2020-09-25 09:30:00.790,3.283,300
2020-09-25 09:30:00.790,3.283,4300
2020-09-25 09:30:00.790,3.282,13600
2020-09-25 09:30:00.790,3.281,2000
2020-09-25 09:30:00.790,3.281,10000
2020-09-25 09:30:00.790,3.281,6000
2020-09-25 09:30:00.790,3.281,21100
2020-09-25 09:30:00.910,3.283,2000
2020-09-25 09:30:00.910,3.281,300
2020-09-25 09:30:01.020,3.283,1400
2020-09-25 09:30:01.020,3.283,200
2020-09-25 09:30:01.020,3.283,10000
2020-09-25 09:30:01.020,3.283,3600
2020-09-25 09:30:01.020,3.283,6400
2020-09-25 09:30:01.020,3.283,19200
2020-09-25 09:30:01.020,3.283,800
2020-09-25 09:30:01.020,3.283,300
2020-09-25 09:30:01.020,3.283,3900
2020-09-25 09:30:01.020,3.282,500
2020-09-25 09:30:01.020,3.281,5500
2020-09-25 09:30:01.130,3.281,1000
2020-09-25 09:30:01.130,3.283,6100
2020-09-25 09:30:01.130,3.283,200
2020-09-25 09:30:01.130,3.283,10000
2020-09-25 09:30:01.130,3.284,5000
2020-09-25 09:30:01.130,3.284,10000
2020-09-25 09:30:01.130,3.284,1000
2020-09-25 09:30:01.130,3.284,100
2020-09-25 09:30:01.130,3.284,10000
2020-09-25 09:30:01.130,3.284,7700
2020-09-25 09:30:01.130,3.282,2600
2020-09-25 09:30:01.250,3.283,1300
2020-09-25 09:30:01.250,3.283,3700
2020-09-25 09:30:01.250,3.281,22100
2020-09-25 09:30:01.250,3.281,10600
2020-09-25 09:30:01.250,3.281,4100
2020-09-25 09:30:01.250,3.281,5000
2020-09-25 09:30:01.250,3.281,1000
2020-09-25 09:30:01.250,3.281,7000
2020-09-25 09:30:01.250,3.281,500
2020-09-25 09:30:01.250,3.281,6000
2020-09-25 09:30:01.250,3.281,1000
2020-09-25 09:30:01.250,3.281,100
2020-09-25 09:30:01.250,3.281,200
2020-09-25 09:30:01.250,3.281,100
2020-09-25 09:30:01.250,3.281,19400
2020-09-25 09:30:01.370,3.284,100
2020-09-25 09:30:01.370,3.284,3400
2020-09-25 09:30:01.490,3.284,3100
2020-09-25 09:30:01.610,3.281,5000
2020-09-25 09:30:01.610,3.284,7000
2020-09-25 09:30:01.610,3.284,10000
2020-09-25 09:30:01.610,3.284,7000
2020-09-25 09:30:01.610,3.284,14700
2020-09-25 09:30:01.610,3.284,10000
2020-09-25 09:30:01.610,3.284,20000
2020-09-25 09:30:01.610,3.284,100
2020-09-25 09:30:01.610,3.284,9200
2020-09-25 09:30:01.610,3.284,5200
2020-09-25 09:30:01.610,3.285,1000
2020-09-25 09:30:01.610,3.285,100
2020-09-25 09:30:01.610,3.285,1000
2020-09-25 09:30:01.610,3.285,1000
2020-09-25 09:30:01.610,3.285,10000
2020-09-25 09:30:01.610,3.285,5000
2020-09-25 09:30:01.610,3.285,1000
2020-09-25 09:30:01.610,3.285,10000
2020-09-25 09:30:01.610,3.285,16500
2020-09-25 09:30:01.610,3.285,30000
2020-09-25 09:30:01.610,3.285,3100
2020-09-25 09:30:01.610,3.285,1000
2020-09-25 09:30:01.610,3.285,37100
2020-09-25 09:30:01.610,3.282,600
2020-09-25 09:30:01.740,3.283,2000
2020-09-25 09:30:01.740,3.283,1100
2020-09-25 09:30:01.840,3.282,2100
2020-09-25 09:30:01.900,3.283,500
2020-09-25 09:30:01.900,3.282,100
2020-09-25 09:30:01.900,3.283,8400
2020-09-25 09:30:01.950,3.284,100
2020-09-25 09:30:02.170,3.283,24000
2020-09-25 09:30:02.170,3.283,24000
2020-09-25 09:30:02.240,3.283,11400
2020-09-25 09:30:02.240,3.283,7600
2020-09-25 09:30:02.370,3.284,4900
2020-09-25 09:30:02.370,3.284,100
2020-09-25 09:30:02.430,3.283,10100
2020-09-25 09:30:02.430,3.283,1000
2020-09-25 09:30:02.530,3.283,7800
2020-09-25 09:30:02.570,3.284,400
2020-09-25 09:30:02.570,3.284,1700
2020-09-25 09:30:02.610,3.283,1000
2020-09-25 09:30:02.790,3.283,15000
2020-09-25 09:30:02.880,3.283,1500
2020-09-25 09:30:02.970,3.283,40000
2020-09-25 09:30:03.020,3.283,100
2020-09-25 09:30:03.020,3.283,800
2020-09-25 09:30:03.020,3.283,10100
2020-09-25 09:30:03.450,3.283,100
2020-09-25 09:30:03.490,3.284,1000
2020-09-25 09:30:03.700,3.283,1000
2020-09-25 09:30:03.810,3.283,20000
2020-09-25 09:30:03.940,3.283,5000
2020-09-25 09:30:04.200,3.283,100000
2020-09-25 09:30:04.700,3.284,300
2020-09-25 09:30:04.770,3.284,17000
2020-09-25 09:30:04.770,3.284,12000
2020-09-25 09:30:04.770,3.284,500
2020-09-25 09:30:04.770,3.284,52800
2020-09-25 09:30:04.770,3.284,3000
2020-09-25 09:30:05.020,3.284,2000
2020-09-25 09:30:05.170,3.284,100000
2020-09-25 09:30:05.280,3.285,100
2020-09-25 09:30:05.280,3.284,4300
2020-09-25 09:30:05.320,3.284,1000
2020-09-25 09:30:05.440,3.284,2000
2020-09-25 09:30:05.510,3.284,5000
2020-09-25 09:30:05.760,3.284,2000
2020-09-25 09:30:05.790,3.284,1000
2020-09-25 09:30:06.140,3.284,2400
2020-09-25 09:30:06.710,3.284,3000
2020-09-25 09:30:07.030,3.285,3000
2020-09-25 09:30:07.030,3.285,10000
2020-09-25 09:30:07.030,3.285,100
2020-09-25 09:30:07.030,3.285,5000
2020-09-25 09:30:07.030,3.285,1000
2020-09-25 09:30:07.030,3.285,50000
2020-09-25 09:30:07.030,3.285,20000
2020-09-25 09:30:07.030,3.285,22100
2020-09-25 09:30:07.030,3.285,400
2020-09-25 09:30:07.030,3.285,400
2020-09-25 09:30:07.030,3.285,20000
2020-09-25 09:30:07.030,3.285,10000
2020-09-25 09:30:07.030,3.285,1000
2020-09-25 09:30:07.030,3.285,7000
2020-09-25 09:30:07.030,3.284,60000
2020-09-25 09:30:08.430,3.284,1500
2020-09-25 09:30:08.590,3.284,23100
2020-09-25 09:30:10.230,3.284,200
2020-09-25 09:30:10.800,3.285,12400
2020-09-25 09:30:10.800,3.285,2000
2020-09-25 09:30:10.800,3.285,10000
2020-09-25 09:30:10.870,3.285,10000
2020-09-25 09:30:11.420,3.285,7400
2020-09-25 09:30:13.940,3.285,800
2020-09-25 09:30:14.180,3.286,100
2020-09-25 09:30:14.180,3.286,200
2020-09-25 09:30:14.180,3.286,1000
2020-09-25 09:30:14.180,3.286,2000
2020-09-25 09:30:14.180,3.286,5000
2020-09-25 09:30:14.180,3.286,10000
2020-09-25 09:30:14.180,3.286,5000
2020-09-25 09:30:14.180,3.286,200
2020-09-25 09:30:14.180,3.286,6000
2020-09-25 09:30:14.180,3.286,3500
2020-09-25 09:30:14.180,3.286,100
2020-09-25 09:30:14.180,3.286,5300
2020-09-25 09:30:14.180,3.286,500
2020-09-25 09:30:14.180,3.286,4000
2020-09-25 09:30:14.180,3.286,100000
2020-09-25 09:30:14.180,3.286,1600
2020-09-25 09:30:14.180,3.286,100000
2020-09-25 09:30:14.180,3.286,20000
2020-09-25 09:30:14.180,3.286,2800
2020-09-25 09:30:14.520,3.286,3000
2020-09-25 09:30:15.100,3.286,6000
2020-09-25 09:30:15.720,3.286,1000
2020-09-25 09:30:15.990,3.286,7600
2020-09-25 09:30:17.500,3.285,3000
2020-09-25 09:30:17.780,3.287,100
2020-09-25 09:30:17.780,3.287,10000
2020-09-25 09:30:17.780,3.287,20000
2020-09-25 09:30:17.780,3.287,1000
2020-09-25 09:30:17.780,3.287,100
2020-09-25 09:30:17.780,3.287,10000
2020-09-25 09:30:17.780,3.287,500
2020-09-25 09:30:17.780,3.287,10000
2020-09-25 09:30:17.780,3.287,2600
2020-09-25 09:30:17.780,3.287,245700
2020-09-25 09:30:18.080,3.285,3000
2020-09-25 09:30:18.630,3.286,3000
2020-09-25 09:30:18.630,3.287,8700
2020-09-25 09:30:19.510,3.287,5000
2020-09-25 09:30:19.630,3.287,20000
2020-09-25 09:30:19.930,3.286,5800
2020-09-25 09:30:20.420,3.286,9000
2020-09-25 09:30:20.520,3.286,27100
2020-09-25 09:30:20.780,3.286,5000
2020-09-25 09:30:20.970,3.286,10000
2020-09-25 09:30:21.750,3.286,30000
2020-09-25 09:30:21.750,3.286,300
2020-09-25 09:30:21.810,3.287,5000
2020-09-25 09:30:21.910,3.286,10000
2020-09-25 09:30:22.630,3.287,6800
2020-09-25 09:30:23.610,3.287,3000
2020-09-25 09:30:23.910,3.287,12500
2020-09-25 09:30:24.220,3.287,193300
2020-09-25 09:30:24.220,3.287,4800
2020-09-25 09:30:24.220,3.287,101900
2020-09-25 09:30:24.220,3.287,12500
2020-09-25 09:30:24.610,3.287,12500
2020-09-25 09:30:24.770,3.287,10000
2020-09-25 09:30:24.970,3.287,12500
2020-09-25 09:30:25.240,3.287,12500
2020-09-25 09:30:26.250,3.286,2800
2020-09-25 09:30:26.250,3.286,5000
2020-09-25 09:30:26.250,3.286,20000
2020-09-25 09:30:26.250,3.286,1200
2020-09-25 09:30:26.370,3.286,21000
2020-09-25 09:30:26.490,3.286,10000
2020-09-25 09:30:27.090,3.286,2000
2020-09-25 09:30:27.090,3.286,100
2020-09-25 09:30:27.660,3.286,100
2020-09-25 09:30:28.610,3.286,5500
2020-09-25 09:30:28.750,3.287,110000
2020-09-25 09:30:28.890,3.286,6600
2020-09-25 09:30:28.950,3.286,24200
2020-09-25 09:30:28.950,3.286,10000
2020-09-25 09:30:29.200,3.287,306700
2020-09-25 09:30:29.200,3.287,10000
2020-09-25 09:30:29.200,3.287,15000
2020-09-25 09:30:29.200,3.287,1500
2020-09-25 09:30:29.200,3.287,10000
2020-09-25 09:30:29.200,3.287,6500
2020-09-25 09:30:29.200,3.287,100
2020-09-25 09:30:29.200,3.287,1500
2020-09-25 09:30:29.200,3.287,10000
2020-09-25 09:30:29.200,3.287,10000
2020-09-25 09:30:29.200,3.287,10000
2020-09-25 09:30:29.200,3.287,50000
2020-09-25 09:30:29.200,3.287,72000
2020-09-25 09:30:29.410,3.287,15100
2020-09-25 09:30:30.070,3.287,15300
2020-09-25 09:30:30.720,3.287,10000
2020-09-25 09:30:31.960,3.287,2500
2020-09-25 09:30:32.980,3.288,1000
2020-09-25 09:30:32.980,3.288,100
2020-09-25 09:30:32.980,3.288,80000
2020-09-25 09:30:32.980,3.288,10000
2020-09-25 09:30:32.980,3.288,60000
2020-09-25 09:30:32.980,3.288,2200
2020-09-25 09:30:32.980,3.288,400
2020-09-25 09:30:32.980,3.288,200
2020-09-25 09:30:32.980,3.288,1000
2020-09-25 09:30:32.980,3.288,50000
2020-09-25 09:30:32.980,3.288,10000
2020-09-25 09:30:32.980,3.288,5000
2020-09-25 09:30:32.980,3.288,10000
2020-09-25 09:30:32.980,3.288,2300
2020-09-25 09:30:32.980,3.288,10000
2020-09-25 09:30:32.980,3.288,10000
2020-09-25 09:30:32.980,3.288,7600
2020-09-25 09:30:32.980,3.288,5000
2020-09-25 09:30:32.980,3.288,500
2020-09-25 09:30:32.980,3.288,1600
2020-09-25 09:30:32.980,3.288,10000
2020-09-25 09:30:32.980,3.288,3000
2020-09-25 09:30:32.980,3.288,100
2020-09-25 09:30:32.980,3.288,20000
2020-09-25 09:30:34.330,3.288,9200
2020-09-25 09:30:34.550,3.288,22000
2020-09-25 09:30:34.550,3.288,10000
2020-09-25 09:30:34.940,3.289,100
2020-09-25 09:30:34.940,3.289,500
2020-09-25 09:30:34.940,3.289,400
2020-09-25 09:30:35.750,3.288,30000
2020-09-25 09:30:36.160,3.288,100
2020-09-25 09:30:36.160,3.289,9100
2020-09-25 09:30:36.160,3.289,10000
2020-09-25 09:30:36.160,3.289,1000
2020-09-25 09:30:36.160,3.289,60000
2020-09-25 09:30:36.160,3.289,30000
2020-09-25 09:30:36.160,3.289,5000
2020-09-25 09:30:36.160,3.289,1000
2020-09-25 09:30:36.160,3.289,10000
2020-09-25 09:30:36.160,3.289,1000
2020-09-25 09:30:36.160,3.289,61000
2020-09-25 09:30:36.160,3.289,6600
2020-09-25 09:30:36.160,3.289,10000
2020-09-25 09:30:36.160,3.289,5000
2020-09-25 09:30:36.160,3.289,10000
2020-09-25 09:30:36.160,3.289,10000
2020-09-25 09:30:36.160,3.289,70300
2020-09-25 09:30:37.440,3.288,1900
2020-09-25 09:30:38.060,3.288,100
2020-09-25 09:30:38.060,3.287,27000
2020-09-25 09:30:38.120,3.288,5500
2020-09-25 09:30:38.480,3.289,29700
2020-09-25 09:30:38.480,3.289,82400
2020-09-25 09:30:38.480,3.289,2500
2020-09-25 09:30:38.480,3.289,4300
2020-09-25 09:30:38.480,3.289,100000
2020-09-25 09:30:38.480,3.289,5000
2020-09-25 09:30:38.480,3.289,15000
2020-09-25 09:30:38.480,3.289,100
2020-09-25 09:30:38.480,3.289,5000
2020-09-25 09:30:38.480,3.289,1000
2020-09-25 09:30:38.480,3.289,55000
2020-09-25 09:30:38.710,3.289,45000
2020-09-25 09:30:38.710,3.289,10000
2020-09-25 09:30:38.710,3.289,30000
2020-09-25 09:30:38.710,3.289,400
2020-09-25 09:30:38.710,3.289,50000
2020-09-25 09:30:38.890,3.289,3000
2020-09-25 09:30:39.040,3.289,2000
2020-09-25 09:30:39.510,3.289,91800
2020-09-25 09:30:39.650,3.289,5000
2020-09-25 09:30:39.930,3.289,50000
2020-09-25 09:30:40.880,3.289,11000
2020-09-25 09:30:41.520,3.289,1800
2020-09-25 09:30:41.520,3.289,100
2020-09-25 09:30:41.520,3.288,8100
2020-09-25 09:30:42.570,3.288,3000
2020-09-25 09:30:43.190,3.288,10000
2020-09-25 09:30:43.870,3.288,197200
2020-09-25 09:30:43.900,3.288,3000
2020-09-25 09:30:45.440,3.289,700
2020-09-25 09:30:45.500,3.289,9300
2020-09-25 09:30:45.500,3.289,20700
2020-09-25 09:30:45.530,3.289,700
2020-09-25 09:30:45.750,3.288,100
2020-09-25 09:30:46.460,3.289,3100
2020-09-25 09:30:47.830,3.289,300
2020-09-25 09:30:48.900,3.288,10000
2020-09-25 09:30:48.930,3.289,22600
2020-09-25 09:30:49.170,3.288,3700
2020-09-25 09:30:49.650,3.288,500
2020-09-25 09:30:49.710,3.288,100
2020-09-25 09:30:50.260,3.289,2000
2020-09-25 09:30:51.480,3.288,58800
2020-09-25 09:30:51.480,3.288,40000
2020-09-25 09:30:51.480,3.288,2000
2020-09-25 09:30:51.480,3.288,399200
2020-09-25 09:30:51.670,3.288,4800
2020-09-25 09:30:52.260,3.288,10000
2020-09-25 09:30:52.350,3.288,5000
2020-09-25 09:30:52.860,3.289,10100
2020-09-25 09:30:54.110,3.288,3000
2020-09-25 09:30:54.720,3.288,20000
2020-09-25 09:30:54.790,3.288,10000
2020-09-25 09:30:55.610,3.288,448000
2020-09-25 09:30:55.610,3.288,1000
2020-09-25 09:30:55.610,3.288,300
2020-09-25 09:30:55.610,3.288,20000
2020-09-25 09:30:55.610,3.287,500
2020-09-25 09:30:55.610,3.287,314000
2020-09-25 09:30:55.610,3.287,4800
2020-09-25 09:30:55.610,3.286,53600
2020-09-25 09:30:55.610,3.286,700
2020-09-25 09:30:55.610,3.286,93000
2020-09-25 09:30:55.610,3.286,1000
2020-09-25 09:30:55.610,3.286,60900
2020-09-25 09:30:55.610,3.286,2200
2020-09-25 09:30:55.640,3.289,10000
2020-09-25 09:30:57.490,3.287,1000
2020-09-25 09:30:57.490,3.286,2200
2020-09-25 09:30:57.610,3.288,93000
2020-09-25 09:30:57.610,3.288,111800
2020-09-25 09:30:57.610,3.288,20000
2020-09-25 09:30:57.610,3.289,230600
2020-09-25 09:30:57.610,3.289,10000
2020-09-25 09:30:57.610,3.289,2900
2020-09-25 09:30:57.610,3.289,200
2020-09-25 09:30:57.610,3.289,100
2020-09-25 09:30:57.610,3.289,1000
2020-09-25 09:30:57.610,3.289,7500
2020-09-25 09:30:57.610,3.289,2000
2020-09-25 09:30:57.610,3.289,103700
2020-09-25 09:30:57.610,3.289,9000
2020-09-25 09:30:57.610,3.289,1300
2020-09-25 09:30:57.610,3.289,2200
2020-09-25 09:30:57.610,3.289,5300
2020-09-25 09:30:57.610,3.289,10000
2020-09-25 09:30:57.610,3.289,38500
2020-09-25 09:30:57.610,3.289,100900
2020-09-25 09:30:58.440,3.288,10000
2020-09-25 09:30:58.480,3.286,32900
2020-09-25 09:30:58.480,3.285,65700
2020-09-25 09:30:59.330,3.289,10000
2020-09-25 09:31:00.550,3.285,2000
2020-09-25 09:31:01.030,3.285,6000
2020-09-25 09:31:01.200,3.285,49300
2020-09-25 09:31:01.260,3.286,2700
2020-09-25 09:31:01.330,3.286,7300
2020-09-25 09:31:01.330,3.285,1400
2020-09-25 09:31:01.840,3.286,10000
2020-09-25 09:31:01.840,3.286,10000
2020-09-25 09:31:01.840,3.285,127000
2020-09-25 09:31:01.840,3.285,1000
2020-09-25 09:31:01.840,3.285,1100
2020-09-25 09:31:01.840,3.285,5500
2020-09-25 09:31:01.840,3.285,100
2020-09-25 09:31:01.840,3.285,3000
2020-09-25 09:31:01.840,3.285,109000
2020-09-25 09:31:02.090,3.288,300
2020-09-25 09:31:05.590,3.286,10000
2020-09-25 09:31:05.590,3.286,10000
2020-09-25 09:31:05.590,3.286,4700
2020-09-25 09:31:05.740,3.288,1000
2020-09-25 09:31:05.830,3.286,5300
2020-09-25 09:31:05.830,3.286,10000
2020-09-25 09:31:05.830,3.286,4700
2020-09-25 09:31:06.480,3.286,5300
2020-09-25 09:31:06.840,3.287,400
2020-09-25 09:31:07.080,3.287,36600
2020-09-25 09:31:07.410,3.286,1100
2020-09-25 09:31:07.410,3.288,700
2020-09-25 09:31:07.410,3.288,3200
2020-09-25 09:31:08.980,3.285,164700
2020-09-25 09:31:09.240,3.286,500
2020-09-25 09:31:09.240,3.286,500
2020-09-25 09:31:12.650,3.286,800
2020-09-25 09:31:13.640,3.285,1000
2020-09-25 09:31:13.690,3.285,300
2020-09-25 09:31:14.040,3.284,600
2020-09-25 09:31:15.710,3.285,200
2020-09-25 09:31:15.710,3.285,5000
2020-09-25 09:31:15.710,3.286,3100
2020-09-25 09:31:15.710,3.286,30000
2020-09-25 09:31:15.710,3.286,23000
2020-09-25 09:31:15.710,3.286,27200
2020-09-25 09:31:15.710,3.286,100000
2020-09-25 09:31:15.710,3.286,120000
2020-09-25 09:31:15.710,3.286,2000
2020-09-25 09:31:15.710,3.286,3000
2020-09-25 09:31:15.710,3.286,400
2020-09-25 09:31:15.710,3.286,5000
2020-09-25 09:31:15.710,3.287,100000
2020-09-25 09:31:15.710,3.287,40000
2020-09-25 09:31:15.710,3.287,40000
2020-09-25 09:31:15.710,3.287,200
2020-09-25 09:31:15.710,3.287,1000
2020-09-25 09:31:15.710,3.288,1800
2020-09-25 09:31:15.710,3.288,5300
2020-09-25 09:31:15.710,3.288,3600
2020-09-25 09:31:15.710,3.288,179900
2020-09-25 09:31:15.710,3.288,14500
2020-09-25 09:31:15.710,3.288,6400
2020-09-25 09:31:15.710,3.288,2000
2020-09-25 09:31:15.710,3.288,174600
2020-09-25 09:31:15.710,3.288,5000
2020-09-25 09:31:15.710,3.288,105200
2020-09-25 09:31:16.260,3.288,115667
2020-09-25 09:31:16.260,3.288,84333
2020-09-25 09:31:16.290,3.284,9400
2020-09-25 09:31:16.290,3.284,50000
2020-09-25 09:31:16.290,3.284,40600
2020-09-25 09:31:16.580,3.285,200
2020-09-25 09:31:17.480,3.284,12300
2020-09-25 09:31:17.860,3.284,100
2020-09-25 09:31:18.520,3.284,67000
2020-09-25 09:31:19.010,3.285,3300
2020-09-25 09:31:19.010,3.285,8400
2020-09-25 09:31:19.010,3.286,2900
2020-09-25 09:31:19.010,3.286,15400
2020-09-25 09:31:20.730,3.284,800
2020-09-25 09:31:20.880,3.284,3000
2020-09-25 09:31:20.910,3.284,500
2020-09-25 09:31:21.780,3.284,30000
2020-09-25 09:31:22.410,3.284,5000
2020-09-25 09:31:23.300,3.284,2000
2020-09-25 09:31:23.650,3.284,3000
2020-09-25 09:31:23.900,3.284,37000
2020-09-25 09:31:23.930,3.284,5000
2020-09-25 09:31:23.960,3.284,30000
2020-09-25 09:31:24.120,3.285,20000
2020-09-25 09:31:24.180,3.284,1000
2020-09-25 09:31:24.940,3.284,10000
2020-09-25 09:31:25.890,3.285,5000
2020-09-25 09:31:25.890,3.285,4000
2020-09-25 09:31:27.430,3.285,6200
2020-09-25 09:31:27.930,3.285,1200
2020-09-25 09:31:28.720,3.285,4400
2020-09-25 09:31:28.930,3.285,1000
2020-09-25 09:31:29.570,3.285,500
2020-09-25 09:31:29.630,3.285,20000
2020-09-25 09:31:30.280,3.285,1300
2020-09-25 09:31:31.630,3.286,700
2020-09-25 09:31:31.630,3.286,6000
2020-09-25 09:31:31.630,3.286,5000
2020-09-25 09:31:31.630,3.286,1500
2020-09-25 09:31:31.630,3.286,6900
2020-09-25 09:31:32.020,3.285,6100
2020-09-25 09:31:32.430,3.285,2000
2020-09-25 09:31:33.110,3.286,100
2020-09-25 09:31:33.390,3.285,5800
2020-09-25 09:31:33.390,3.285,1200
2020-09-25 09:31:33.390,3.285,1000
2020-09-25 09:31:33.390,3.285,100
2020-09-25 09:31:33.390,3.285,1900
2020-09-25 09:31:33.670,3.285,500
2020-09-25 09:31:34.220,3.285,1000
2020-09-25 09:31:35.030,3.285,2800
2020-09-25 09:31:35.030,3.285,3400
2020-09-25 09:31:35.940,3.286,1700
2020-09-25 09:31:35.970,3.285,2600
2020-09-25 09:31:35.970,3.285,400
2020-09-25 09:31:36.860,3.285,4300
2020-09-25 09:31:37.720,3.285,100
2020-09-25 09:31:37.840,3.285,100
2020-09-25 09:31:40.470,3.285,9900
2020-09-25 09:31:42.440,3.285,10100
2020-09-25 09:31:42.440,3.285,300
2020-09-25 09:31:42.440,3.285,300
2020-09-25 09:31:42.440,3.285,2500
2020-09-25 09:31:42.440,3.285,5000
2020-09-25 09:31:42.440,3.285,300
2020-09-25 09:31:42.440,3.285,8900
2020-09-25 09:31:44.870,3.284,2100
2020-09-25 09:31:45.030,3.285,100
2020-09-25 09:31:45.260,3.284,700
2020-09-25 09:31:47.090,3.284,40000
2020-09-25 09:31:47.610,3.284,2500
2020-09-25 09:31:47.840,3.284,2000
2020-09-25 09:31:48.160,3.285,1000
2020-09-25 09:31:48.840,3.285,100
2020-09-25 09:31:48.900,3.284,3000
2020-09-25 09:31:49.080,3.285,10000
2020-09-25 09:31:49.080,3.285,100
2020-09-25 09:31:50.580,3.284,2400
2020-09-25 09:31:50.580,3.284,35000
2020-09-25 09:31:50.580,3.284,1600
2020-09-25 09:31:50.580,3.284,1000
2020-09-25 09:31:50.680,3.284,29000
2020-09-25 09:31:51.660,3.284,5100
2020-09-25 09:31:52.570,3.284,100
2020-09-25 09:31:53.590,3.284,500
2020-09-25 09:31:53.590,3.284,1000
2020-09-25 09:31:54.440,3.283,11100
2020-09-25 09:31:54.440,3.283,3600
2020-09-25 09:31:54.710,3.284,100
2020-09-25 09:31:54.770,3.284,14200
2020-09-25 09:31:54.770,3.284,4400
2020-09-25 09:31:55.950,3.284,35600
2020-09-25 09:31:55.950,3.284,45400
2020-09-25 09:31:56.410,3.284,150700
2020-09-25 09:31:56.930,3.284,100
2020-09-25 09:31:57.030,3.284,5000
2020-09-25 09:31:57.910,3.284,3000
2020-09-25 09:31:59.590,3.284,700
2020-09-25 09:32:00.850,3.284,100
2020-09-25 09:32:03.450,3.283,3000
2020-09-25 09:32:05.140,3.283,3400
2020-09-25 09:32:05.140,3.283,300
2020-09-25 09:32:05.140,3.283,10000
2020-09-25 09:32:05.140,3.283,5000
2020-09-25 09:32:05.140,3.283,2100
2020-09-25 09:32:05.140,3.283,9200
2020-09-25 09:32:05.700,3.283,10800
2020-09-25 09:32:08.090,3.283,600
2020-09-25 09:32:08.600,3.283,200
2020-09-25 09:32:09.130,3.283,10000
2020-09-25 09:32:09.970,3.283,3100
2020-09-25 09:32:11.070,3.283,3000
2020-09-25 09:32:11.780,3.283,2300
2020-09-25 09:32:11.780,3.283,700
2020-09-25 09:32:11.850,3.283,13900
2020-09-25 09:32:11.850,3.283,33400
2020-09-25 09:32:11.850,3.283,7500
2020-09-25 09:32:11.850,3.283,2000
2020-09-25 09:32:11.850,3.283,500
2020-09-25 09:32:11.850,3.283,500
2020-09-25 09:32:11.850,3.283,2300
2020-09-25 09:32:11.850,3.283,5500
2020-09-25 09:32:12.050,3.283,24700
2020-09-25 09:32:15.550,3.283,2000
2020-09-25 09:32:17.860,3.284,10000
2020-09-25 09:32:18.470,3.284,10000
2020-09-25 09:32:18.790,3.284,10000
2020-09-25 09:32:18.910,3.284,10000
2020-09-25 09:32:19.000,3.284,200
2020-09-25 09:32:19.410,3.284,1000
2020-09-25 09:32:19.620,3.284,53800
2020-09-25 09:32:19.620,3.284,5000
2020-09-25 09:32:19.620,3.284,10000
2020-09-25 09:32:19.620,3.284,3000
2020-09-25 09:32:19.620,3.284,100000
2020-09-25 09:32:19.620,3.284,300
2020-09-25 09:32:19.620,3.284,6500
2020-09-25 09:32:19.620,3.284,73700
2020-09-25 09:32:20.640,3.284,10000
2020-09-25 09:32:22.840,3.284,5800
2020-09-25 09:32:22.840,3.284,700
2020-09-25 09:32:23.020,3.284,5400
2020-09-25 09:32:23.220,3.285,69800
2020-09-25 09:32:23.220,3.285,10000
2020-09-25 09:32:23.220,3.285,500
2020-09-25 09:32:23.220,3.285,9500
2020-09-25 09:32:23.220,3.285,5000
2020-09-25 09:32:23.220,3.285,5000
2020-09-25 09:32:23.220,3.285,6400
2020-09-25 09:32:23.220,3.285,8400
2020-09-25 09:32:24.880,3.285,40000
2020-09-25 09:32:25.390,3.285,50000
2020-09-25 09:32:26.910,3.285,4000
2020-09-25 09:32:27.090,3.286,500
2020-09-25 09:32:27.090,3.286,500
2020-09-25 09:32:27.090,3.286,60000
2020-09-25 09:32:27.090,3.286,8100
2020-09-25 09:32:27.090,3.286,2000
2020-09-25 09:32:27.090,3.286,5900
2020-09-25 09:32:28.870,3.285,500
2020-09-25 09:32:28.980,3.286,9100
2020-09-25 09:32:28.980,3.286,1100
2020-09-25 09:32:28.980,3.286,700
2020-09-25 09:32:29.940,3.286,3300
2020-09-25 09:32:29.940,3.286,26000
2020-09-25 09:32:29.940,3.286,5000
2020-09-25 09:32:29.940,3.286,2000
2020-09-25 09:32:29.940,3.286,4000
2020-09-25 09:32:29.940,3.286,800
2020-09-25 09:32:29.940,3.286,1500
2020-09-25 09:32:29.940,3.286,1700
2020-09-25 09:32:29.940,3.286,3000
2020-09-25 09:32:29.940,3.286,2000
2020-09-25 09:32:31.630,3.286,1000
2020-09-25 09:32:31.630,3.286,5900
2020-09-25 09:32:33.170,3.286,1000
2020-09-25 09:32:34.250,3.286,900
2020-09-25 09:32:34.250,3.286,100
2020-09-25 09:32:35.020,3.285,13500
2020-09-25 09:32:35.070,3.286,100
2020-09-25 09:32:36.410,3.285,7600
2020-09-25 09:32:37.680,3.286,1000
2020-09-25 09:32:38.230,3.286,114200
2020-09-25 09:32:39.070,3.285,3800
2020-09-25 09:32:39.070,3.285,2000
2020-09-25 09:32:45.820,3.285,7000
2020-09-25 09:32:45.980,3.285,10000
2020-09-25 09:32:46.140,3.285,3000
2020-09-25 09:32:48.380,3.284,1500
2020-09-25 09:32:48.930,3.284,20000
2020-09-25 09:32:49.050,3.285,1000
2020-09-25 09:32:49.190,3.285,1000
2020-09-25 09:32:49.280,3.284,4000
2020-09-25 09:32:49.280,3.284,2000
2020-09-25 09:32:49.730,3.285,400
2020-09-25 09:32:49.880,3.284,8000
2020-09-25 09:32:49.880,3.284,10000
2020-09-25 09:32:49.880,3.284,10000
2020-09-25 09:32:49.880,3.284,1500
2020-09-25 09:32:49.880,3.284,200
2020-09-25 09:32:49.880,3.284,5000
2020-09-25 09:32:49.880,3.284,2000
2020-09-25 09:32:49.880,3.284,200
2020-09-25 09:32:50.920,3.284,1000
2020-09-25 09:32:51.210,3.284,7100
2020-09-25 09:32:51.210,3.285,2900
2020-09-25 09:32:51.670,3.285,500
2020-09-25 09:32:54.370,3.283,6100
2020-09-25 09:32:55.520,3.284,4000
2020-09-25 09:32:55.520,3.284,17000
2020-09-25 09:32:55.990,3.284,1000
2020-09-25 09:32:56.220,3.283,10000
2020-09-25 09:32:56.980,3.284,3000
2020-09-25 09:32:58.020,3.284,5000
2020-09-25 09:33:01.250,3.283,3900
2020-09-25 09:33:01.250,3.283,100
2020-09-25 09:33:01.250,3.283,500
2020-09-25 09:33:01.250,3.283,2000
2020-09-25 09:33:01.250,3.283,300
2020-09-25 09:33:01.250,3.283,2000
2020-09-25 09:33:01.250,3.283,100000
2020-09-25 09:33:01.250,3.283,7300
2020-09-25 09:33:01.250,3.283,5000
2020-09-25 09:33:02.450,3.283,100
2020-09-25 09:33:04.000,3.283,43700
2020-09-25 09:33:04.900,3.283,20000
2020-09-25 09:33:07.130,3.283,20000
2020-09-25 09:33:08.560,3.283,500
2020-09-25 09:33:08.930,3.282,300
2020-09-25 09:33:08.930,3.282,15200
2020-09-25 09:33:08.930,3.282,1000
2020-09-25 09:33:08.930,3.282,3000
2020-09-25 09:33:08.930,3.282,600
2020-09-25 09:33:08.930,3.282,1000
2020-09-25 09:33:08.930,3.282,100
2020-09-25 09:33:08.930,3.282,15000
2020-09-25 09:33:08.930,3.282,1000
2020-09-25 09:33:08.930,3.282,10000
2020-09-25 09:33:08.930,3.282,100
2020-09-25 09:33:08.930,3.282,2000
2020-09-25 09:33:08.930,3.282,3200
2020-09-25 09:33:08.930,3.282,3000
2020-09-25 09:33:08.930,3.282,2700
2020-09-25 09:33:09.360,3.282,100000
2020-09-25 09:33:10.130,3.282,1000
2020-09-25 09:33:10.130,3.282,100
2020-09-25 09:33:10.690,3.282,600
2020-09-25 09:33:10.720,3.281,5000
2020-09-25 09:33:10.720,3.281,400
2020-09-25 09:33:10.720,3.281,7000
2020-09-25 09:33:11.960,3.282,800
2020-09-25 09:33:12.620,3.282,10000
2020-09-25 09:33:13.020,3.282,65100
2020-09-25 09:33:13.050,3.282,800
2020-09-25 09:33:13.580,3.282,10000
2020-09-25 09:33:15.050,3.282,200
2020-09-25 09:33:15.670,3.281,10000
2020-09-25 09:33:15.790,3.282,203200
2020-09-25 09:33:15.790,3.282,2000
2020-09-25 09:33:15.790,3.282,50000
2020-09-25 09:33:17.640,3.283,9000
2020-09-25 09:33:17.860,3.282,16700
2020-09-25 09:33:17.950,3.282,28100
2020-09-25 09:33:17.950,3.282,1000
2020-09-25 09:33:17.950,3.282,1900
2020-09-25 09:33:17.950,3.282,500
2020-09-25 09:33:17.950,3.281,28000
2020-09-25 09:33:18.610,3.282,300
2020-09-25 09:33:19.190,3.282,1500
2020-09-25 09:33:19.190,3.282,500
2020-09-25 09:33:21.910,3.282,3000
2020-09-25 09:33:24.310,3.283,10000
2020-09-25 09:33:25.320,3.282,6500
2020-09-25 09:33:25.320,3.282,13500
2020-09-25 09:33:25.620,3.282,9500
2020-09-25 09:33:25.620,3.282,500
2020-09-25 09:33:27.710,3.282,300
2020-09-25 09:33:27.740,3.283,1000
2020-09-25 09:33:30.100,3.282,4200
2020-09-25 09:33:30.100,3.282,500
2020-09-25 09:33:30.100,3.282,6000
2020-09-25 09:33:30.100,3.282,19300
2020-09-25 09:33:30.530,3.282,2900
2020-09-25 09:33:30.530,3.283,500
2020-09-25 09:33:34.190,3.282,2800
2020-09-25 09:33:34.400,3.282,1000
2020-09-25 09:33:34.400,3.282,1000
2020-09-25 09:33:36.340,3.282,12400
2020-09-25 09:33:36.340,3.282,10000
2020-09-25 09:33:36.340,3.282,3100
2020-09-25 09:33:36.340,3.282,4500
2020-09-25 09:33:36.400,3.282,5500
2020-09-25 09:33:36.400,3.282,200
2020-09-25 09:33:36.400,3.282,100
2020-09-25 09:33:36.400,3.282,600
2020-09-25 09:33:38.350,3.282,1500
2020-09-25 09:33:38.440,3.282,200
2020-09-25 09:33:42.080,3.282,200
2020-09-25 09:33:42.660,3.282,1000
2020-09-25 09:33:43.090,3.282,100
2020-09-25 09:33:43.700,3.282,30000
2020-09-25 09:33:43.790,3.281,10000
2020-09-25 09:33:45.340,3.282,3000
2020-09-25 09:33:45.630,3.282,5000
2020-09-25 09:33:49.200,3.281,600
2020-09-25 09:33:52.540,3.281,3500
2020-09-25 09:33:53.130,3.282,100
2020-09-25 09:33:54.960,3.281,3000
2020-09-25 09:33:54.990,3.282,72400
2020-09-25 09:33:54.990,3.282,100000
2020-09-25 09:33:54.990,3.282,2800
2020-09-25 09:33:54.990,3.282,20000
2020-09-25 09:33:54.990,3.282,10000
2020-09-25 09:33:54.990,3.282,94800
2020-09-25 09:33:55.170,3.281,197900
2020-09-25 09:33:55.170,3.281,500
2020-09-25 09:33:55.170,3.281,10000
2020-09-25 09:33:55.170,3.281,800
2020-09-25 09:33:55.170,3.281,90800
2020-09-25 09:33:56.220,3.281,3000
2020-09-25 09:33:57.080,3.281,100
2020-09-25 09:33:58.080,3.282,4100
2020-09-25 09:33:58.270,3.282,1100
2020-09-25 09:33:58.450,3.282,4100
2020-09-25 09:33:59.100,3.282,1400
2020-09-25 09:33:59.250,3.283,400
2020-09-25 09:34:00.640,3.282,10000
2020-09-25 09:34:00.670,3.282,20000
2020-09-25 09:34:00.760,3.282,800
2020-09-25 09:34:02.780,3.281,2000
2020-09-25 09:34:03.200,3.282,5000
2020-09-25 09:34:04.240,3.282,300000
2020-09-25 09:34:04.600,3.281,900
2020-09-25 09:34:04.820,3.282,10000
2020-09-25 09:34:07.080,3.281,500
2020-09-25 09:34:07.310,3.282,104200
2020-09-25 09:34:09.830,3.281,500
2020-09-25 09:34:09.890,3.281,25200
2020-09-25 09:34:10.240,3.281,10000
2020-09-25 09:34:10.790,3.281,1000
2020-09-25 09:34:11.080,3.282,1000
2020-09-25 09:34:11.080,3.282,4000
2020-09-25 09:34:11.250,3.282,1700
2020-09-25 09:34:11.860,3.282,6700
2020-09-25 09:34:11.860,3.282,3300
2020-09-25 09:34:12.400,3.282,300
2020-09-25 09:34:12.400,3.282,9700
2020-09-25 09:34:12.450,3.282,5500
2020-09-25 09:34:12.660,3.282,4500
2020-09-25 09:34:12.660,3.282,2500
2020-09-25 09:34:13.350,3.282,7500
2020-09-25 09:34:13.350,3.282,10000
2020-09-25 09:34:13.350,3.282,10000
2020-09-25 09:34:13.350,3.281,22500
2020-09-25 09:34:13.490,3.281,21000
2020-09-25 09:34:16.310,3.283,15600
2020-09-25 09:34:17.300,3.283,28100
2020-09-25 09:34:17.300,3.283,10000
2020-09-25 09:34:17.300,3.283,261900
2020-09-25 09:34:17.960,3.282,1200
2020-09-25 09:34:17.960,3.282,4400
2020-09-25 09:34:17.960,3.282,10000
2020-09-25 09:34:17.960,3.282,1300
2020-09-25 09:34:17.960,3.282,500
2020-09-25 09:34:17.960,3.281,82600
2020-09-25 09:34:18.410,3.283,38100
2020-09-25 09:34:18.410,3.283,1000
2020-09-25 09:34:18.410,3.283,400
2020-09-25 09:34:18.410,3.283,5000
2020-09-25 09:34:18.410,3.283,137400
2020-09-25 09:34:19.260,3.283,500
2020-09-25 09:34:19.870,3.283,3400
2020-09-25 09:34:22.440,3.283,10000
2020-09-25 09:34:23.040,3.283,14600
2020-09-25 09:34:23.280,3.283,500
2020-09-25 09:34:24.080,3.283,5100
2020-09-25 09:34:24.470,3.283,16900
2020-09-25 09:34:28.270,3.283,3800
2020-09-25 09:34:29.350,3.283,3000
2020-09-25 09:34:32.690,3.284,1000
2020-09-25 09:34:32.690,3.284,200
2020-09-25 09:34:32.690,3.284,9000
2020-09-25 09:34:32.690,3.284,1000
2020-09-25 09:34:33.380,3.284,10000
2020-09-25 09:34:33.800,3.283,8200
2020-09-25 09:34:34.030,3.283,800
2020-09-25 09:34:34.450,3.284,200
2020-09-25 09:34:35.510,3.284,10000
2020-09-25 09:34:35.930,3.284,10000
2020-09-25 09:34:38.120,3.283,50000
2020-09-25 09:34:38.930,3.284,3100
2020-09-25 09:34:40.550,3.284,300
2020-09-25 09:34:43.460,3.284,5000
2020-09-25 09:34:43.990,3.283,1300
2020-09-25 09:34:43.990,3.283,7900
2020-09-25 09:34:43.990,3.283,12200
2020-09-25 09:34:46.350,3.283,2800
2020-09-25 09:34:47.930,3.284,400
2020-09-25 09:34:47.930,3.284,100
2020-09-25 09:34:48.820,3.283,4800
2020-09-25 09:34:49.790,3.283,3500
2020-09-25 09:34:51.080,3.284,200
2020-09-25 09:34:51.480,3.283,10000
2020-09-25 09:34:54.980,3.284,100
2020-09-25 09:34:56.240,3.284,100
2020-09-25 09:34:56.240,3.284,500
2020-09-25 09:34:57.390,3.284,200
2020-09-25 09:34:57.450,3.283,1000
2020-09-25 09:34:58.200,3.283,15700
2020-09-25 09:34:58.200,3.283,10000
2020-09-25 09:34:58.200,3.283,400
2020-09-25 09:34:58.200,3.283,20000
2020-09-25 09:34:58.200,3.283,10000
2020-09-25 09:34:58.680,3.283,600
2020-09-25 09:34:59.510,3.282,5000
2020-09-25 09:35:00.160,3.283,15200
2020-09-25 09:35:00.370,3.283,10000
2020-09-25 09:35:00.510,3.283,15000
2020-09-25 09:35:01.350,3.283,100000
2020-09-25 09:35:01.710,3.282,37900
2020-09-25 09:35:01.710,3.282,3000
2020-09-25 09:35:01.710,3.282,3100
2020-09-25 09:35:01.710,3.282,3000
2020-09-25 09:35:01.710,3.282,10000
2020-09-25 09:35:01.710,3.282,31300
2020-09-25 09:35:01.710,3.282,10000
2020-09-25 09:35:01.710,3.282,100
2020-09-25 09:35:04.300,3.282,10300
2020-09-25 09:35:04.830,3.282,61000
2020-09-25 09:35:06.830,3.281,1000
2020-09-25 09:35:08.060,3.283,600
2020-09-25 09:35:08.150,3.283,10000
2020-09-25 09:35:08.470,3.283,10000
2020-09-25 09:35:08.680,3.283,10000
2020-09-25 09:35:10.850,3.282,2000
2020-09-25 09:35:10.970,3.283,15000
2020-09-25 09:35:12.610,3.283,300
2020-09-25 09:35:12.970,3.282,8000
2020-09-25 09:35:12.970,3.282,2000
2020-09-25 09:35:13.100,3.282,800
2020-09-25 09:35:13.770,3.282,7200
2020-09-25 09:35:13.770,3.282,4500
2020-09-25 09:35:14.510,3.282,5000
2020-09-25 09:35:15.910,3.283,100
2020-09-25 09:35:16.350,3.282,500
2020-09-25 09:35:16.350,3.282,10000
2020-09-25 09:35:16.350,3.282,4500
2020-09-25 09:35:16.350,3.282,10000
2020-09-25 09:35:16.350,3.282,5000
2020-09-25 09:35:17.870,3.282,5000
2020-09-25 09:35:17.870,3.282,10000
2020-09-25 09:35:17.870,3.282,10000
2020-09-25 09:35:17.870,3.282,800
2020-09-25 09:35:19.900,3.282,10000
2020-09-25 09:35:21.800,3.282,10000
2020-09-25 09:35:21.860,3.282,10000
2020-09-25 09:35:21.920,3.282,10000
2020-09-25 09:35:22.060,3.282,101600
2020-09-25 09:35:22.170,3.282,10000
2020-09-25 09:35:22.670,3.282,10000
2020-09-25 09:35:22.910,3.282,10000
2020-09-25 09:35:23.000,3.282,102600
2020-09-25 09:35:23.000,3.282,80000
2020-09-25 09:35:25.500,3.282,79000
2020-09-25 09:35:25.590,3.283,10000
2020-09-25 09:35:26.000,3.283,10000
2020-09-25 09:35:26.350,3.283,37100
2020-09-25 09:35:26.350,3.283,58400
2020-09-25 09:35:26.440,3.282,100
2020-09-25 09:35:26.820,3.282,6000
2020-09-25 09:35:27.120,3.282,31900
2020-09-25 09:35:27.230,3.283,290000
2020-09-25 09:35:27.500,3.283,39300
2020-09-25 09:35:27.710,3.283,5000
2020-09-25 09:35:27.860,3.282,400
2020-09-25 09:35:28.040,3.282,600
2020-09-25 09:35:28.040,3.283,54600
2020-09-25 09:35:28.100,3.281,38900
2020-09-25 09:35:28.100,3.281,100
2020-09-25 09:35:28.100,3.281,400
2020-09-25 09:35:28.100,3.281,600
2020-09-25 09:35:28.100,3.281,10000
2020-09-25 09:35:28.100,3.281,10000
2020-09-25 09:35:28.100,3.281,200
2020-09-25 09:35:28.100,3.281,500
2020-09-25 09:35:28.100,3.281,30400
2020-09-25 09:35:28.100,3.281,2000
2020-09-25 09:35:28.100,3.281,100
2020-09-25 09:35:28.100,3.281,10000
2020-09-25 09:35:28.100,3.281,30500
2020-09-25 09:35:28.100,3.281,10000
2020-09-25 09:35:28.100,3.281,2000
2020-09-25 09:35:28.100,3.281,10000
2020-09-25 09:35:28.100,3.281,1900
2020-09-25 09:35:28.100,3.281,1000
2020-09-25 09:35:28.100,3.281,10000
2020-09-25 09:35:28.100,3.281,2600
2020-09-25 09:35:28.100,3.281,600
2020-09-25 09:35:28.100,3.281,5000
2020-09-25 09:35:28.100,3.281,500
2020-09-25 09:35:28.100,3.281,10000
2020-09-25 09:35:28.100,3.281,4000
2020-09-25 09:35:28.100,3.281,10000
2020-09-25 09:35:28.100,3.281,100
2020-09-25 09:35:28.100,3.281,400
2020-09-25 09:35:28.100,3.281,1000
2020-09-25 09:35:28.100,3.281,10000
2020-09-25 09:35:28.100,3.281,10000
2020-09-25 09:35:28.100,3.281,10000
2020-09-25 09:35:28.100,3.281,10000
2020-09-25 09:35:28.100,3.281,50000
2020-09-25 09:35:28.100,3.281,7200
2020-09-25 09:35:28.580,3.282,1000
2020-09-25 09:35:29.480,3.282,5000
2020-09-25 09:35:29.480,3.282,5000
2020-09-25 09:35:30.230,3.283,300000
2020-09-25 09:35:31.270,3.282,1700
2020-09-25 09:35:31.270,3.282,1500
2020-09-25 09:35:31.790,3.283,10000
2020-09-25 09:35:31.900,3.283,10000
2020-09-25 09:35:32.020,3.282,2100
2020-09-25 09:35:32.170,3.283,10000
2020-09-25 09:35:32.170,3.283,10000
2020-09-25 09:35:32.220,3.283,20000
2020-09-25 09:35:32.520,3.283,92700
2020-09-25 09:35:32.520,3.283,1900
2020-09-25 09:35:32.520,3.283,1000
2020-09-25 09:35:35.850,3.283,1500
2020-09-25 09:35:38.780,3.283,202900
2020-09-25 09:35:38.780,3.283,10000
2020-09-25 09:35:38.780,3.283,10000
2020-09-25 09:35:38.780,3.283,10000
2020-09-25 09:35:38.780,3.283,10000
2020-09-25 09:35:38.780,3.283,50000
2020-09-25 09:35:39.620,3.284,2300
2020-09-25 09:35:39.620,3.284,2000
2020-09-25 09:35:39.620,3.284,10000
2020-09-25 09:35:39.620,3.284,3500
2020-09-25 09:35:39.620,3.284,200
2020-09-25 09:35:39.620,3.284,500
2020-09-25 09:35:39.620,3.284,1000
2020-09-25 09:35:39.620,3.284,500
2020-09-25 09:35:39.620,3.284,3700
2020-09-25 09:35:39.620,3.284,5500
2020-09-25 09:35:39.620,3.284,1100
2020-09-25 09:35:39.620,3.284,42500
2020-09-25 09:35:39.620,3.284,10000
2020-09-25 09:35:39.620,3.284,300000
2020-09-25 09:35:39.620,3.284,5000
2020-09-25 09:35:39.620,3.284,5000
2020-09-25 09:35:39.780,3.284,7100
2020-09-25 09:35:40.540,3.284,100
2020-09-25 09:35:40.540,3.283,1900
2020-09-25 09:35:46.870,3.284,600
2020-09-25 09:35:46.870,3.284,61000
2020-09-25 09:35:52.600,3.284,60900
2020-09-25 09:35:52.600,3.284,300
2020-09-25 09:35:54.270,3.283,300
2020-09-25 09:35:54.270,3.283,300
2020-09-25 09:35:54.890,3.284,5000
2020-09-25 09:35:55.120,3.284,200
2020-09-25 09:35:55.180,3.284,100
2020-09-25 09:35:57.290,3.282,100
2020-09-25 09:35:57.290,3.282,1000
2020-09-25 09:35:57.290,3.282,3300
2020-09-25 09:35:58.170,3.283,800
2020-09-25 09:36:00.390,3.283,9200
2020-09-25 09:36:00.390,3.283,100
2020-09-25 09:36:01.940,3.283,100
2020-09-25 09:36:03.850,3.283,4000
2020-09-25 09:36:04.230,3.283,5900
2020-09-25 09:36:04.230,3.283,3300
2020-09-25 09:36:04.230,3.283,10800
2020-09-25 09:36:04.290,3.283,4000
2020-09-25 09:36:05.050,3.283,6200
2020-09-25 09:36:06.030,3.282,200
2020-09-25 09:36:06.290,3.283,9000
2020-09-25 09:36:07.390,3.283,1000
2020-09-25 09:36:07.390,3.283,9000
2020-09-25 09:36:08.050,3.284,2500
2020-09-25 09:36:08.720,3.283,100
2020-09-25 09:36:08.900,3.284,200
2020-09-25 09:36:10.480,3.284,800
2020-09-25 09:36:10.660,3.283,900
2020-09-25 09:36:10.660,3.283,9100
2020-09-25 09:36:11.030,3.284,10000
2020-09-25 09:36:12.050,3.284,10000
2020-09-25 09:36:12.350,3.283,900
2020-09-25 09:36:12.350,3.283,1400
2020-09-25 09:36:12.350,3.283,300
2020-09-25 09:36:12.350,3.283,4400
2020-09-25 09:36:12.670,3.284,10000
2020-09-25 09:36:12.790,3.284,10000
2020-09-25 09:36:12.850,3.284,10000
2020-09-25 09:36:12.850,3.284,10000
2020-09-25 09:36:13.790,3.284,108400
2020-09-25 09:36:13.790,3.284,77000
2020-09-25 09:36:13.790,3.284,2000
2020-09-25 09:36:13.790,3.284,10000
2020-09-25 09:36:13.790,3.284,4800
2020-09-25 09:36:13.790,3.284,30000
2020-09-25 09:36:13.790,3.284,6800
2020-09-25 09:36:13.790,3.284,3300
2020-09-25 09:36:13.790,3.284,30000
2020-09-25 09:36:13.790,3.284,10000
2020-09-25 09:36:13.790,3.284,1600
2020-09-25 09:36:13.930,3.284,1700
2020-09-25 09:36:14.130,3.284,200
2020-09-25 09:36:14.190,3.284,4200
2020-09-25 09:36:15.560,3.284,44600
2020-09-25 09:36:15.830,3.284,10000
2020-09-25 09:36:15.850,3.283,4300
2020-09-25 09:36:15.850,3.283,600
2020-09-25 09:36:15.850,3.283,200
2020-09-25 09:36:16.070,3.283,10000
2020-09-25 09:36:17.190,3.283,20000
2020-09-25 09:36:17.730,3.283,20000
2020-09-25 09:36:19.030,3.283,8000
2020-09-25 09:36:19.480,3.283,1000
2020-09-25 09:36:21.140,3.282,5000
2020-09-25 09:36:23.690,3.283,2000
2020-09-25 09:36:23.840,3.283,10000
2020-09-25 09:36:23.900,3.283,10000
2020-09-25 09:36:24.510,3.283,10000
2020-09-25 09:36:25.490,3.282,11500
2020-09-25 09:36:25.490,3.282,64400
2020-09-25 09:36:25.490,3.283,4000
2020-09-25 09:36:25.520,3.283,10000
2020-09-25 09:36:25.890,3.283,200
2020-09-25 09:36:28.240,3.283,3200
2020-09-25 09:36:28.410,3.283,6500
2020-09-25 09:36:28.410,3.283,20200
2020-09-25 09:36:29.450,3.282,3900
2020-09-25 09:36:29.790,3.282,89700
2020-09-25 09:36:29.940,3.283,10000
2020-09-25 09:36:30.090,3.283,10000
2020-09-25 09:36:32.070,3.282,200
2020-09-25 09:36:33.420,3.283,10000
2020-09-25 09:36:35.200,3.283,300
2020-09-25 09:36:36.630,3.282,20000
2020-09-25 09:36:37.630,3.282,21800
2020-09-25 09:36:37.630,3.282,50000
2020-09-25 09:36:37.630,3.282,600
2020-09-25 09:36:37.630,3.282,1000
2020-09-25 09:36:37.630,3.282,5500
2020-09-25 09:36:37.630,3.282,15800
2020-09-25 09:36:38.140,3.282,500
2020-09-25 09:36:38.420,3.282,6100
2020-09-25 09:36:38.500,3.282,100
2020-09-25 09:36:40.150,3.282,10000
2020-09-25 09:36:40.290,3.282,10000
2020-09-25 09:36:40.610,3.282,8600
2020-09-25 09:36:41.830,3.282,1400
2020-09-25 09:36:41.830,3.282,3600
2020-09-25 09:36:42.890,3.283,3000
2020-09-25 09:36:43.100,3.283,10000
2020-09-25 09:36:43.510,3.283,6500
2020-09-25 09:36:43.510,3.283,3500
2020-09-25 09:36:44.150,3.283,10000
2020-09-25 09:36:45.110,3.283,3000
2020-09-25 09:36:45.660,3.282,6400
2020-09-25 09:36:45.660,3.282,10000
2020-09-25 09:36:45.660,3.282,10000
2020-09-25 09:36:45.660,3.282,10000
2020-09-25 09:36:45.660,3.282,10000
2020-09-25 09:36:45.660,3.282,10000
2020-09-25 09:36:45.660,3.282,10000
2020-09-25 09:36:47.750,3.282,200
2020-09-25 09:36:47.980,3.282,6500
2020-09-25 09:36:51.410,3.282,6900
2020-09-25 09:36:51.410,3.282,3100
2020-09-25 09:36:51.640,3.282,10000
2020-09-25 09:36:51.770,3.282,1300
2020-09-25 09:36:54.280,3.282,1000
2020-09-25 09:36:54.280,3.282,2000
2020-09-25 09:36:55.890,3.282,500
2020-09-25 09:36:55.890,3.282,16100
2020-09-25 09:36:55.890,3.282,1500
2020-09-25 09:36:55.890,3.282,9500
2020-09-25 09:36:55.890,3.282,272400
2020-09-25 09:36:56.100,3.282,10000
2020-09-25 09:36:57.340,3.282,1000
2020-09-25 09:36:58.270,3.282,5000
2020-09-25 09:36:59.570,3.282,10000
2020-09-25 09:36:59.750,3.282,1600
2020-09-25 09:36:59.750,3.282,3400
2020-09-25 09:37:01.340,3.282,600
2020-09-25 09:37:01.340,3.283,43500
2020-09-25 09:37:01.340,3.283,7000
2020-09-25 09:37:01.340,3.283,3000
2020-09-25 09:37:01.340,3.283,10100
2020-09-25 09:37:01.340,3.283,55000
2020-09-25 09:37:01.340,3.283,3000
2020-09-25 09:37:01.340,3.283,2100
2020-09-25 09:37:01.340,3.283,1000
2020-09-25 09:37:01.340,3.283,114100
2020-09-25 09:37:02.850,3.283,9900
2020-09-25 09:37:02.970,3.283,40700
2020-09-25 09:37:04.580,3.282,15000
2020-09-25 09:37:05.050,3.282,200
2020-09-25 09:37:06.160,3.281,2800
2020-09-25 09:37:06.160,3.281,2100
2020-09-25 09:37:06.730,3.282,4000
2020-09-25 09:37:07.370,3.282,8000
2020-09-25 09:37:10.240,3.282,200
2020-09-25 09:37:10.330,3.281,47900
2020-09-25 09:37:10.330,3.281,10000
2020-09-25 09:37:10.330,3.281,41600
2020-09-25 09:37:10.330,3.281,6900
2020-09-25 09:37:10.330,3.281,100
2020-09-25 09:37:10.330,3.281,200
2020-09-25 09:37:10.330,3.281,500
2020-09-25 09:37:10.330,3.281,300
2020-09-25 09:37:10.330,3.281,5000
2020-09-25 09:37:10.330,3.281,10000
2020-09-25 09:37:10.330,3.281,10000
2020-09-25 09:37:10.330,3.281,10000
2020-09-25 09:37:10.330,3.281,10000
2020-09-25 09:37:10.330,3.281,300
2020-09-25 09:37:10.330,3.281,10100
2020-09-25 09:37:10.330,3.281,2700
2020-09-25 09:37:10.330,3.281,3600
2020-09-25 09:37:10.330,3.281,117600
2020-09-25 09:37:10.330,3.281,300
2020-09-25 09:37:10.330,3.281,12900
2020-09-25 09:37:10.760,3.281,101300
2020-09-25 09:37:10.760,3.281,200
2020-09-25 09:37:10.760,3.281,1000
2020-09-25 09:37:10.760,3.281,100
2020-09-25 09:37:10.760,3.281,88200
2020-09-25 09:37:10.760,3.281,5000
2020-09-25 09:37:10.760,3.281,10000
2020-09-25 09:37:10.760,3.281,5000
2020-09-25 09:37:10.760,3.281,100
2020-09-25 09:37:10.760,3.281,200
2020-09-25 09:37:10.760,3.281,1000
2020-09-25 09:37:10.760,3.281,31300
2020-09-25 09:37:10.760,3.281,19000
2020-09-25 09:37:10.760,3.281,8000
2020-09-25 09:37:10.760,3.281,4000
2020-09-25 09:37:10.760,3.281,4900
2020-09-25 09:37:12.090,3.28,300
2020-09-25 09:37:12.090,3.28,500
2020-09-25 09:37:12.090,3.28,1000
2020-09-25 09:37:12.090,3.28,600
2020-09-25 09:37:12.090,3.28,1000
2020-09-25 09:37:12.090,3.28,2400
2020-09-25 09:37:12.090,3.28,100
2020-09-25 09:37:12.090,3.28,4000
2020-09-25 09:37:12.090,3.28,100
2020-09-25 09:37:13.340,3.281,10000
2020-09-25 09:37:13.640,3.281,10000
2020-09-25 09:37:13.640,3.281,600
2020-09-25 09:37:14.830,3.281,100
2020-09-25 09:37:14.830,3.282,1600
2020-09-25 09:37:15.150,3.282,2000
2020-09-25 09:37:16.370,3.281,1000
2020-09-25 09:37:17.120,3.282,100000
2020-09-25 09:37:17.170,3.281,200
2020-09-25 09:37:17.170,3.281,800
2020-09-25 09:37:17.170,3.28,9900
2020-09-25 09:37:17.170,3.28,400
2020-09-25 09:37:17.170,3.28,300
2020-09-25 09:37:17.170,3.28,200
2020-09-25 09:37:17.170,3.28,700
2020-09-25 09:37:17.170,3.28,20000
2020-09-25 09:37:17.170,3.28,6000
2020-09-25 09:37:17.170,3.28,15200
2020-09-25 09:37:17.170,3.28,1000
2020-09-25 09:37:17.170,3.28,300
2020-09-25 09:37:17.170,3.28,200
2020-09-25 09:37:17.170,3.28,3000
2020-09-25 09:37:17.170,3.28,1200
2020-09-25 09:37:17.170,3.28,100
2020-09-25 09:37:17.170,3.28,1000
2020-09-25 09:37:17.170,3.28,10000
2020-09-25 09:37:17.170,3.28,3300
2020-09-25 09:37:17.170,3.28,5000
2020-09-25 09:37:17.170,3.28,400
2020-09-25 09:37:17.170,3.28,200
2020-09-25 09:37:17.170,3.28,700
2020-09-25 09:37:17.170,3.28,100
2020-09-25 09:37:17.170,3.28,100
2020-09-25 09:37:17.170,3.28,1000
2020-09-25 09:37:17.170,3.28,4700
2020-09-25 09:37:17.170,3.28,10000
2020-09-25 09:37:17.170,3.28,4200
2020-09-25 09:37:17.170,3.28,1200
2020-09-25 09:37:17.170,3.28,20000
2020-09-25 09:37:17.170,3.28,1000
2020-09-25 09:37:17.170,3.28,100
2020-09-25 09:37:17.170,3.28,1000
2020-09-25 09:37:17.170,3.28,106600
2020-09-25 09:37:21.230,3.281,100
2020-09-25 09:37:21.230,3.28,49900
2020-09-25 09:37:23.480,3.281,13400
2020-09-25 09:37:23.910,3.28,3000
2020-09-25 09:37:25.410,3.281,10000
2020-09-25 09:37:25.530,3.281,10000
2020-09-25 09:37:25.610,3.281,3000
2020-09-25 09:37:25.640,3.281,10000
2020-09-25 09:37:25.820,3.281,10000
2020-09-25 09:37:26.050,3.281,10000
2020-09-25 09:37:26.500,3.281,10000
2020-09-25 09:37:26.710,3.281,10000
2020-09-25 09:37:26.950,3.281,10000
2020-09-25 09:37:26.980,3.28,1600
2020-09-25 09:37:28.230,3.28,7400
2020-09-25 09:37:29.150,3.281,10000
2020-09-25 09:37:29.180,3.28,700
2020-09-25 09:37:29.450,3.28,900
2020-09-25 09:37:29.540,3.281,200
2020-09-25 09:37:32.400,3.282,10000
2020-09-25 09:37:32.840,3.281,300
2020-09-25 09:37:33.150,3.281,9500
2020-09-25 09:37:33.150,3.281,10000
2020-09-25 09:37:33.150,3.281,10000
2020-09-25 09:37:33.150,3.281,10000
2020-09-25 09:37:34.240,3.28,15000
2020-09-25 09:37:34.710,3.281,10000
2020-09-25 09:37:35.020,3.281,10000
2020-09-25 09:37:36.330,3.28,77
2020-09-25 09:37:36.880,3.281,10000
2020-09-25 09:37:37.130,3.281,10000
2020-09-25 09:37:38.720,3.28,25300
2020-09-25 09:37:39.370,3.281,220500
2020-09-25 09:37:39.370,3.281,79500
2020-09-25 09:37:39.520,3.281,220500
2020-09-25 09:37:44.220,3.281,5000
2020-09-25 09:37:46.950,3.281,600
2020-09-25 09:37:47.060,3.281,100
2020-09-25 09:37:47.620,3.281,10000
2020-09-25 09:37:47.900,3.282,200
2020-09-25 09:37:51.370,3.281,500
2020-09-25 09:37:52.840,3.281,100
2020-09-25 09:37:54.710,3.281,63200
2020-09-25 09:37:54.710,3.281,100
2020-09-25 09:37:54.710,3.281,236700
2020-09-25 09:37:54.740,3.281,300
2020-09-25 09:37:56.330,3.282,500
2020-09-25 09:37:57.660,3.282,10000
2020-09-25 09:37:58.310,3.282,10000
2020-09-25 09:38:00.440,3.281,800
2020-09-25 09:38:00.610,3.281,100
2020-09-25 09:38:01.670,3.282,7600
2020-09-25 09:38:03.140,3.282,1000
2020-09-25 09:38:04.410,3.282,10000
2020-09-25 09:38:04.630,3.282,5700
2020-09-25 09:38:04.630,3.282,1000
2020-09-25 09:38:04.630,3.282,3300
2020-09-25 09:38:05.120,3.282,100
2020-09-25 09:38:07.100,3.281,12500
2020-09-25 09:38:14.090,3.281,49600
2020-09-25 09:38:14.090,3.281,200
2020-09-25 09:38:14.090,3.281,1000
2020-09-25 09:38:14.090,3.281,10000
2020-09-25 09:38:14.090,3.281,3000
2020-09-25 09:38:14.090,3.281,100
2020-09-25 09:38:14.090,3.281,6000
2020-09-25 09:38:14.660,3.281,10000
2020-09-25 09:38:15.450,3.281,100
2020-09-25 09:38:15.630,3.281,11100
2020-09-25 09:38:16.320,3.281,10000
2020-09-25 09:38:16.560,3.281,10000
2020-09-25 09:38:16.740,3.281,10000
2020-09-25 09:38:16.950,3.281,10000
2020-09-25 09:38:16.980,3.281,10000
2020-09-25 09:38:17.590,3.281,10000
2020-09-25 09:38:18.110,3.281,10000
2020-09-25 09:38:18.420,3.28,151000
2020-09-25 09:38:18.630,3.281,700
2020-09-25 09:38:18.990,3.281,2000
2020-09-25 09:38:21.230,3.281,5000
2020-09-25 09:38:23.050,3.281,6100
2020-09-25 09:38:24.640,3.281,10000
2020-09-25 09:38:29.320,3.28,10000
2020-09-25 09:38:29.760,3.28,100
2020-09-25 09:38:30.660,3.28,300
2020-09-25 09:38:31.820,3.28,38123
2020-09-25 09:38:31.820,3.28,1300
2020-09-25 09:38:31.820,3.28,5000
2020-09-25 09:38:31.820,3.28,10000
2020-09-25 09:38:31.820,3.28,200
2020-09-25 09:38:31.820,3.28,600
2020-09-25 09:38:31.820,3.28,300
2020-09-25 09:38:31.820,3.28,100
2020-09-25 09:38:31.820,3.28,1000
2020-09-25 09:38:31.820,3.28,3000
2020-09-25 09:38:31.820,3.28,5000
2020-09-25 09:38:31.820,3.28,200
2020-09-25 09:38:31.820,3.28,500
2020-09-25 09:38:31.820,3.28,500
2020-09-25 09:38:31.820,3.28,118177
2020-09-25 09:38:31.870,3.28,17400
2020-09-25 09:38:33.100,3.281,10000
2020-09-25 09:38:33.550,3.281,10000
2020-09-25 09:38:33.650,3.281,10000
2020-09-25 09:38:33.780,3.281,40000
2020-09-25 09:38:33.940,3.281,10000
2020-09-25 09:38:34.710,3.281,10000
2020-09-25 09:38:39.610,3.28,110423
2020-09-25 09:38:39.610,3.28,1000
2020-09-25 09:38:39.610,3.28,100
2020-09-25 09:38:39.610,3.28,20000
2020-09-25 09:38:39.610,3.28,8000
2020-09-25 09:38:39.610,3.28,1800
2020-09-25 09:38:39.610,3.28,12200
2020-09-25 09:38:39.610,3.28,1600
2020-09-25 09:38:39.610,3.28,6500
2020-09-25 09:38:39.610,3.28,6100
2020-09-25 09:38:39.610,3.28,36300
2020-09-25 09:38:39.610,3.28,2000
2020-09-25 09:38:39.610,3.28,6000
2020-09-25 09:38:39.610,3.28,5000
2020-09-25 09:38:39.610,3.28,2000
2020-09-25 09:38:39.610,3.28,500
2020-09-25 09:38:39.610,3.28,100
2020-09-25 09:38:39.610,3.28,15000
2020-09-25 09:38:39.610,3.28,300
2020-09-25 09:38:39.610,3.28,600
2020-09-25 09:38:41.480,3.28,300
2020-09-25 09:38:43.020,3.28,1000
2020-09-25 09:38:48.220,3.279,300
2020-09-25 09:38:49.190,3.279,100
2020-09-25 09:38:50.430,3.279,1000
2020-09-25 09:38:51.250,3.28,26200
2020-09-25 09:38:52.080,3.279,8600
2020-09-25 09:38:52.080,3.279,1400
2020-09-25 09:38:52.170,3.279,1500
2020-09-25 09:38:52.770,3.279,1200
2020-09-25 09:38:52.770,3.279,500
2020-09-25 09:38:52.770,3.279,1000
2020-09-25 09:38:52.770,3.279,400
2020-09-25 09:38:52.770,3.279,10000
2020-09-25 09:38:52.770,3.279,5000
2020-09-25 09:38:53.950,3.279,100
2020-09-25 09:38:54.460,3.278,1000
2020-09-25 09:38:54.460,3.278,4000
2020-09-25 09:38:55.270,3.279,10000
2020-09-25 09:38:55.530,3.279,10000
2020-09-25 09:38:55.930,3.279,900
2020-09-25 09:38:56.370,3.279,300000
2020-09-25 09:38:57.640,3.279,10000
2020-09-25 09:38:57.810,3.278,1000
2020-09-25 09:38:57.890,3.279,10000
2020-09-25 09:38:57.940,3.279,10000
2020-09-25 09:38:58.080,3.279,10000
2020-09-25 09:38:58.400,3.279,10000
2020-09-25 09:38:59.300,3.279,100
2020-09-25 09:39:01.340,3.278,3400
2020-09-25 09:39:01.880,3.278,5600
2020-09-25 09:39:01.880,3.278,400
2020-09-25 09:39:01.910,3.278,1600
2020-09-25 09:39:01.910,3.278,1000
2020-09-25 09:39:01.910,3.278,7400
2020-09-25 09:39:02.110,3.278,2600
2020-09-25 09:39:02.110,3.278,5000
2020-09-25 09:39:02.110,3.278,200
2020-09-25 09:39:02.110,3.278,2200
2020-09-25 09:39:02.770,3.279,10000
2020-09-25 09:39:05.670,3.278,5000
2020-09-25 09:39:06.620,3.279,10000
2020-09-25 09:39:07.060,3.279,10000
2020-09-25 09:39:07.960,3.278,100
2020-09-25 09:39:09.200,3.279,5300
2020-09-25 09:39:09.200,3.279,3000
2020-09-25 09:39:09.200,3.279,67400
2020-09-25 09:39:09.200,3.279,17900
2020-09-25 09:39:09.200,3.279,206400
2020-09-25 09:39:10.300,3.278,100
2020-09-25 09:39:10.620,3.279,299500
2020-09-25 09:39:10.680,3.279,500
2020-09-25 09:39:10.680,3.279,10000
2020-09-25 09:39:11.860,3.28,54477
2020-09-25 09:39:11.860,3.28,9600
2020-09-25 09:39:11.860,3.281,25100
2020-09-25 09:39:11.860,3.281,3000
2020-09-25 09:39:11.860,3.281,600
2020-09-25 09:39:11.860,3.281,1500
2020-09-25 09:39:11.860,3.281,3000
2020-09-25 09:39:11.860,3.281,30000
2020-09-25 09:39:11.860,3.281,3300
2020-09-25 09:39:11.860,3.281,1000
2020-09-25 09:39:11.860,3.281,93000
2020-09-25 09:39:11.860,3.282,6600
2020-09-25 09:39:11.860,3.282,2000
2020-09-25 09:39:11.860,3.282,1000
2020-09-25 09:39:11.860,3.282,3000
2020-09-25 09:39:11.860,3.282,3500
2020-09-25 09:39:11.860,3.282,4400
2020-09-25 09:39:11.860,3.282,1000
2020-09-25 09:39:11.860,3.282,600
2020-09-25 09:39:11.860,3.282,1200
2020-09-25 09:39:11.860,3.282,50000
2020-09-25 09:39:11.860,3.282,2123
2020-09-25 09:39:12.430,3.28,3500
2020-09-25 09:39:13.330,3.281,10000
2020-09-25 09:39:14.940,3.281,10000
2020-09-25 09:39:15.200,3.281,300
2020-09-25 09:39:17.860,3.281,200
2020-09-25 09:39:20.130,3.281,56800
2020-09-25 09:39:20.220,3.282,4000
2020-09-25 09:39:20.220,3.282,1000
2020-09-25 09:39:21.010,3.282,6300
2020-09-25 09:39:21.040,3.282,200
2020-09-25 09:39:22.900,3.281,3000
2020-09-25 09:39:22.990,3.281,1000
2020-09-25 09:39:23.360,3.282,1500
2020-09-25 09:39:23.480,3.282,1000
2020-09-25 09:39:23.770,3.281,100
2020-09-25 09:39:26.980,3.282,10000
2020-09-25 09:39:28.820,3.282,3100
2020-09-25 09:39:29.800,3.282,1200
2020-09-25 09:39:30.770,3.282,500
2020-09-25 09:39:32.850,3.282,1000
2020-09-25 09:39:34.070,3.282,900
2020-09-25 09:39:34.070,3.282,9100
2020-09-25 09:39:34.210,3.282,900
2020-09-25 09:39:34.210,3.282,9100
2020-09-25 09:39:34.700,3.282,500
2020-09-25 09:39:34.700,3.282,6000
2020-09-25 09:39:34.700,3.282,13500
2020-09-25 09:39:34.870,3.282,100
2020-09-25 09:39:37.790,3.281,15900
2020-09-25 09:39:37.790,3.281,100
2020-09-25 09:39:37.790,3.281,100
2020-09-25 09:39:37.790,3.281,100
2020-09-25 09:39:37.790,3.281,100
2020-09-25 09:39:37.790,3.281,100
2020-09-25 09:39:37.790,3.281,100
2020-09-25 09:39:37.790,3.281,100
2020-09-25 09:39:37.790,3.281,100
2020-09-25 09:39:37.790,3.281,100
2020-09-25 09:39:37.790,3.281,100
2020-09-25 09:39:37.790,3.281,100
2020-09-25 09:39:37.790,3.281,100
2020-09-25 09:39:37.790,3.281,100
2020-09-25 09:39:37.790,3.281,100
2020-09-25 09:39:37.790,3.281,100
2020-09-25 09:39:37.790,3.281,100
2020-09-25 09:39:37.790,3.281,100
2020-09-25 09:39:37.790,3.281,100
2020-09-25 09:39:37.790,3.281,100
2020-09-25 09:39:37.790,3.281,100
2020-09-25 09:39:37.790,3.281,100
2020-09-25 09:39:37.790,3.281,100
2020-09-25 09:39:37.790,3.281,100
2020-09-25 09:39:37.790,3.281,100
2020-09-25 09:39:37.790,3.281,100
2020-09-25 09:39:37.790,3.281,100
2020-09-25 09:39:37.790,3.281,100
2020-09-25 09:39:37.790,3.281,100
2020-09-25 09:39:37.790,3.281,100
2020-09-25 09:39:37.790,3.281,100
2020-09-25 09:39:37.790,3.281,100
2020-09-25 09:39:37.790,3.281,100
2020-09-25 09:39:37.790,3.281,100
2020-09-25 09:39:37.790,3.281,100
2020-09-25 09:39:37.790,3.281,100
2020-09-25 09:39:37.790,3.281,100
2020-09-25 09:39:37.790,3.281,100
2020-09-25 09:39:37.790,3.281,100
2020-09-25 09:39:37.790,3.281,100
2020-09-25 09:39:37.790,3.281,100
2020-09-25 09:39:37.790,3.281,100
2020-09-25 09:39:38.250,3.282,20000
2020-09-25 09:39:39.230,3.282,40000
2020-09-25 09:39:39.410,3.282,400
2020-09-25 09:39:40.680,3.282,20000
2020-09-25 09:39:40.990,3.282,1000
2020-09-25 09:39:43.010,3.282,1500
2020-09-25 09:39:43.250,3.282,20000
2020-09-25 09:39:43.360,3.282,1000
2020-09-25 09:39:45.860,3.281,100
2020-09-25 09:39:45.860,3.281,100
2020-09-25 09:39:45.860,3.281,100
2020-09-25 09:39:45.860,3.281,100
2020-09-25 09:39:45.860,3.281,100
2020-09-25 09:39:45.860,3.281,100
2020-09-25 09:39:45.860,3.281,100
2020-09-25 09:39:45.860,3.281,100
2020-09-25 09:39:45.860,3.281,100
2020-09-25 09:39:45.860,3.281,100
2020-09-25 09:39:45.860,3.281,100
2020-09-25 09:39:45.860,3.281,100
2020-09-25 09:39:45.860,3.281,100
2020-09-25 09:39:45.860,3.281,100
2020-09-25 09:39:45.860,3.281,100
2020-09-25 09:39:45.860,3.281,100
2020-09-25 09:39:45.860,3.281,100
2020-09-25 09:39:45.860,3.281,100
2020-09-25 09:39:45.860,3.281,100
2020-09-25 09:39:45.860,3.281,100
2020-09-25 09:39:45.860,3.281,100
2020-09-25 09:39:45.860,3.281,100
2020-09-25 09:39:45.860,3.281,100
2020-09-25 09:39:45.860,3.281,100
2020-09-25 09:39:45.860,3.281,100
2020-09-25 09:39:45.860,3.281,100
2020-09-25 09:39:45.860,3.281,100
2020-09-25 09:39:45.860,3.281,100
2020-09-25 09:39:45.860,3.281,100
2020-09-25 09:39:45.860,3.281,100
2020-09-25 09:39:45.860,3.281,100
2020-09-25 09:39:45.860,3.281,100
2020-09-25 09:39:45.860,3.281,100
2020-09-25 09:39:45.860,3.281,100
2020-09-25 09:39:45.860,3.281,100
2020-09-25 09:39:45.860,3.281,100
2020-09-25 09:39:45.860,3.281,100
2020-09-25 09:39:45.860,3.281,100
2020-09-25 09:39:45.860,3.281,100
2020-09-25 09:39:45.860,3.281,100
2020-09-25 09:39:45.860,3.281,100
2020-09-25 09:39:45.860,3.281,100
2020-09-25 09:39:45.860,3.281,100
2020-09-25 09:39:45.860,3.281,100
2020-09-25 09:39:45.860,3.281,100
2020-09-25 09:39:45.860,3.281,100
2020-09-25 09:39:45.860,3.281,100
2020-09-25 09:39:45.860,3.281,100
2020-09-25 09:39:45.860,3.281,100
2020-09-25 09:39:45.860,3.281,5100
2020-09-25 09:39:46.490,3.281,400
2020-09-25 09:39:46.490,3.281,1000
2020-09-25 09:39:46.490,3.281,7300
2020-09-25 09:39:46.690,3.282,20000
2020-09-25 09:39:46.690,3.282,10000
2020-09-25 09:39:46.760,3.282,10000
2020-09-25 09:39:46.820,3.282,10000
2020-09-25 09:39:46.840,3.282,1000
2020-09-25 09:39:47.200,3.282,500
2020-09-25 09:39:47.260,3.282,10000
2020-09-25 09:39:47.690,3.282,10000
2020-09-25 09:39:48.430,3.282,10000
2020-09-25 09:39:49.050,3.282,10000
2020-09-25 09:39:49.250,3.282,10000
2020-09-25 09:39:50.680,3.282,20000
2020-09-25 09:39:51.300,3.282,61000
2020-09-25 09:39:51.300,3.282,1000
2020-09-25 09:39:51.300,3.282,800
2020-09-25 09:39:51.300,3.282,9200
2020-09-25 09:39:51.300,3.282,145400
2020-09-25 09:39:52.060,3.282,3500
2020-09-25 09:39:57.380,3.283,10000
2020-09-25 09:39:57.630,3.283,3000
2020-09-25 09:39:57.630,3.283,7000
2020-09-25 09:39:57.780,3.283,10000
2020-09-25 09:39:57.860,3.283,3000
2020-09-25 09:39:57.860,3.283,7000
2020-09-25 09:39:58.090,3.283,3000
2020-09-25 09:39:58.090,3.283,7000
2020-09-25 09:39:58.810,3.283,10000
2020-09-25 09:39:58.910,3.283,8667
2020-09-25 09:39:58.910,3.283,500
2020-09-25 09:39:58.910,3.283,833
2020-09-25 09:39:59.350,3.282,9000
2020-09-25 09:39:59.460,3.283,4167
2020-09-25 09:39:59.460,3.283,5833
2020-09-25 09:39:59.780,3.283,1500
2020-09-25 09:40:00.400,3.282,1500
2020-09-25 09:40:02.100,3.283,2667
2020-09-25 09:40:02.100,3.283,2333
2020-09-25 09:40:02.500,3.282,20300
2020-09-25 09:40:02.980,3.283,5667
2020-09-25 09:40:09.450,3.283,5000
2020-09-25 09:40:12.640,3.284,100
2020-09-25 09:40:13.840,3.284,1100
2020-09-25 09:40:13.840,3.284,300
2020-09-25 09:40:13.840,3.284,2600
2020-09-25 09:40:14.340,3.283,8600
2020-09-25 09:40:15.050,3.283,4100
2020-09-25 09:40:18.090,3.284,200
2020-09-25 09:40:23.110,3.283,400
2020-09-25 09:40:24.950,3.283,3000
2020-09-25 09:40:26.970,3.284,100
2020-09-25 09:40:28.510,3.284,7100
2020-09-25 09:40:28.510,3.284,10000
2020-09-25 09:40:28.510,3.284,7900
2020-09-25 09:40:28.660,3.284,200
2020-09-25 09:40:29.480,3.283,3233
2020-09-25 09:40:29.480,3.283,300
2020-09-25 09:40:29.480,3.283,1500
2020-09-25 09:40:29.480,3.283,5000
2020-09-25 09:40:29.480,3.283,10000
2020-09-25 09:40:29.480,3.283,10000
2020-09-25 09:40:29.480,3.283,10000
2020-09-25 09:40:29.480,3.283,60000
2020-09-25 09:40:29.480,3.283,1000
2020-09-25 09:40:29.480,3.283,61000
2020-09-25 09:40:29.790,3.282,1300
2020-09-25 09:40:30.010,3.282,47000
2020-09-25 09:40:30.010,3.282,150000
2020-09-25 09:40:30.010,3.282,20000
2020-09-25 09:40:30.010,3.282,20000
2020-09-25 09:40:30.010,3.282,3300
2020-09-25 09:40:31.460,3.283,10000
2020-09-25 09:40:32.410,3.283,1800
2020-09-25 09:40:32.670,3.283,33300
2020-09-25 09:40:37.570,3.282,200
2020-09-25 09:40:37.570,3.282,200
2020-09-25 09:40:37.570,3.282,7900
2020-09-25 09:40:37.570,3.282,3000
2020-09-25 09:40:37.570,3.282,5300
2020-09-25 09:40:38.720,3.283,1000
2020-09-25 09:40:40.150,3.282,30
2020-09-25 09:40:40.810,3.282,14670
2020-09-25 09:40:40.810,3.282,5000
2020-09-25 09:40:40.810,3.282,40000
2020-09-25 09:40:41.640,3.282,8400
2020-09-25 09:40:42.480,3.282,900
2020-09-25 09:40:43.230,3.282,3200
2020-09-25 09:40:43.260,3.282,40000
2020-09-25 09:40:43.320,3.282,20000
2020-09-25 09:40:43.730,3.282,10000
2020-09-25 09:40:43.840,3.282,10000
2020-09-25 09:40:43.840,3.282,2900
2020-09-25 09:40:43.930,3.282,146830
2020-09-25 09:40:43.930,3.282,20000
2020-09-25 09:40:43.930,3.283,91867
2020-09-25 09:40:43.930,3.283,40000
2020-09-25 09:40:55.910,3.284,500
2020-09-25 09:40:57.580,3.283,1303
2020-09-25 09:40:57.580,3.283,397
2020-09-25 09:40:57.700,3.283,2000
2020-09-25 09:40:58.200,3.284,3000
2020-09-25 09:40:58.290,3.284,3400
2020-09-25 09:40:58.290,3.284,5600
2020-09-25 09:40:58.600,3.284,3600
2020-09-25 09:40:58.600,3.284,6400
2020-09-25 09:40:58.690,3.284,10000
2020-09-25 09:40:58.720,3.283,7400
2020-09-25 09:40:58.910,3.284,10000
2020-09-25 09:40:59.140,3.284,10000
2020-09-25 09:40:59.370,3.284,10000
2020-09-25 09:40:59.400,3.284,3500
2020-09-25 09:40:59.610,3.284,10000
2020-09-25 09:40:59.630,3.284,10000
2020-09-25 09:40:59.690,3.283,6500
2020-09-25 09:40:59.900,3.284,200
2020-09-25 09:40:59.900,3.283,3703
2020-09-25 09:40:59.900,3.283,2297
2020-09-25 09:41:01.470,3.284,500
2020-09-25 09:41:02.380,3.284,300
2020-09-25 09:41:02.700,3.284,10000
2020-09-25 09:41:04.120,3.284,10000
2020-09-25 09:41:04.420,3.284,10000
2020-09-25 09:41:05.150,3.284,30000
2020-09-25 09:41:05.750,3.284,19500
2020-09-25 09:41:06.340,3.284,5000
2020-09-25 09:41:07.240,3.283,703
2020-09-25 09:41:07.240,3.283,4397
2020-09-25 09:41:09.560,3.284,800
2020-09-25 09:41:10.570,3.284,500
2020-09-25 09:41:12.020,3.283,500
2020-09-25 09:41:12.800,3.283,100
2020-09-25 09:41:14.620,3.283,2500
2020-09-25 09:41:15.590,3.284,8000
2020-09-25 09:41:15.710,3.284,500
2020-09-25 09:41:18.400,3.283,5000
2020-09-25 09:41:18.790,3.283,6600
2020-09-25 09:41:19.830,3.284,3000
2020-09-25 09:41:21.690,3.284,10000
2020-09-25 09:41:22.250,3.284,20000
2020-09-25 09:41:22.290,3.284,75100
2020-09-25 09:41:27.500,3.283,10000
2020-09-25 09:41:27.500,3.283,1000
2020-09-25 09:41:27.500,3.283,7600
2020-09-25 09:41:27.500,3.283,20000
2020-09-25 09:41:27.500,3.283,41400
2020-09-25 09:41:29.900,3.283,58600
2020-09-25 09:41:29.900,3.283,5000
2020-09-25 09:41:33.600,3.283,1000
2020-09-25 09:41:34.530,3.283,10000
2020-09-25 09:41:34.640,3.283,10000
2020-09-25 09:41:39.040,3.283,100
2020-09-25 09:41:42.760,3.283,4000
2020-09-25 09:41:45.790,3.283,10000
2020-09-25 09:41:45.990,3.283,28600
2020-09-25 09:41:47.540,3.282,10000
2020-09-25 09:41:51.300,3.283,200
2020-09-25 09:41:51.690,3.282,100
2020-09-25 09:41:51.720,3.282,9900
2020-09-25 09:41:51.720,3.282,300
2020-09-25 09:41:51.720,3.282,5000
2020-09-25 09:41:51.720,3.282,300
2020-09-25 09:41:51.720,3.282,2200
2020-09-25 09:41:51.720,3.282,2400
2020-09-25 09:41:51.720,3.282,2800
2020-09-25 09:41:51.720,3.282,50000
2020-09-25 09:41:51.720,3.282,227100
2020-09-25 09:41:53.450,3.282,92900
2020-09-25 09:41:53.450,3.282,800
2020-09-25 09:41:53.450,3.282,3000
2020-09-25 09:41:53.450,3.282,1000
2020-09-25 09:41:53.470,3.282,600
2020-09-25 09:41:54.270,3.282,10000
2020-09-25 09:41:54.380,3.282,10000
2020-09-25 09:41:54.420,3.282,10000
2020-09-25 09:41:54.620,3.282,10000
2020-09-25 09:41:55.300,3.282,1700
2020-09-25 09:41:55.390,3.282,10000
2020-09-25 09:41:55.430,3.282,10000
2020-09-25 09:41:55.650,3.282,10000
2020-09-25 09:41:56.370,3.282,30000
2020-09-25 09:41:56.880,3.282,100000
2020-09-25 09:41:57.480,3.282,10000
2020-09-25 09:41:58.110,3.282,200
2020-09-25 09:41:59.120,3.282,1700
2020-09-25 09:42:02.570,3.282,10000
2020-09-25 09:42:03.420,3.282,10000
2020-09-25 09:42:05.140,3.282,100
2020-09-25 09:42:08.950,3.282,100
2020-09-25 09:42:10.630,3.281,112000
2020-09-25 09:42:10.630,3.281,12400
2020-09-25 09:42:13.460,3.281,87600
2020-09-25 09:42:13.460,3.281,3000
2020-09-25 09:42:13.460,3.281,20000
2020-09-25 09:42:13.460,3.281,1000
2020-09-25 09:42:13.460,3.281,100
2020-09-25 09:42:13.460,3.281,2600
2020-09-25 09:42:13.460,3.281,185700
2020-09-25 09:42:15.020,3.282,10000
2020-09-25 09:42:15.130,3.282,10000
2020-09-25 09:42:16.660,3.281,114300
2020-09-25 09:42:16.660,3.281,5000
2020-09-25 09:42:16.660,3.281,3800
2020-09-25 09:42:17.320,3.281,6000
2020-09-25 09:42:18.700,3.281,100
2020-09-25 09:42:19.390,3.281,20000
2020-09-25 09:42:19.840,3.281,10000
2020-09-25 09:42:20.170,3.281,10000
2020-09-25 09:42:21.900,3.281,10000
2020-09-25 09:42:22.730,3.281,10000
2020-09-25 09:42:23.250,3.28,1400
2020-09-25 09:42:28.550,3.281,10000
2020-09-25 09:42:28.630,3.28,600
2020-09-25 09:42:28.630,3.28,2400
2020-09-25 09:42:28.750,3.281,10000
2020-09-25 09:42:28.840,3.28,17600
2020-09-25 09:42:28.840,3.28,100
2020-09-25 09:42:28.840,3.28,1000
2020-09-25 09:42:28.840,3.28,500
2020-09-25 09:42:28.840,3.28,800
2020-09-25 09:42:28.990,3.281,90800
2020-09-25 09:42:28.990,3.281,10000
2020-09-25 09:42:28.990,3.281,30000
2020-09-25 09:42:28.990,3.281,20000
2020-09-25 09:42:28.990,3.281,8100
2020-09-25 09:42:28.990,3.281,10000
2020-09-25 09:42:30.520,3.281,8000
2020-09-25 09:42:31.650,3.281,10000
2020-09-25 09:42:32.160,3.281,22300
2020-09-25 09:42:37.310,3.281,90800
2020-09-25 09:42:37.310,3.281,10000
2020-09-25 09:42:37.310,3.281,199200
2020-09-25 09:42:37.570,3.281,100800
2020-09-25 09:42:38.240,3.281,300
2020-09-25 09:42:40.530,3.281,100000
2020-09-25 09:42:41.630,3.281,100
2020-09-25 09:42:44.710,3.281,5000
2020-09-25 09:42:46.380,3.28,2200
2020-09-25 09:42:46.380,3.28,1500
2020-09-25 09:42:46.380,3.28,200
2020-09-25 09:42:46.380,3.28,10000
2020-09-25 09:42:46.380,3.28,5000
2020-09-25 09:42:46.380,3.28,1000
2020-09-25 09:42:46.380,3.28,10000
2020-09-25 09:42:46.380,3.28,2000
2020-09-25 09:42:46.380,3.28,2000
2020-09-25 09:42:46.380,3.28,5000
2020-09-25 09:42:46.380,3.28,10000
2020-09-25 09:42:46.380,3.28,1000
2020-09-25 09:42:46.380,3.28,2000
2020-09-25 09:42:46.380,3.28,1000
2020-09-25 09:42:46.380,3.28,1000
2020-09-25 09:42:46.380,3.28,400
2020-09-25 09:42:46.380,3.28,5000
2020-09-25 09:42:46.380,3.28,100000
2020-09-25 09:42:48.040,3.28,10000
2020-09-25 09:42:49.370,3.28,3200
2020-09-25 09:42:49.370,3.28,19000
2020-09-25 09:42:49.700,3.28,2400
2020-09-25 09:42:49.700,3.28,8600
2020-09-25 09:42:49.700,3.28,1400
2020-09-25 09:42:49.870,3.28,500
2020-09-25 09:42:50.070,3.28,5200
2020-09-25 09:42:52.970,3.28,900
2020-09-25 09:42:56.100,3.281,1200
2020-09-25 09:43:00.470,3.28,3900
2020-09-25 09:43:00.470,3.28,100
2020-09-25 09:43:00.740,3.28,9900
2020-09-25 09:43:00.740,3.28,1000
2020-09-25 09:43:00.740,3.28,40000
2020-09-25 09:43:00.740,3.28,100
2020-09-25 09:43:00.740,3.28,3500
2020-09-25 09:43:00.740,3.28,400
2020-09-25 09:43:00.740,3.28,20000
2020-09-25 09:43:00.910,3.28,100
2020-09-25 09:43:02.570,3.279,25000
2020-09-25 09:43:03.310,3.28,20000
2020-09-25 09:43:05.210,3.28,22900
2020-09-25 09:43:05.350,3.28,182100
2020-09-25 09:43:08.360,3.281,100
2020-09-25 09:43:09.080,3.28,6000
2020-09-25 09:43:09.330,3.281,8300
2020-09-25 09:43:10.640,3.28,20000
2020-09-25 09:43:12.490,3.28,4400
2020-09-25 09:43:13.800,3.281,1000
2020-09-25 09:43:14.030,3.28,20000
2020-09-25 09:43:14.580,3.281,300
2020-09-25 09:43:15.240,3.281,184000
2020-09-25 09:43:15.240,3.281,2000
2020-09-25 09:43:15.240,3.281,113700
2020-09-25 09:43:15.350,3.281,20000
2020-09-25 09:43:15.550,3.281,253000
2020-09-25 09:43:15.550,3.281,7100
2020-09-25 09:43:24.680,3.282,600
2020-09-25 09:43:25.060,3.282,100
2020-09-25 09:43:25.060,3.282,100
2020-09-25 09:43:25.120,3.282,100
2020-09-25 09:43:25.120,3.282,100
2020-09-25 09:43:25.120,3.282,100
2020-09-25 09:43:25.120,3.282,100
2020-09-25 09:43:25.140,3.282,100
2020-09-25 09:43:25.140,3.282,100
2020-09-25 09:43:25.140,3.282,100
2020-09-25 09:43:25.140,3.282,100
2020-09-25 09:43:25.230,3.282,100
2020-09-25 09:43:25.230,3.282,100
2020-09-25 09:43:25.230,3.282,100
2020-09-25 09:43:25.230,3.282,100
2020-09-25 09:43:25.250,3.282,100
2020-09-25 09:43:25.250,3.282,100
2020-09-25 09:43:25.250,3.282,100
2020-09-25 09:43:25.250,3.282,100
2020-09-25 09:43:25.250,3.282,100
2020-09-25 09:43:25.250,3.282,100
2020-09-25 09:43:25.310,3.282,100
2020-09-25 09:43:25.310,3.282,100
2020-09-25 09:43:25.310,3.282,100
2020-09-25 09:43:25.310,3.282,100
2020-09-25 09:43:25.310,3.282,100
2020-09-25 09:43:25.310,3.282,100
2020-09-25 09:43:25.370,3.282,100
2020-09-25 09:43:25.370,3.282,100
2020-09-25 09:43:25.370,3.282,100
2020-09-25 09:43:25.370,3.282,100
2020-09-25 09:43:25.370,3.282,100
2020-09-25 09:43:25.370,3.282,100
2020-09-25 09:43:25.370,3.282,100
2020-09-25 09:43:25.370,3.282,100
2020-09-25 09:43:25.430,3.282,100
2020-09-25 09:43:25.430,3.282,100
2020-09-25 09:43:25.430,3.282,100
2020-09-25 09:43:25.430,3.282,100
2020-09-25 09:43:25.430,3.282,100
2020-09-25 09:43:25.430,3.282,100
2020-09-25 09:43:25.430,3.282,100
2020-09-25 09:43:25.460,3.282,100
2020-09-25 09:43:25.460,3.282,100
2020-09-25 09:43:25.460,3.282,100
2020-09-25 09:43:25.460,3.282,100
2020-09-25 09:43:25.460,3.282,100
2020-09-25 09:43:25.460,3.282,100
2020-09-25 09:43:25.520,3.282,100
2020-09-25 09:43:25.520,3.282,100
2020-09-25 09:43:25.520,3.282,100
2020-09-25 09:43:25.520,3.282,100
2020-09-25 09:43:25.520,3.282,100
2020-09-25 09:43:25.570,3.282,100
2020-09-25 09:43:25.570,3.282,100
2020-09-25 09:43:25.570,3.282,100
2020-09-25 09:43:25.570,3.282,100
2020-09-25 09:43:25.570,3.282,100
2020-09-25 09:43:25.570,3.282,100
2020-09-25 09:43:25.620,3.282,100
2020-09-25 09:43:25.620,3.282,100
2020-09-25 09:43:25.620,3.282,100
2020-09-25 09:43:25.620,3.282,100
2020-09-25 09:43:25.620,3.282,100
2020-09-25 09:43:25.620,3.282,100
2020-09-25 09:43:25.650,3.282,100
2020-09-25 09:43:25.650,3.282,100
2020-09-25 09:43:25.650,3.282,100
2020-09-25 09:43:25.650,3.282,100
2020-09-25 09:43:25.650,3.282,100
2020-09-25 09:43:25.650,3.282,100
2020-09-25 09:43:25.740,3.282,100
2020-09-25 09:43:25.740,3.282,100
2020-09-25 09:43:25.740,3.282,100
2020-09-25 09:43:25.740,3.282,100
2020-09-25 09:43:25.740,3.282,100
2020-09-25 09:43:25.740,3.282,100
2020-09-25 09:43:25.760,3.282,100
2020-09-25 09:43:25.760,3.282,100
2020-09-25 09:43:25.760,3.282,100
2020-09-25 09:43:25.760,3.282,100
2020-09-25 09:43:25.760,3.282,100
2020-09-25 09:43:25.760,3.282,100
2020-09-25 09:43:25.820,3.282,100
2020-09-25 09:43:25.930,3.282,100
2020-09-25 09:43:25.930,3.282,100
2020-09-25 09:43:25.930,3.282,100
2020-09-25 09:43:25.930,3.282,100
2020-09-25 09:43:25.930,3.282,100
2020-09-25 09:43:25.930,3.282,100
2020-09-25 09:43:26.000,3.282,100
2020-09-25 09:43:26.000,3.282,100
2020-09-25 09:43:26.000,3.282,100
2020-09-25 09:43:26.000,3.282,100
2020-09-25 09:43:26.000,3.282,100
2020-09-25 09:43:26.000,3.282,100
2020-09-25 09:43:26.000,3.282,100
2020-09-25 09:43:26.050,3.282,100
2020-09-25 09:43:26.050,3.282,100
2020-09-25 09:43:26.050,3.282,100
2020-09-25 09:43:26.050,3.282,100
2020-09-25 09:43:27.780,3.282,100
2020-09-25 09:43:28.320,3.281,20000
2020-09-25 09:43:29.180,3.282,8700
2020-09-25 09:43:29.180,3.282,1300
2020-09-25 09:43:29.550,3.281,5000
2020-09-25 09:43:31.150,3.281,14900
2020-09-25 09:43:31.150,3.281,10000
2020-09-25 09:43:31.150,3.281,5100
2020-09-25 09:43:31.780,3.281,1000
2020-09-25 09:43:31.950,3.281,2300
2020-09-25 09:43:32.040,3.281,1600
2020-09-25 09:43:32.040,3.281,10000
2020-09-25 09:43:32.040,3.281,19400
2020-09-25 09:43:32.360,3.281,38900
2020-09-25 09:43:33.180,3.281,170000
2020-09-25 09:43:34.250,3.282,300
2020-09-25 09:43:35.720,3.282,2900
2020-09-25 09:43:36.500,3.281,15300
2020-09-25 09:43:37.280,3.281,100
2020-09-25 09:43:39.800,3.281,2800
2020-09-25 09:43:42.410,3.281,100
2020-09-25 09:43:43.930,3.282,10000
2020-09-25 09:43:44.070,3.282,10000
2020-09-25 09:43:44.310,3.282,20000
2020-09-25 09:43:44.570,3.282,67900
2020-09-25 09:43:44.810,3.282,40000
2020-09-25 09:43:44.810,3.282,10000
2020-09-25 09:43:45.100,3.281,100
2020-09-25 09:43:47.080,3.281,1500
2020-09-25 09:43:47.330,3.282,100
2020-09-25 09:43:50.260,3.282,200
2020-09-25 09:43:50.540,3.281,1300
2020-09-25 09:43:51.480,3.282,1000
2020-09-25 09:43:53.250,3.282,20000
2020-09-25 09:43:53.250,3.282,40000
2020-09-25 09:43:53.340,3.282,196300
2020-09-25 09:43:53.340,3.282,2400
2020-09-25 09:43:53.340,3.282,10000
2020-09-25 09:43:53.340,3.282,1500
2020-09-25 09:43:53.340,3.282,1800
2020-09-25 09:43:53.340,3.282,50000
2020-09-25 09:43:53.340,3.282,30000
2020-09-25 09:43:53.340,3.282,3300
2020-09-25 09:43:53.340,3.282,4400
2020-09-25 09:43:53.770,3.282,138500
2020-09-25 09:43:53.770,3.282,60000
2020-09-25 09:43:53.770,3.282,900
2020-09-25 09:43:53.770,3.282,1000
2020-09-25 09:43:56.900,3.282,2900
2020-09-25 09:43:58.150,3.282,7500
2020-09-25 09:44:01.480,3.283,3000
2020-09-25 09:44:09.180,3.283,3000
2020-09-25 09:44:09.180,3.283,500
2020-09-25 09:44:09.870,3.282,1900
2020-09-25 09:44:11.950,3.283,50000
2020-09-25 09:44:12.190,3.282,9600
2020-09-25 09:44:12.710,3.283,10000
2020-09-25 09:44:14.120,3.283,3100
2020-09-25 09:44:14.590,3.283,1000
2020-09-25 09:44:19.690,3.283,5400
2020-09-25 09:44:19.690,3.283,300
2020-09-25 09:44:19.690,3.283,7300
2020-09-25 09:44:19.690,3.283,6000
2020-09-25 09:44:19.690,3.283,1000
2020-09-25 09:44:20.210,3.282,13300
2020-09-25 09:44:20.210,3.282,300
2020-09-25 09:44:20.210,3.282,1000
2020-09-25 09:44:20.210,3.282,400
2020-09-25 09:44:20.210,3.282,1000
2020-09-25 09:44:20.210,3.282,2000
2020-09-25 09:44:20.210,3.282,500
2020-09-25 09:44:20.210,3.282,3100
2020-09-25 09:44:22.130,3.282,22500
2020-09-25 09:44:22.130,3.283,2100
2020-09-25 09:44:22.130,3.283,1500
2020-09-25 09:44:22.130,3.283,3000
2020-09-25 09:44:22.130,3.283,100
2020-09-25 09:44:22.130,3.283,9000
2020-09-25 09:44:22.130,3.283,5500
2020-09-25 09:44:22.130,3.283,3300
2020-09-25 09:44:22.130,3.283,4800
2020-09-25 09:44:22.130,3.283,500
2020-09-25 09:44:22.130,3.283,20000
2020-09-25 09:44:22.130,3.283,27700
2020-09-25 09:44:25.360,3.283,21300
2020-09-25 09:44:26.220,3.282,1500
2020-09-25 09:44:27.270,3.281,1900
2020-09-25 09:44:27.800,3.282,1500
2020-09-25 09:44:27.800,3.282,700
2020-09-25 09:44:29.250,3.281,10000
2020-09-25 09:44:30.690,3.282,10000
2020-09-25 09:44:32.660,3.282,800
2020-09-25 09:44:33.390,3.282,1900
2020-09-25 09:44:38.300,3.282,300
2020-09-25 09:44:39.220,3.282,500
2020-09-25 09:44:42.360,3.281,19400
2020-09-25 09:44:44.600,3.281,19200
2020-09-25 09:44:44.600,3.281,3000
2020-09-25 09:44:44.600,3.281,100
2020-09-25 09:44:44.600,3.281,500
2020-09-25 09:44:44.600,3.281,1000
2020-09-25 09:44:44.600,3.281,5000
2020-09-25 09:44:44.600,3.281,600
2020-09-25 09:44:44.600,3.281,2000
2020-09-25 09:44:44.600,3.281,900
2020-09-25 09:44:44.600,3.281,18800
2020-09-25 09:44:44.600,3.281,2000
2020-09-25 09:44:44.600,3.281,3000
2020-09-25 09:44:44.600,3.281,600
2020-09-25 09:44:44.600,3.281,2000
2020-09-25 09:44:44.600,3.281,67500
2020-09-25 09:44:44.600,3.281,3300
2020-09-25 09:44:44.600,3.281,1000
2020-09-25 09:44:44.600,3.281,5700
2020-09-25 09:44:44.600,3.281,300
2020-09-25 09:44:48.380,3.281,100
2020-09-25 09:44:49.010,3.281,50000
2020-09-25 09:44:53.150,3.28,200
2020-09-25 09:44:53.550,3.281,200
2020-09-25 09:44:55.500,3.281,200
2020-09-25 09:44:56.630,3.28,10000
2020-09-25 09:45:00.440,3.281,10000
2020-09-25 09:45:00.500,3.281,10000
2020-09-25 09:45:01.510,3.281,2000
2020-09-25 09:45:02.360,3.28,8000
2020-09-25 09:45:02.910,3.28,3000
2020-09-25 09:45:03.370,3.28,92200
2020-09-25 09:45:03.370,3.28,1400
2020-09-25 09:45:03.530,3.281,400
2020-09-25 09:45:03.920,3.281,1000
2020-09-25 09:45:04.520,3.28,14600
2020-09-25 09:45:04.520,3.28,3000
2020-09-25 09:45:04.520,3.28,600
2020-09-25 09:45:04.520,3.28,1000
2020-09-25 09:45:04.520,3.28,1700
2020-09-25 09:45:04.520,3.28,3000
2020-09-25 09:45:04.520,3.28,3300
2020-09-25 09:45:04.520,3.28,500
2020-09-25 09:45:04.520,3.28,129500
2020-09-25 09:45:04.520,3.28,142800
2020-09-25 09:45:05.340,3.28,7200
2020-09-25 09:45:05.340,3.28,500
2020-09-25 09:45:05.340,3.28,2000
2020-09-25 09:45:05.340,3.28,5600
2020-09-25 09:45:05.340,3.28,2000
2020-09-25 09:45:05.340,3.28,100
2020-09-25 09:45:05.340,3.28,700
2020-09-25 09:45:05.340,3.28,3900
2020-09-25 09:45:05.340,3.28,1000
2020-09-25 09:45:05.340,3.28,100
2020-09-25 09:45:05.950,3.28,5000
2020-09-25 09:45:06.240,3.28,2000
2020-09-25 09:45:07.020,3.28,200
2020-09-25 09:45:07.690,3.279,68000
2020-09-25 09:45:07.690,3.279,1000
2020-09-25 09:45:07.690,3.279,3000
2020-09-25 09:45:07.690,3.279,1000
2020-09-25 09:45:07.690,3.279,10000
2020-09-25 09:45:07.690,3.279,150000
2020-09-25 09:45:07.690,3.279,30000
2020-09-25 09:45:07.690,3.279,5000
2020-09-25 09:45:07.690,3.279,100
2020-09-25 09:45:07.690,3.279,3000
2020-09-25 09:45:07.690,3.279,12600
2020-09-25 09:45:07.690,3.279,7700
2020-09-25 09:45:07.870,3.279,8600
2020-09-25 09:45:07.870,3.28,18800
2020-09-25 09:45:11.620,3.278,300
2020-09-25 09:45:11.620,3.278,1000
2020-09-25 09:45:11.620,3.278,1200
2020-09-25 09:45:11.620,3.278,400
2020-09-25 09:45:11.620,3.278,1000
2020-09-25 09:45:11.620,3.278,3000
2020-09-25 09:45:11.620,3.278,100
2020-09-25 09:45:11.620,3.278,600
2020-09-25 09:45:11.620,3.278,10000
2020-09-25 09:45:11.620,3.278,100
2020-09-25 09:45:11.620,3.278,300
2020-09-25 09:45:11.620,3.278,500
2020-09-25 09:45:11.620,3.278,300
2020-09-25 09:45:11.620,3.278,100000
2020-09-25 09:45:11.620,3.278,2000
2020-09-25 09:45:11.620,3.278,10000
2020-09-25 09:45:11.620,3.278,1000
2020-09-25 09:45:11.620,3.278,1000
2020-09-25 09:45:11.620,3.278,2100
2020-09-25 09:45:11.620,3.278,2000
2020-09-25 09:45:11.620,3.278,50000
2020-09-25 09:45:11.620,3.278,1000
2020-09-25 09:45:13.360,3.277,10000
2020-09-25 09:45:13.360,3.277,100
2020-09-25 09:45:13.360,3.277,5000
2020-09-25 09:45:13.360,3.277,150000
2020-09-25 09:45:13.360,3.277,5000
2020-09-25 09:45:13.360,3.277,1000
2020-09-25 09:45:13.360,3.277,100000
2020-09-25 09:45:13.360,3.277,100
2020-09-25 09:45:13.360,3.277,10000
2020-09-25 09:45:13.360,3.277,18800
2020-09-25 09:45:15.290,3.278,20000
2020-09-25 09:45:16.980,3.278,92100
2020-09-25 09:45:17.010,3.279,10000
2020-09-25 09:45:19.480,3.278,100
2020-09-25 09:45:19.780,3.278,2000
2020-09-25 09:45:20.770,3.278,1000
2020-09-25 09:45:20.970,3.278,42300
2020-09-25 09:45:20.970,3.278,2900
2020-09-25 09:45:20.970,3.278,4800
2020-09-25 09:45:23.080,3.278,2800
2020-09-25 09:45:27.660,3.279,400
2020-09-25 09:45:28.550,3.278,100
2020-09-25 09:45:29.520,3.279,1000
2020-09-25 09:45:31.420,3.278,8000
2020-09-25 09:45:31.420,3.278,2300
2020-09-25 09:45:31.420,3.278,40000
2020-09-25 09:45:31.420,3.278,20000
2020-09-25 09:45:31.420,3.278,100
2020-09-25 09:45:31.420,3.278,66900
2020-09-25 09:45:31.420,3.278,28900
2020-09-25 09:45:31.420,3.278,80000
2020-09-25 09:45:31.420,3.278,12900
2020-09-25 09:45:31.420,3.278,5800
2020-09-25 09:45:33.530,3.278,34400
2020-09-25 09:45:33.560,3.278,8700
2020-09-25 09:45:34.050,3.279,1400
2020-09-25 09:45:34.590,3.279,6000
2020-09-25 09:45:34.590,3.279,1500
2020-09-25 09:45:34.590,3.279,500
2020-09-25 09:45:35.110,3.279,6000
2020-09-25 09:45:35.380,3.279,20400
2020-09-25 09:45:35.660,3.279,5000
2020-09-25 09:45:36.570,3.279,5800
2020-09-25 09:45:40.660,3.28,10000
2020-09-25 09:45:41.000,3.279,500
2020-09-25 09:45:41.000,3.279,2500
2020-09-25 09:45:41.880,3.279,17500
2020-09-25 09:45:41.880,3.279,100
2020-09-25 09:45:41.880,3.279,26600
2020-09-25 09:45:42.210,3.28,10000
2020-09-25 09:45:44.820,3.28,20000
2020-09-25 09:45:45.440,3.28,20000
2020-09-25 09:45:45.440,3.28,20000
2020-09-25 09:45:46.400,3.279,13400
2020-09-25 09:45:46.400,3.279,1300
2020-09-25 09:45:46.400,3.279,300000
2020-09-25 09:45:46.400,3.279,20000
2020-09-25 09:45:46.400,3.279,283300
2020-09-25 09:45:46.550,3.279,16700
2020-09-25 09:45:46.550,3.279,169700
2020-09-25 09:45:55.130,3.28,200
2020-09-25 09:45:55.390,3.279,500
2020-09-25 09:45:55.420,3.28,500
2020-09-25 09:45:57.350,3.279,6000
2020-09-25 09:45:57.690,3.28,9300
2020-09-25 09:45:57.690,3.28,10000
2020-09-25 09:45:57.690,3.28,100
2020-09-25 09:46:03.710,3.28,600
2020-09-25 09:46:03.710,3.28,4400
2020-09-25 09:46:08.720,3.28,7900
2020-09-25 09:46:08.720,3.28,10000
2020-09-25 09:46:08.720,3.28,500
2020-09-25 09:46:08.720,3.28,7000
2020-09-25 09:46:10.030,3.28,30000
2020-09-25 09:46:10.170,3.28,100
2020-09-25 09:46:13.040,3.28,400
2020-09-25 09:46:16.750,3.279,6500
2020-09-25 09:46:17.680,3.279,9900
2020-09-25 09:46:18.430,3.28,5000
2020-09-25 09:46:19.560,3.28,200
2020-09-25 09:46:19.560,3.28,100
2020-09-25 09:46:19.560,3.28,40000
2020-09-25 09:46:19.560,3.28,2000
2020-09-25 09:46:25.140,3.28,145477
2020-09-25 09:46:27.090,3.28,112223
2020-09-25 09:46:27.090,3.28,30000
2020-09-25 09:46:28.730,3.28,200
2020-09-25 09:46:30.260,3.28,6000
2020-09-25 09:46:31.470,3.28,1000
2020-09-25 09:46:36.520,3.279,5000
2020-09-25 09:46:36.980,3.279,100
2020-09-25 09:46:37.070,3.28,100
2020-09-25 09:46:38.190,3.28,300
2020-09-25 09:46:38.800,3.28,20000
2020-09-25 09:46:39.430,3.28,20000
2020-09-25 09:46:40.330,3.28,11800
2020-09-25 09:46:41.870,3.28,99277
2020-09-25 09:46:41.870,3.28,3300
2020-09-25 09:46:41.870,3.28,15100
2020-09-25 09:46:41.870,3.28,10000
2020-09-25 09:46:41.870,3.28,10000
2020-09-25 09:46:42.630,3.28,400
2020-09-25 09:46:42.880,3.281,89600
2020-09-25 09:46:42.880,3.281,30000
2020-09-25 09:46:42.880,3.281,100
2020-09-25 09:46:42.880,3.281,6000
2020-09-25 09:46:42.880,3.281,400
2020-09-25 09:46:42.880,3.281,10000
2020-09-25 09:46:42.880,3.281,13000
2020-09-25 09:46:42.880,3.281,20000
2020-09-25 09:46:42.880,3.281,46400
2020-09-25 09:46:43.710,3.282,282800
2020-09-25 09:46:43.710,3.282,300
2020-09-25 09:46:43.710,3.282,10000
2020-09-25 09:46:43.710,3.282,5100
2020-09-25 09:46:43.710,3.282,1800
2020-09-25 09:46:44.100,3.281,15000
2020-09-25 09:46:46.030,3.281,15400
2020-09-25 09:46:49.750,3.282,8200
2020-09-25 09:46:49.750,3.282,5000
2020-09-25 09:46:49.750,3.282,200
2020-09-25 09:46:50.010,3.281,15500
2020-09-25 09:46:50.210,3.282,800
2020-09-25 09:46:50.210,3.282,60000
2020-09-25 09:46:50.850,3.282,29200
2020-09-25 09:46:55.440,3.282,100
2020-09-25 09:46:55.440,3.282,19900
2020-09-25 09:46:59.850,3.282,10000
2020-09-25 09:47:03.070,3.281,5500
2020-09-25 09:47:04.590,3.281,5000
2020-09-25 09:47:06.250,3.282,600
2020-09-25 09:47:06.410,3.282,10000
2020-09-25 09:47:08.020,3.282,10300
2020-09-25 09:47:10.250,3.282,600
2020-09-25 09:47:16.430,3.282,1500
2020-09-25 09:47:16.650,3.282,500
2020-09-25 09:47:17.540,3.282,1000
2020-09-25 09:47:22.310,3.282,1300
2020-09-25 09:47:25.350,3.282,10000
2020-09-25 09:47:25.490,3.281,28100
2020-09-25 09:47:25.490,3.281,5000
2020-09-25 09:47:25.490,3.281,5000
2020-09-25 09:47:25.490,3.281,500
2020-09-25 09:47:25.490,3.281,500
2020-09-25 09:47:25.490,3.281,1200
2020-09-25 09:47:25.490,3.281,12400
2020-09-25 09:47:25.490,3.281,2600
2020-09-25 09:47:25.490,3.281,15000
2020-09-25 09:47:25.490,3.281,30000
2020-09-25 09:47:25.490,3.281,150700
2020-09-25 09:47:28.230,3.282,600
2020-09-25 09:47:28.630,3.282,3000
2020-09-25 09:47:28.690,3.282,20000
2020-09-25 09:47:29.500,3.281,149300
2020-09-25 09:47:29.500,3.281,10000
2020-09-25 09:47:29.500,3.281,10000
2020-09-25 09:47:37.720,3.28,161923
2020-09-25 09:47:37.720,3.28,3000
2020-09-25 09:47:37.720,3.28,2500
2020-09-25 09:47:37.720,3.28,800
2020-09-25 09:47:37.720,3.28,3000
2020-09-25 09:47:37.720,3.28,10000
2020-09-25 09:47:37.720,3.28,20000
2020-09-25 09:47:37.720,3.28,40000
2020-09-25 09:47:37.720,3.28,66200
2020-09-25 09:47:38.260,3.28,192577
2020-09-25 09:47:39.040,3.281,18300
2020-09-25 09:47:40.330,3.281,9800
2020-09-25 09:47:40.700,3.281,1600
2020-09-25 09:47:41.420,3.281,20000
2020-09-25 09:47:41.420,3.281,40000
2020-09-25 09:47:54.190,3.28,10000
2020-09-25 09:47:54.190,3.28,6100
2020-09-25 09:47:55.460,3.281,30000
2020-09-25 09:47:56.950,3.28,2900
2020-09-25 09:47:57.970,3.281,300
2020-09-25 09:47:58.970,3.28,1000
2020-09-25 09:48:01.560,3.28,3300
2020-09-25 09:48:01.560,3.28,40000
2020-09-25 09:48:08.780,3.28,19800
2020-09-25 09:48:11.980,3.28,40700
2020-09-25 09:48:16.060,3.28,2000
2020-09-25 09:48:16.530,3.281,1000
2020-09-25 09:48:16.640,3.28,15000
2020-09-25 09:48:25.100,3.28,100
2020-09-25 09:48:25.850,3.28,5000
2020-09-25 09:48:32.900,3.28,11100
2020-09-25 09:48:36.010,3.28,15000
2020-09-25 09:48:36.150,3.281,1300
2020-09-25 09:48:37.110,3.28,2500
2020-09-25 09:48:37.240,3.28,2000
2020-09-25 09:48:38.880,3.281,1400
2020-09-25 09:48:39.230,3.28,100
2020-09-25 09:48:40.060,3.28,1000
2020-09-25 09:48:40.590,3.28,20000
2020-09-25 09:48:45.290,3.28,100000
2020-09-25 09:48:45.670,3.28,85500
2020-09-25 09:48:45.670,3.28,32700
2020-09-25 09:48:45.670,3.28,1500
2020-09-25 09:48:45.670,3.28,900
2020-09-25 09:48:45.670,3.28,1500
2020-09-25 09:48:45.670,3.28,6600
2020-09-25 09:48:45.670,3.28,600
2020-09-25 09:48:45.670,3.28,1000
2020-09-25 09:48:45.670,3.28,6100
2020-09-25 09:48:45.670,3.28,1500
2020-09-25 09:48:47.130,3.28,400
2020-09-25 09:48:51.190,3.28,1000
2020-09-25 09:48:51.840,3.28,100
2020-09-25 09:48:54.940,3.28,600
2020-09-25 09:48:55.820,3.28,900
2020-09-25 09:49:00.340,3.28,5000
2020-09-25 09:49:01.280,3.28,1900
2020-09-25 09:49:02.210,3.279,4200
2020-09-25 09:49:02.710,3.28,20000
2020-09-25 09:49:04.970,3.279,6800
2020-09-25 09:49:09.050,3.279,1800
2020-09-25 09:49:09.410,3.279,200
2020-09-25 09:49:15.400,3.279,30500
2020-09-25 09:49:15.400,3.279,100
2020-09-25 09:49:15.400,3.279,3000
2020-09-25 09:49:15.400,3.279,10000
2020-09-25 09:49:15.400,3.279,10000
2020-09-25 09:49:15.400,3.279,700
2020-09-25 09:49:15.400,3.279,15500
2020-09-25 09:49:15.400,3.279,800
2020-09-25 09:49:15.400,3.279,10000
2020-09-25 09:49:15.400,3.279,10000
2020-09-25 09:49:15.400,3.279,21300
2020-09-25 09:49:15.400,3.279,2000
2020-09-25 09:49:15.400,3.279,9500
2020-09-25 09:49:15.400,3.279,5000
2020-09-25 09:49:17.360,3.279,500
2020-09-25 09:49:19.830,3.278,500
2020-09-25 09:49:19.830,3.278,1500
2020-09-25 09:49:21.680,3.278,200
2020-09-25 09:49:22.370,3.279,1000
2020-09-25 09:49:23.140,3.279,170100
2020-09-25 09:49:23.140,3.279,5000
2020-09-25 09:49:25.870,3.279,4100
2020-09-25 09:49:27.460,3.28,20000
2020-09-25 09:49:27.550,3.28,33200
2020-09-25 09:49:27.960,3.28,79000
2020-09-25 09:49:27.960,3.28,500
2020-09-25 09:49:27.960,3.28,5000
2020-09-25 09:49:27.960,3.28,10300
2020-09-25 09:49:27.960,3.28,30000
2020-09-25 09:49:27.960,3.28,100
2020-09-25 09:49:27.960,3.28,6000
2020-09-25 09:49:27.960,3.28,400
2020-09-25 09:49:28.200,3.28,105700
2020-09-25 09:49:28.200,3.28,115000
2020-09-25 09:49:28.810,3.28,36100
2020-09-25 09:49:29.490,3.28,100
2020-09-25 09:49:32.290,3.28,3600
2020-09-25 09:49:41.670,3.281,5000
2020-09-25 09:49:44.700,3.281,2000
2020-09-25 09:49:44.700,3.281,8000
2020-09-25 09:49:46.330,3.281,4500
2020-09-25 09:49:46.470,3.281,400
2020-09-25 09:49:49.720,3.28,500
2020-09-25 09:49:52.780,3.28,49500
2020-09-25 09:49:52.780,3.28,120000
2020-09-25 09:49:55.300,3.28,3900
2020-09-25 09:49:56.220,3.28,200
2020-09-25 09:49:56.420,3.28,400
2020-09-25 09:49:56.640,3.28,5000
2020-09-25 09:49:58.990,3.28,300
2020-09-25 09:50:00.520,3.28,600
2020-09-25 09:50:02.610,3.28,700
2020-09-25 09:50:03.300,3.28,10000
2020-09-25 09:50:05.640,3.279,3700
2020-09-25 09:50:05.900,3.28,600
2020-09-25 09:50:07.810,3.28,4400
2020-09-25 09:50:08.050,3.28,1000
2020-09-25 09:50:08.420,3.279,3000
2020-09-25 09:50:09.100,3.28,200
2020-09-25 09:50:10.880,3.279,1000
2020-09-25 09:50:16.540,3.28,200
2020-09-25 09:50:19.280,3.28,26200
2020-09-25 09:50:19.280,3.28,100
2020-09-25 09:50:19.280,3.28,21100
2020-09-25 09:50:19.280,3.28,100
2020-09-25 09:50:21.410,3.28,2000
2020-09-25 09:50:29.980,3.28,3000
2020-09-25 09:50:39.160,3.281,44100
2020-09-25 09:50:39.400,3.281,10000
2020-09-25 09:50:40.430,3.281,1000
2020-09-25 09:50:40.450,3.281,1500
2020-09-25 09:50:41.050,3.281,4800
2020-09-25 09:50:41.860,3.28,2000
2020-09-25 09:50:41.860,3.28,4900
2020-09-25 09:50:41.860,3.28,200
2020-09-25 09:50:41.860,3.28,3000
2020-09-25 09:50:41.860,3.28,1000
2020-09-25 09:50:41.860,3.28,153100
2020-09-25 09:50:41.860,3.28,1100
2020-09-25 09:50:41.860,3.28,1000
2020-09-25 09:50:41.860,3.28,20000
2020-09-25 09:50:41.860,3.28,10000
2020-09-25 09:50:41.860,3.28,200
2020-09-25 09:50:43.760,3.279,292300
2020-09-25 09:50:43.760,3.279,7700
2020-09-25 09:50:43.790,3.28,5000
2020-09-25 09:50:45.060,3.28,12000
2020-09-25 09:50:48.040,3.28,7400
2020-09-25 09:50:49.200,3.28,2400
2020-09-25 09:50:53.690,3.28,300
2020-09-25 09:50:55.030,3.28,100
2020-09-25 09:50:55.410,3.28,2000
2020-09-25 09:50:55.490,3.28,5000
2020-09-25 09:50:55.690,3.28,200
2020-09-25 09:50:57.630,3.28,4000
2020-09-25 09:50:57.750,3.28,5000
2020-09-25 09:51:01.710,3.279,5000
2020-09-25 09:51:03.710,3.28,1000
2020-09-25 09:51:05.460,3.28,20000
2020-09-25 09:51:05.610,3.28,40000
2020-09-25 09:51:05.610,3.28,5000
2020-09-25 09:51:05.610,3.28,100
2020-09-25 09:51:05.610,3.28,500
2020-09-25 09:51:05.610,3.28,30600
2020-09-25 09:51:10.290,3.28,1500
2020-09-25 09:51:14.580,3.28,1500
2020-09-25 09:51:16.520,3.28,3000
2020-09-25 09:51:23.490,3.28,1000
2020-09-25 09:51:23.670,3.281,100
2020-09-25 09:51:24.940,3.28,10000
2020-09-25 09:51:30.110,3.28,2200
2020-09-25 09:51:33.530,3.28,128000
2020-09-25 09:51:36.200,3.28,28600
2020-09-25 09:51:36.200,3.28,4700
2020-09-25 09:51:36.200,3.28,100
2020-09-25 09:51:36.200,3.28,600
2020-09-25 09:51:36.200,3.28,28000
2020-09-25 09:51:37.480,3.28,2000
2020-09-25 09:51:37.480,3.28,3000
2020-09-25 09:51:37.690,3.28,100
2020-09-25 09:51:39.130,3.28,1000
2020-09-25 09:51:43.690,3.28,10000
2020-09-25 09:51:47.120,3.28,100
2020-09-25 09:51:51.440,3.28,100
2020-09-25 09:51:56.350,3.28,166500
2020-09-25 09:51:56.350,3.28,20000
2020-09-25 09:51:56.350,3.28,3400
2020-09-25 09:51:56.350,3.28,100
2020-09-25 09:51:56.350,3.28,11600
2020-09-25 09:51:56.350,3.28,5000
2020-09-25 09:51:56.350,3.28,7000
2020-09-25 09:51:58.910,3.28,10000
2020-09-25 09:52:00.990,3.28,20000
2020-09-25 09:52:02.170,3.28,20000
2020-09-25 09:52:02.770,3.28,400
2020-09-25 09:52:05.570,3.28,6000
2020-09-25 09:52:10.850,3.28,2100
2020-09-25 09:52:14.600,3.28,9900
2020-09-25 09:52:14.600,3.28,8000
2020-09-25 09:52:14.600,3.28,2100
2020-09-25 09:52:15.450,3.28,3900
2020-09-25 09:52:15.450,3.28,100
2020-09-25 09:52:17.790,3.28,8200
2020-09-25 09:52:18.940,3.28,1000
2020-09-25 09:52:29.180,3.281,5600
2020-09-25 09:52:29.180,3.281,1100
2020-09-25 09:52:29.180,3.281,100
2020-09-25 09:52:29.180,3.281,27000
2020-09-25 09:52:29.180,3.281,6300
2020-09-25 09:52:29.180,3.281,4000
2020-09-25 09:52:29.180,3.281,1000
2020-09-25 09:52:29.180,3.281,100000
2020-09-25 09:52:29.180,3.281,6000
2020-09-25 09:52:29.180,3.281,10000
2020-09-25 09:52:29.180,3.281,200
2020-09-25 09:52:29.180,3.281,138700
2020-09-25 09:52:29.350,3.28,400
2020-09-25 09:52:29.380,3.281,36000
2020-09-25 09:52:31.110,3.28,1000
2020-09-25 09:52:32.160,3.28,6000
2020-09-25 09:52:33.290,3.281,18200
2020-09-25 09:52:33.290,3.281,10000
2020-09-25 09:52:33.290,3.281,3000
2020-09-25 09:52:33.290,3.281,2000
2020-09-25 09:52:33.290,3.281,7000
2020-09-25 09:52:33.290,3.281,3000
2020-09-25 09:52:33.290,3.281,1700
2020-09-25 09:52:33.290,3.281,100
2020-09-25 09:52:33.290,3.281,145000
2020-09-25 09:52:33.610,3.281,299700
2020-09-25 09:52:33.610,3.281,15300
2020-09-25 09:52:33.610,3.281,15600
2020-09-25 09:52:35.490,3.281,100
2020-09-25 09:52:36.420,3.281,3800
2020-09-25 09:52:37.440,3.281,16200
2020-09-25 09:52:37.440,3.281,83800
2020-09-25 09:52:37.940,3.282,3000
2020-09-25 09:52:37.940,3.282,1000
2020-09-25 09:52:37.940,3.282,2200
2020-09-25 09:52:43.100,3.281,5000
2020-09-25 09:52:44.750,3.281,13900
2020-09-25 09:52:45.780,3.281,5000
2020-09-25 09:52:47.720,3.281,10000
2020-09-25 09:52:48.650,3.282,800
2020-09-25 09:52:48.650,3.282,1000
2020-09-25 09:52:48.650,3.282,1300
2020-09-25 09:53:00.300,3.281,500
2020-09-25 09:53:02.410,3.282,200
2020-09-25 09:53:02.410,3.282,200
2020-09-25 09:53:02.410,3.282,1200
2020-09-25 09:53:03.270,3.281,400
2020-09-25 09:53:03.560,3.282,3000
2020-09-25 09:53:03.840,3.282,800
2020-09-25 09:53:03.840,3.282,200000
2020-09-25 09:53:03.840,3.282,99200
2020-09-25 09:53:05.040,3.282,200000
2020-09-25 09:53:06.760,3.281,7500
2020-09-25 09:53:07.440,3.281,2900
2020-09-25 09:53:11.610,3.282,300000
2020-09-25 09:53:12.540,3.281,2000
2020-09-25 09:53:13.950,3.282,300000
2020-09-25 09:53:15.460,3.282,300
2020-09-25 09:53:18.490,3.281,500
2020-09-25 09:53:19.500,3.282,10000
2020-09-25 09:53:19.500,3.282,10000
2020-09-25 09:53:19.960,3.282,10000
2020-09-25 09:53:20.050,3.282,57800
2020-09-25 09:53:20.050,3.282,30000
2020-09-25 09:53:20.050,3.282,8000
2020-09-25 09:53:20.050,3.282,3500
2020-09-25 09:53:20.050,3.282,500
2020-09-25 09:53:20.050,3.282,10000
2020-09-25 09:53:20.050,3.282,100
2020-09-25 09:53:20.050,3.282,5800
2020-09-25 09:53:20.050,3.282,198500
2020-09-25 09:53:20.050,3.282,60000
2020-09-25 09:53:20.050,3.282,1400
2020-09-25 09:53:20.930,3.282,3900
2020-09-25 09:53:22.480,3.282,1500
2020-09-25 09:53:24.500,3.282,10000
2020-09-25 09:53:25.610,3.282,8000
2020-09-25 09:53:29.480,3.282,2000
2020-09-25 09:53:29.480,3.282,2000
2020-09-25 09:53:35.570,3.282,4900
2020-09-25 09:53:42.670,3.282,3100
2020-09-25 09:53:42.670,3.282,400
2020-09-25 09:53:45.120,3.283,600
2020-09-25 09:53:47.190,3.283,500
2020-09-25 09:53:47.900,3.283,3900
2020-09-25 09:53:55.420,3.283,36000
2020-09-25 09:53:55.420,3.283,4000
2020-09-25 09:53:55.420,3.283,5000
2020-09-25 09:53:55.420,3.283,10000
2020-09-25 09:53:55.420,3.283,1000
2020-09-25 09:53:55.420,3.283,244000
2020-09-25 09:53:55.480,3.283,56000
2020-09-25 09:53:55.480,3.283,3000
2020-09-25 09:53:55.480,3.283,100
2020-09-25 09:53:55.480,3.283,15700
2020-09-25 09:53:55.480,3.283,400
2020-09-25 09:53:55.480,3.283,100
2020-09-25 09:53:55.480,3.283,4800
2020-09-25 09:53:55.480,3.283,10000
2020-09-25 09:53:55.480,3.283,100
2020-09-25 09:54:10.300,3.283,32000
2020-09-25 09:54:15.100,3.283,1000
2020-09-25 09:54:16.570,3.284,100
2020-09-25 09:54:29.080,3.284,400
2020-09-25 09:54:30.240,3.284,300
2020-09-25 09:54:30.240,3.284,1300
2020-09-25 09:54:30.580,3.284,700
2020-09-25 09:54:30.580,3.284,2400
2020-09-25 09:54:32.260,3.284,500
2020-09-25 09:54:37.050,3.284,100
2020-09-25 09:54:37.050,3.284,6000
2020-09-25 09:54:37.050,3.284,400
2020-09-25 09:54:37.050,3.284,2000
2020-09-25 09:54:37.050,3.284,500
2020-09-25 09:54:37.050,3.284,1000
2020-09-25 09:54:37.540,3.284,9000
2020-09-25 09:54:37.540,3.284,5000
2020-09-25 09:54:37.540,3.284,10000
2020-09-25 09:54:37.540,3.284,3000
2020-09-25 09:54:37.540,3.284,5000
2020-09-25 09:54:37.540,3.284,2000
2020-09-25 09:54:37.540,3.284,100
2020-09-25 09:54:37.540,3.284,1000
2020-09-25 09:54:37.540,3.284,264900
2020-09-25 09:54:37.970,3.284,25100
2020-09-25 09:54:37.970,3.284,10000
2020-09-25 09:54:37.970,3.284,300
2020-09-25 09:54:37.970,3.284,23700
2020-09-25 09:54:37.970,3.284,5100
2020-09-25 09:54:37.970,3.284,100
2020-09-25 09:54:37.970,3.284,2000
2020-09-25 09:54:37.970,3.284,1600
2020-09-25 09:54:37.970,3.284,20000
2020-09-25 09:54:37.970,3.284,3000
2020-09-25 09:54:37.970,3.284,600
2020-09-25 09:54:39.050,3.284,18900
2020-09-25 09:54:40.140,3.284,1000
2020-09-25 09:54:40.280,3.284,500
2020-09-25 09:54:40.280,3.284,700
2020-09-25 09:54:42.840,3.284,12800
2020-09-25 09:54:43.920,3.284,14900
2020-09-25 09:54:44.880,3.285,3000
2020-09-25 09:54:46.050,3.285,5000
2020-09-25 09:54:46.530,3.285,1000
2020-09-25 09:54:46.870,3.284,5000
2020-09-25 09:54:51.410,3.284,7300
2020-09-25 09:54:53.290,3.284,600
2020-09-25 09:54:55.840,3.285,5000
2020-09-25 09:54:56.130,3.285,10000
2020-09-25 09:54:56.310,3.285,5000
2020-09-25 09:54:59.350,3.285,500
2020-09-25 09:55:01.570,3.285,3000
2020-09-25 09:55:01.700,3.285,17500
2020-09-25 09:55:01.700,3.285,300
2020-09-25 09:55:01.700,3.285,400
2020-09-25 09:55:01.700,3.285,203200
2020-09-25 09:55:01.700,3.285,10000
2020-09-25 09:55:01.700,3.285,300
2020-09-25 09:55:01.700,3.285,19800
2020-09-25 09:55:01.700,3.285,1000
2020-09-25 09:55:01.700,3.285,15300
2020-09-25 09:55:01.700,3.285,5000
2020-09-25 09:55:01.700,3.285,300
2020-09-25 09:55:01.700,3.285,1000
2020-09-25 09:55:01.700,3.285,23000
2020-09-25 09:55:01.700,3.285,1000
2020-09-25 09:55:01.700,3.285,1900
2020-09-25 09:55:02.290,3.285,3100
2020-09-25 09:55:02.290,3.285,10000
2020-09-25 09:55:02.290,3.285,27500
2020-09-25 09:55:02.290,3.285,400
2020-09-25 09:55:02.290,3.285,600
2020-09-25 09:55:02.290,3.285,200
2020-09-25 09:55:02.290,3.285,200
2020-09-25 09:55:02.290,3.285,5000
2020-09-25 09:55:02.290,3.285,2600
2020-09-25 09:55:02.290,3.285,3000
2020-09-25 09:55:02.290,3.285,3000
2020-09-25 09:55:02.290,3.285,100
2020-09-25 09:55:02.290,3.285,6000
2020-09-25 09:55:02.290,3.285,100
2020-09-25 09:55:02.290,3.285,21100
2020-09-25 09:55:02.290,3.285,10000
2020-09-25 09:55:02.290,3.285,50400
2020-09-25 09:55:02.550,3.285,156700
2020-09-25 09:55:02.550,3.285,143300
