Datetime,Price,Volume
2020-09-25 09:25:00.340,4.643,13000
2020-09-25 09:25:00.340,4.643,10000
2020-09-25 09:25:00.340,4.643,400
2020-09-25 09:25:00.340,4.643,1600
2020-09-25 09:25:00.340,4.643,400
2020-09-25 09:25:00.340,4.643,20000
2020-09-25 09:25:00.340,4.643,4600
2020-09-25 09:25:00.340,4.643,2000
2020-09-25 09:25:00.340,4.643,2200
2020-09-25 09:25:00.340,4.643,11200
2020-09-25 09:25:00.340,4.643,20000
2020-09-25 09:25:00.340,4.643,18800
2020-09-25 09:25:00.340,4.643,900
2020-09-25 09:25:00.340,4.643,300
2020-09-25 09:25:00.340,4.643,12700
2020-09-25 09:25:00.340,4.643,7300
2020-09-25 09:25:00.340,4.643,2700
2020-09-25 09:25:00.340,4.643,17300
2020-09-25 09:25:00.340,4.643,20000
2020-09-25 09:25:00.340,4.643,20000
2020-09-25 09:25:00.340,4.643,3800
2020-09-25 09:25:00.340,4.643,200
2020-09-25 09:25:00.340,4.643,1000
2020-09-25 09:25:00.340,4.643,1000
2020-09-25 09:25:00.340,4.643,300
2020-09-25 09:25:00.340,4.643,6800
2020-09-25 09:25:00.340,4.643,400
2020-09-25 09:25:00.340,4.643,500
2020-09-25 09:25:00.340,4.643,6000
2020-09-25 09:25:00.340,4.643,20000
2020-09-25 09:25:00.340,4.643,20000
2020-09-25 09:25:00.340,4.643,20000
2020-09-25 09:25:00.340,4.643,9800
2020-09-25 09:25:00.340,4.643,100
2020-09-25 09:25:00.340,4.643,10100
2020-09-25 09:25:00.340,4.643,19900
2020-09-25 09:25:00.340,4.643,100
2020-09-25 09:25:00.340,4.643,9900
2020-09-25 09:25:00.340,4.643,10100
2020-09-25 09:25:00.340,4.643,3400
2020-09-25 09:25:00.340,4.643,4700
2020-09-25 09:25:00.340,4.643,5500
2020-09-25 09:25:00.340,4.643,500
2020-09-25 09:25:00.340,4.643,5900
2020-09-25 09:25:00.340,4.643,7100
2020-09-25 09:25:00.340,4.643,12900
2020-09-25 09:25:00.340,4.643,7100
2020-09-25 09:25:00.340,4.643,200
2020-09-25 09:25:00.340,4.643,12700
2020-09-25 09:25:00.340,4.643,15900
2020-09-25 09:25:00.340,4.643,4100
2020-09-25 09:25:00.340,4.643,3000
2020-09-25 09:25:00.340,4.643,5000
2020-09-25 09:25:00.340,4.643,3000
2020-09-25 09:25:00.340,4.643,9000
2020-09-25 09:25:00.340,4.643,8000
2020-09-25 09:25:00.340,4.643,5000
2020-09-25 09:25:00.340,4.643,1000
2020-09-25 09:25:00.340,4.643,200
2020-09-25 09:25:00.340,4.643,5800
2020-09-25 09:25:00.340,4.643,14200
2020-09-25 09:25:00.340,4.643,3500
2020-09-25 09:25:00.340,4.643,2300
2020-09-25 09:25:00.340,4.643,20000
2020-09-25 09:25:00.340,4.643,1400
2020-09-25 09:25:00.340,4.643,18600
2020-09-25 09:25:00.340,4.643,1400
2020-09-25 09:25:00.340,4.643,600
2020-09-25 09:25:00.340,4.643,200
2020-09-25 09:25:00.340,4.643,10000
2020-09-25 09:25:00.340,4.643,7800
2020-09-25 09:25:00.340,4.643,20000
2020-09-25 09:25:00.340,4.643,30000
2020-09-25 09:25:00.340,4.643,14300
2020-09-25 09:25:00.340,4.643,1600
2020-09-25 09:25:00.340,4.643,27400
2020-09-25 09:25:00.340,4.643,13900
2020-09-25 09:25:00.340,4.643,3100
2020-09-25 09:25:00.340,4.643,22800
2020-09-25 09:25:00.340,4.643,2000
2020-09-25 09:25:00.340,4.643,10000
2020-09-25 09:25:00.340,4.643,200
2020-09-25 09:25:00.340,4.643,15000
2020-09-25 09:25:00.340,4.643,200
2020-09-25 09:25:00.340,4.643,200
2020-09-25 09:25:00.340,4.643,100
2020-09-25 09:25:00.340,4.643,500
2020-09-25 09:25:00.340,4.643,4800
2020-09-25 09:25:00.340,4.643,4300
2020-09-25 09:25:00.340,4.643,900
2020-09-25 09:25:00.340,4.643,1100
2020-09-25 09:25:00.340,4.643,2500
2020-09-25 09:25:00.340,4.643,300
2020-09-25 09:25:00.340,4.643,4800
2020-09-25 09:25:00.340,4.643,600
2020-09-25 09:25:00.340,4.643,2100
2020-09-25 09:25:00.340,4.643,300
2020-09-25 09:25:00.340,4.643,1000
2020-09-25 09:25:00.340,4.643,56900
2020-09-25 09:25:00.340,4.643,58
2020-09-25 09:25:00.340,4.643,8500
2020-09-25 09:25:00.340,4.643,2500
2020-09-25 09:25:00.340,4.643,3000
2020-09-25 09:25:00.340,4.643,100
2020-09-25 09:25:00.340,4.643,100
2020-09-25 09:25:00.340,4.643,200
2020-09-25 09:25:00.340,4.643,100
2020-09-25 09:25:00.340,4.643,100
2020-09-25 09:25:00.340,4.643,700
2020-09-25 09:25:00.340,4.643,2600
2020-09-25 09:25:00.340,4.643,100
2020-09-25 09:25:00.340,4.643,200
2020-09-25 09:25:00.340,4.643,400
2020-09-25 09:25:00.340,4.643,100
2020-09-25 09:25:00.340,4.643,11642
2020-09-25 09:25:00.340,4.643,258
2020-09-25 09:25:00.340,4.643,100
2020-09-25 09:25:00.340,4.643,242
2020-09-25 09:25:00.340,4.643,658
2020-09-25 09:25:00.340,4.643,200
2020-09-25 09:25:00.340,4.643,5600
2020-09-25 09:25:00.340,4.643,2000
2020-09-25 09:25:00.340,4.643,600
2020-09-25 09:25:00.340,4.643,700
2020-09-25 09:25:00.340,4.643,242
2020-09-25 09:25:00.340,4.643,58
2020-09-25 09:25:00.340,4.643,100
2020-09-25 09:25:00.340,4.643,1600
2020-09-25 09:25:00.340,4.643,98242
2020-09-25 09:25:00.340,4.643,1500
2020-09-25 09:25:00.340,4.643,8500
2020-09-25 09:25:00.340,4.643,185758
2020-09-25 09:25:00.340,4.643,100
2020-09-25 09:25:00.340,4.643,100
2020-09-25 09:25:00.340,4.643,100
2020-09-25 09:25:00.340,4.643,300
2020-09-25 09:25:00.340,4.643,200
2020-09-25 09:25:00.340,4.643,10000
2020-09-25 09:25:00.340,4.643,30000
2020-09-25 09:25:00.340,4.643,100
2020-09-25 09:25:00.340,4.643,100
2020-09-25 09:25:00.340,4.643,200
2020-09-25 09:25:00.340,4.643,22500
2020-09-25 09:25:00.340,4.643,1000
2020-09-25 09:25:00.340,4.643,5000
2020-09-25 09:25:00.340,4.643,19700
2020-09-25 09:25:00.340,4.643,5700
2020-09-25 09:25:00.340,4.643,500
2020-09-25 09:25:00.340,4.643,3500
2020-09-25 09:25:00.340,4.643,100
2020-09-25 09:25:00.340,4.643,10000
2020-09-25 09:25:00.340,4.643,42
2020-09-25 09:25:00.340,4.643,4000
2020-09-25 09:25:00.340,4.643,5958
2020-09-25 09:25:00.340,4.643,6000
2020-09-25 09:25:00.340,4.643,5900
2020-09-25 09:25:00.340,4.643,12142
2020-09-25 09:25:00.340,4.643,2858
2020-09-25 09:25:00.340,4.643,7142
2020-09-25 09:25:00.340,4.643,12858
2020-09-25 09:25:00.340,4.643,5000
2020-09-25 09:25:00.340,4.643,5342
2020-09-25 09:25:00.340,4.643,2000
2020-09-25 09:25:00.340,4.643,200
2020-09-25 09:25:00.340,4.643,15558
2020-09-25 09:25:00.340,4.643,6442
2020-09-25 09:25:00.340,4.643,23558
2020-09-25 09:25:00.340,4.643,200
2020-09-25 09:25:00.340,4.643,2200
2020-09-25 09:25:00.340,4.643,74042
2020-09-25 09:25:00.340,4.643,30000
2020-09-25 09:25:00.340,4.643,42958
2020-09-25 09:25:00.340,4.643,100
2020-09-25 09:25:00.340,4.643,4942
2020-09-25 09:25:00.340,4.643,8858
2020-09-25 09:25:00.340,4.643,100
2020-09-25 09:25:00.340,4.643,20000
2020-09-25 09:25:00.340,4.643,21042
2020-09-25 09:25:00.340,4.643,20000
2020-09-25 09:25:00.340,4.643,5000
2020-09-25 09:25:00.340,4.643,3958
2020-09-25 09:25:00.340,4.643,1042
2020-09-25 09:25:00.340,4.643,1458
2020-09-25 09:25:00.340,4.643,2242
2020-09-25 09:25:00.340,4.643,12758
2020-09-25 09:25:00.340,4.643,10442
2020-09-25 09:25:00.340,4.643,20000
2020-09-25 09:25:00.340,4.643,25000
2020-09-25 09:25:00.340,4.643,8000
2020-09-25 09:25:00.340,4.643,2500
2020-09-25 09:25:00.340,4.643,1200
2020-09-25 09:25:00.340,4.643,47500
2020-09-25 09:25:00.340,4.643,98558
2020-09-25 09:30:00.060,4.643,141442
2020-09-25 09:30:00.060,4.643,5000
2020-09-25 09:30:00.100,4.643,20000
2020-09-25 09:30:00.100,4.643,300000
2020-09-25 09:30:00.190,4.643,6500
2020-09-25 09:30:00.210,4.643,127058
2020-09-25 09:30:00.210,4.644,5942
2020-09-25 09:30:00.210,4.644,5058
2020-09-25 09:30:00.210,4.645,100
2020-09-25 09:30:00.210,4.645,500
2020-09-25 09:30:00.210,4.645,500
2020-09-25 09:30:00.250,4.646,800
2020-09-25 09:30:00.250,4.646,14200
2020-09-25 09:30:00.310,4.646,20000
2020-09-25 09:30:00.310,4.646,20000
2020-09-25 09:30:00.310,4.646,20000
2020-09-25 09:30:00.350,4.646,72800
2020-09-25 09:30:00.410,4.646,10000
2020-09-25 09:30:00.410,4.646,1000
2020-09-25 09:30:00.410,4.646,1000
2020-09-25 09:30:00.410,4.647,2000
2020-09-25 09:30:00.410,4.646,7000
2020-09-25 09:30:00.520,4.647,8000
2020-09-25 09:30:00.520,4.647,3500
2020-09-25 09:30:00.520,4.647,4000
2020-09-25 09:30:00.520,4.647,50000
2020-09-25 09:30:00.520,4.648,1000
2020-09-25 09:30:00.520,4.648,100
2020-09-25 09:30:00.520,4.648,2800
2020-09-25 09:30:00.520,4.648,3600
2020-09-25 09:30:00.520,4.648,2100
2020-09-25 09:30:00.520,4.648,10000
2020-09-25 09:30:00.630,4.648,20000
2020-09-25 09:30:00.630,4.648,3100
2020-09-25 09:30:00.630,4.648,300
2020-09-25 09:30:00.630,4.649,2000
2020-09-25 09:30:00.750,4.648,1000
2020-09-25 09:30:00.750,4.647,29000
2020-09-25 09:30:00.750,4.647,600
2020-09-25 09:30:00.750,4.647,10000
2020-09-25 09:30:00.750,4.647,23000
2020-09-25 09:30:00.860,4.647,3000
2020-09-25 09:30:00.860,4.647,200
2020-09-25 09:30:00.990,4.647,1000
2020-09-25 09:30:00.990,4.647,2300
2020-09-25 09:30:01.110,4.647,4000
2020-09-25 09:30:01.230,4.648,100
2020-09-25 09:30:01.230,4.649,8000
2020-09-25 09:30:01.230,4.649,1000
2020-09-25 09:30:01.230,4.65,900
2020-09-25 09:30:01.460,4.647,5000
2020-09-25 09:30:01.460,4.647,200
2020-09-25 09:30:01.570,4.647,4000
2020-09-25 09:30:01.570,4.648,10000
2020-09-25 09:30:01.570,4.648,4900
2020-09-25 09:30:01.570,4.648,20000
2020-09-25 09:30:01.810,4.649,1000
2020-09-25 09:30:01.930,4.648,12300
2020-09-25 09:30:02.050,4.648,5000
2020-09-25 09:30:02.050,4.648,300
2020-09-25 09:30:02.050,4.648,1200
2020-09-25 09:30:02.180,4.648,10000
2020-09-25 09:30:02.370,4.648,100
2020-09-25 09:30:02.370,4.648,2200
2020-09-25 09:30:02.370,4.649,5000
2020-09-25 09:30:02.620,4.649,2000
2020-09-25 09:30:02.750,4.648,25200
2020-09-25 09:30:02.750,4.648,25200
2020-09-25 09:30:02.800,4.648,150000
2020-09-25 09:30:02.800,4.649,1000
2020-09-25 09:30:02.800,4.649,1000
2020-09-25 09:30:02.800,4.649,2000
2020-09-25 09:30:02.800,4.649,40000
2020-09-25 09:30:02.800,4.65,19100
2020-09-25 09:30:02.800,4.65,1700
2020-09-25 09:30:02.800,4.65,100
2020-09-25 09:30:02.800,4.65,500
2020-09-25 09:30:02.800,4.65,6000
2020-09-25 09:30:02.800,4.65,200
2020-09-25 09:30:02.800,4.65,5900
2020-09-25 09:30:02.800,4.65,10000
2020-09-25 09:30:02.800,4.65,50000
2020-09-25 09:30:02.800,4.65,3000
2020-09-25 09:30:02.800,4.65,100
2020-09-25 09:30:02.800,4.65,1200
2020-09-25 09:30:02.910,4.648,33600
2020-09-25 09:30:02.910,4.648,56400
2020-09-25 09:30:02.910,4.648,3600
2020-09-25 09:30:02.910,4.648,1700
2020-09-25 09:30:02.910,4.648,14700
2020-09-25 09:30:03.030,4.648,35100
2020-09-25 09:30:03.150,4.648,5000
2020-09-25 09:30:03.150,4.648,1000
2020-09-25 09:30:03.150,4.648,1000
2020-09-25 09:30:03.280,4.648,100000
2020-09-25 09:30:03.390,4.648,400
2020-09-25 09:30:03.390,4.648,21300
2020-09-25 09:30:03.390,4.65,8800
2020-09-25 09:30:03.390,4.65,700
2020-09-25 09:30:03.390,4.65,4000
2020-09-25 09:30:03.390,4.65,10700
2020-09-25 09:30:03.390,4.65,4400
2020-09-25 09:30:03.390,4.65,261400
2020-09-25 09:30:03.530,4.648,300
2020-09-25 09:30:03.650,4.648,2500
2020-09-25 09:30:03.780,4.648,200
2020-09-25 09:30:03.860,4.649,8000
2020-09-25 09:30:03.860,4.648,15000
2020-09-25 09:30:03.860,4.648,2100
2020-09-25 09:30:03.860,4.648,1000
2020-09-25 09:30:03.860,4.648,100000
2020-09-25 09:30:03.860,4.648,300
2020-09-25 09:30:03.970,4.648,100
2020-09-25 09:30:03.970,4.648,1800
2020-09-25 09:30:03.970,4.648,4100
2020-09-25 09:30:04.100,4.649,150100
2020-09-25 09:30:04.100,4.648,4000
2020-09-25 09:30:04.220,4.648,5000
2020-09-25 09:30:04.220,4.648,10000
2020-09-25 09:30:04.390,4.649,1800
2020-09-25 09:30:04.500,4.648,100
2020-09-25 09:30:04.500,4.649,2000
2020-09-25 09:30:04.670,4.648,2100
2020-09-25 09:30:04.670,4.648,7900
2020-09-25 09:30:04.780,4.648,7000
2020-09-25 09:30:04.780,4.649,2000
2020-09-25 09:30:04.880,4.649,12000
2020-09-25 09:30:04.940,4.648,1000
2020-09-25 09:30:04.940,4.648,5000
2020-09-25 09:30:04.940,4.648,600
2020-09-25 09:30:04.940,4.648,8500
2020-09-25 09:30:04.940,4.647,9400
2020-09-25 09:30:04.940,4.647,10000
2020-09-25 09:30:04.940,4.647,18000
2020-09-25 09:30:04.940,4.647,3000
2020-09-25 09:30:05.040,4.647,11800
2020-09-25 09:30:05.040,4.647,1800
2020-09-25 09:30:05.040,4.646,4400
2020-09-25 09:30:05.110,4.649,5000
2020-09-25 09:30:05.970,4.646,1000
2020-09-25 09:30:06.040,4.648,1000
2020-09-25 09:30:06.120,4.649,17200
2020-09-25 09:30:06.120,4.649,10000
2020-09-25 09:30:06.120,4.649,2800
2020-09-25 09:30:06.560,4.648,6700
2020-09-25 09:30:06.880,4.648,3300
2020-09-25 09:30:06.880,4.648,30000
2020-09-25 09:30:07.160,4.648,14700
2020-09-25 09:30:07.540,4.649,5000
2020-09-25 09:30:08.080,4.649,30000
2020-09-25 09:30:08.420,4.647,10000
2020-09-25 09:30:08.690,4.648,15300
2020-09-25 09:30:09.010,4.648,3100
2020-09-25 09:30:09.260,4.648,21200
2020-09-25 09:30:09.790,4.649,100
2020-09-25 09:30:10.000,4.649,9300
2020-09-25 09:30:10.000,4.649,5000
2020-09-25 09:30:10.000,4.649,5500
2020-09-25 09:30:10.000,4.649,3200
2020-09-25 09:30:10.780,4.649,16800
2020-09-25 09:30:10.780,4.649,11300
2020-09-25 09:30:10.780,4.649,20000
2020-09-25 09:30:10.780,4.65,128600
2020-09-25 09:30:10.780,4.65,100
2020-09-25 09:30:10.780,4.65,15000
2020-09-25 09:30:10.780,4.65,10000
2020-09-25 09:30:10.780,4.65,400
2020-09-25 09:30:10.780,4.65,14900
2020-09-25 09:30:10.780,4.65,200
2020-09-25 09:30:10.780,4.65,1000
2020-09-25 09:30:10.780,4.65,1000
2020-09-25 09:30:10.780,4.65,2000
2020-09-25 09:30:10.780,4.65,2500
2020-09-25 09:30:10.780,4.65,2000
2020-09-25 09:30:10.780,4.65,500
2020-09-25 09:30:10.780,4.65,200
2020-09-25 09:30:10.780,4.65,2000
2020-09-25 09:30:10.780,4.65,1000
2020-09-25 09:30:10.780,4.65,5000
2020-09-25 09:30:10.780,4.651,65500
2020-09-25 09:30:12.030,4.651,5000
2020-09-25 09:30:12.260,4.65,1000
2020-09-25 09:30:12.260,4.649,10900
2020-09-25 09:30:13.010,4.649,10000
2020-09-25 09:30:13.610,4.649,5000
2020-09-25 09:30:13.750,4.651,300
2020-09-25 09:30:14.580,4.649,5000
2020-09-25 09:30:15.340,4.649,5000
2020-09-25 09:30:15.470,4.65,16800
2020-09-25 09:30:16.820,4.649,64100
2020-09-25 09:30:16.820,4.649,100
2020-09-25 09:30:16.820,4.649,8900
2020-09-25 09:30:16.820,4.649,2100
2020-09-25 09:30:16.820,4.648,2100
2020-09-25 09:30:16.820,4.648,100
2020-09-25 09:30:16.820,4.647,146700
2020-09-25 09:30:18.020,4.65,5000
2020-09-25 09:30:18.040,4.65,3200
2020-09-25 09:30:18.040,4.651,1800
2020-09-25 09:30:18.040,4.651,2100
2020-09-25 09:30:18.040,4.649,500
2020-09-25 09:30:18.700,4.648,2500
2020-09-25 09:30:18.700,4.651,219300
2020-09-25 09:30:18.700,4.651,20000
2020-09-25 09:30:18.700,4.651,1000
2020-09-25 09:30:18.700,4.651,141900
2020-09-25 09:30:19.740,4.651,5100
2020-09-25 09:30:19.920,4.651,10000
2020-09-25 09:30:20.050,4.651,4000
2020-09-25 09:30:20.100,4.651,2000
2020-09-25 09:30:20.100,4.651,200
2020-09-25 09:30:20.100,4.65,32800
2020-09-25 09:30:20.530,4.65,11000
2020-09-25 09:30:20.850,4.651,2200
2020-09-25 09:30:20.880,4.65,5100
2020-09-25 09:30:21.010,4.65,100000
2020-09-25 09:30:21.010,4.65,100
2020-09-25 09:30:21.040,4.65,34500
2020-09-25 09:30:22.050,4.65,500
2020-09-25 09:30:22.460,4.65,75600
2020-09-25 09:30:22.580,4.651,2800
2020-09-25 09:30:23.170,4.651,20000
2020-09-25 09:30:23.300,4.651,5000
2020-09-25 09:30:24.360,4.651,50000
2020-09-25 09:30:25.310,4.651,2200
2020-09-25 09:30:25.360,4.651,4000
2020-09-25 09:30:25.920,4.651,5000
2020-09-25 09:30:26.880,4.651,10000
2020-09-25 09:30:27.220,4.651,30000
2020-09-25 09:30:27.250,4.651,29400
2020-09-25 09:30:27.300,4.651,5000
2020-09-25 09:30:27.590,4.652,100
2020-09-25 09:30:28.100,4.652,1900
2020-09-25 09:30:28.100,4.652,4400
2020-09-25 09:30:28.100,4.652,5000
2020-09-25 09:30:28.100,4.652,3000
2020-09-25 09:30:28.100,4.652,25000
2020-09-25 09:30:28.100,4.652,10000
2020-09-25 09:30:28.100,4.652,10000
2020-09-25 09:30:28.100,4.652,20000
2020-09-25 09:30:28.100,4.653,5000
2020-09-25 09:30:28.100,4.653,1000
2020-09-25 09:30:28.100,4.653,144100
2020-09-25 09:30:28.740,4.652,30000
2020-09-25 09:30:28.830,4.652,1300
2020-09-25 09:30:29.190,4.652,1000
2020-09-25 09:30:29.370,4.652,6100
2020-09-25 09:30:29.370,4.651,900
2020-09-25 09:30:29.490,4.651,2500
2020-09-25 09:30:29.680,4.651,100
2020-09-25 09:30:30.090,4.652,400
2020-09-25 09:30:30.090,4.652,5300
2020-09-25 09:30:30.090,4.652,50000
2020-09-25 09:30:30.160,4.652,1500
2020-09-25 09:30:30.760,4.652,2200
2020-09-25 09:30:30.790,4.653,1700
2020-09-25 09:30:30.790,4.653,1600
2020-09-25 09:30:30.790,4.653,25000
2020-09-25 09:30:30.790,4.653,2000
2020-09-25 09:30:30.790,4.654,11100
2020-09-25 09:30:30.790,4.654,5000
2020-09-25 09:30:30.790,4.654,500
2020-09-25 09:30:30.790,4.654,2000
2020-09-25 09:30:30.790,4.654,20000
2020-09-25 09:30:30.790,4.654,2000
2020-09-25 09:30:30.790,4.654,5000
2020-09-25 09:30:30.790,4.654,3000
2020-09-25 09:30:30.790,4.654,500
2020-09-25 09:30:30.790,4.654,3200
2020-09-25 09:30:31.130,4.654,35900
2020-09-25 09:30:31.870,4.655,100
2020-09-25 09:30:31.870,4.655,200
2020-09-25 09:30:31.870,4.655,5000
2020-09-25 09:30:31.870,4.655,14700
2020-09-25 09:30:31.930,4.654,5600
2020-09-25 09:30:32.160,4.654,5000
2020-09-25 09:30:32.960,4.654,20000
2020-09-25 09:30:33.110,4.654,1000
2020-09-25 09:30:33.590,4.654,500
2020-09-25 09:30:33.640,4.655,35300
2020-09-25 09:30:33.640,4.655,100
2020-09-25 09:30:33.640,4.655,200
2020-09-25 09:30:33.640,4.655,2000
2020-09-25 09:30:33.640,4.655,10000
2020-09-25 09:30:33.640,4.655,20000
2020-09-25 09:30:33.640,4.655,7600
2020-09-25 09:30:33.640,4.655,5000
2020-09-25 09:30:33.640,4.655,69900
2020-09-25 09:30:34.320,4.654,1000
2020-09-25 09:30:34.380,4.654,6400
2020-09-25 09:30:34.690,4.655,300
2020-09-25 09:30:34.870,4.655,300
2020-09-25 09:30:34.960,4.655,300
2020-09-25 09:30:35.100,4.655,75200
2020-09-25 09:30:35.100,4.655,1000
2020-09-25 09:30:35.100,4.655,500
2020-09-25 09:30:35.100,4.655,2000
2020-09-25 09:30:35.100,4.655,30000
2020-09-25 09:30:35.100,4.655,1800
2020-09-25 09:30:35.100,4.655,20000
2020-09-25 09:30:35.100,4.655,2000
2020-09-25 09:30:35.100,4.655,13000
2020-09-25 09:30:35.100,4.655,50000
2020-09-25 09:30:35.100,4.655,100000
2020-09-25 09:30:35.100,4.655,1000
2020-09-25 09:30:35.310,4.655,4000
2020-09-25 09:30:35.480,4.655,2600
2020-09-25 09:30:35.480,4.656,100
2020-09-25 09:30:35.480,4.656,800
2020-09-25 09:30:35.480,4.656,600
2020-09-25 09:30:35.480,4.656,18300
2020-09-25 09:30:35.480,4.656,2000
2020-09-25 09:30:35.480,4.656,5000
2020-09-25 09:30:35.480,4.657,200
2020-09-25 09:30:35.480,4.657,14000
2020-09-25 09:30:35.480,4.657,17500
2020-09-25 09:30:35.480,4.657,28100
2020-09-25 09:30:35.480,4.657,3000
2020-09-25 09:30:35.480,4.657,4400
2020-09-25 09:30:35.480,4.657,2100
2020-09-25 09:30:35.480,4.658,20000
2020-09-25 09:30:35.480,4.658,12500
2020-09-25 09:30:35.480,4.658,10000
2020-09-25 09:30:35.480,4.658,7000
2020-09-25 09:30:35.480,4.658,3000
2020-09-25 09:30:35.480,4.658,25000
2020-09-25 09:30:35.480,4.658,20000
2020-09-25 09:30:35.480,4.658,6000
2020-09-25 09:30:35.480,4.658,10000
2020-09-25 09:30:35.480,4.658,3500
2020-09-25 09:30:35.480,4.658,4400
2020-09-25 09:30:35.480,4.658,25000
2020-09-25 09:30:35.480,4.658,10000
2020-09-25 09:30:35.480,4.658,25000
2020-09-25 09:30:35.480,4.658,300
2020-09-25 09:30:35.480,4.658,1500
2020-09-25 09:30:35.480,4.658,4500
2020-09-25 09:30:35.480,4.658,1000
2020-09-25 09:30:36.030,4.658,15200
2020-09-25 09:30:36.030,4.655,4800
2020-09-25 09:30:36.090,4.655,15000
2020-09-25 09:30:36.610,4.655,10000
2020-09-25 09:30:36.940,4.655,4500
2020-09-25 09:30:37.350,4.655,5000
2020-09-25 09:30:37.410,4.655,100000
2020-09-25 09:30:37.440,4.655,22100
2020-09-25 09:30:37.980,4.655,1000
2020-09-25 09:30:38.120,4.655,3000
2020-09-25 09:30:38.120,4.655,20000
2020-09-25 09:30:38.810,4.655,35900
2020-09-25 09:30:39.110,4.658,1000
2020-09-25 09:30:39.110,4.658,600
2020-09-25 09:30:39.110,4.658,300
2020-09-25 09:30:39.110,4.658,5100
2020-09-25 09:30:39.110,4.659,100000
2020-09-25 09:30:39.110,4.659,2300
2020-09-25 09:30:39.110,4.659,2500
2020-09-25 09:30:39.110,4.659,1700
2020-09-25 09:30:39.320,4.655,200
2020-09-25 09:30:39.500,4.655,1100
2020-09-25 09:30:39.990,4.657,3000
2020-09-25 09:30:39.990,4.655,37000
2020-09-25 09:30:39.990,4.655,1000
2020-09-25 09:30:40.100,4.658,20000
2020-09-25 09:30:40.100,4.659,500
2020-09-25 09:30:40.100,4.659,4000
2020-09-25 09:30:40.100,4.659,800
2020-09-25 09:30:40.100,4.659,3900
2020-09-25 09:30:40.100,4.659,5000
2020-09-25 09:30:40.100,4.659,18300
2020-09-25 09:30:40.100,4.659,1500
2020-09-25 09:30:40.100,4.659,10000
2020-09-25 09:30:40.100,4.659,4000
2020-09-25 09:30:40.100,4.659,12900
2020-09-25 09:30:40.100,4.659,10000
2020-09-25 09:30:40.590,4.659,40000
2020-09-25 09:30:40.780,4.659,25000
2020-09-25 09:30:40.950,4.659,3000
2020-09-25 09:30:41.000,4.659,5000
2020-09-25 09:30:41.170,4.659,300000
2020-09-25 09:30:41.430,4.659,4000
2020-09-25 09:30:41.490,4.659,5000
2020-09-25 09:30:41.750,4.659,5100
2020-09-25 09:30:41.900,4.659,42300
2020-09-25 09:30:41.930,4.659,79700
2020-09-25 09:30:41.930,4.658,300
2020-09-25 09:30:43.040,4.655,4500
2020-09-25 09:30:43.870,4.657,4200
2020-09-25 09:30:43.870,4.655,600
2020-09-25 09:30:44.040,4.655,54100
2020-09-25 09:30:44.040,4.655,5000
2020-09-25 09:30:44.040,4.655,1000
2020-09-25 09:30:44.040,4.655,1000
2020-09-25 09:30:44.040,4.655,1000
2020-09-25 09:30:44.040,4.655,500
2020-09-25 09:30:44.450,4.655,6300
2020-09-25 09:30:45.050,4.655,3600
2020-09-25 09:30:45.410,4.655,200
2020-09-25 09:30:45.840,4.655,200
2020-09-25 09:30:45.980,4.655,100
2020-09-25 09:30:46.030,4.655,4000
2020-09-25 09:30:46.200,4.655,2000
2020-09-25 09:30:46.620,4.654,10000
2020-09-25 09:30:46.850,4.655,10000
2020-09-25 09:30:46.850,4.655,100
2020-09-25 09:30:47.360,4.655,600
2020-09-25 09:30:47.360,4.654,5000
2020-09-25 09:30:47.510,4.655,300
2020-09-25 09:30:47.630,4.655,900
2020-09-25 09:30:48.010,4.654,100000
2020-09-25 09:30:48.710,4.654,10000
2020-09-25 09:30:48.770,4.655,1000
2020-09-25 09:30:48.910,4.655,200
2020-09-25 09:30:49.150,4.655,1000
2020-09-25 09:30:49.340,4.654,2000
2020-09-25 09:30:49.700,4.655,12900
2020-09-25 09:30:49.700,4.655,12300
2020-09-25 09:30:49.830,4.655,1000
2020-09-25 09:30:50.090,4.657,25000
2020-09-25 09:30:50.500,4.657,1000
2020-09-25 09:30:50.820,4.655,15100
2020-09-25 09:30:50.820,4.654,10600
2020-09-25 09:30:50.960,4.654,1200
2020-09-25 09:30:51.260,4.654,500
2020-09-25 09:30:51.490,4.654,5000
2020-09-25 09:30:51.560,4.654,5700
2020-09-25 09:30:51.850,4.654,17600
2020-09-25 09:30:51.910,4.654,10000
2020-09-25 09:30:52.090,4.654,1100
2020-09-25 09:30:52.180,4.654,3000
2020-09-25 09:30:52.420,4.654,10000
2020-09-25 09:30:52.550,4.654,1200
2020-09-25 09:30:52.640,4.654,100
2020-09-25 09:30:52.970,4.654,13800
2020-09-25 09:30:53.280,4.653,4100
2020-09-25 09:30:53.280,4.652,200
2020-09-25 09:30:53.280,4.652,700
2020-09-25 09:30:53.460,4.654,10000
2020-09-25 09:30:54.550,4.654,1100
2020-09-25 09:30:54.630,4.653,5000
2020-09-25 09:30:55.060,4.654,3400
2020-09-25 09:30:55.060,4.654,1600
2020-09-25 09:30:55.640,4.654,100
2020-09-25 09:30:56.750,4.654,2100
2020-09-25 09:30:57.170,4.654,100000
2020-09-25 09:30:57.170,4.654,5000
2020-09-25 09:30:57.170,4.654,8600
2020-09-25 09:30:57.340,4.654,7500
2020-09-25 09:30:57.690,4.654,1800
2020-09-25 09:30:58.260,4.654,900
2020-09-25 09:30:58.550,4.653,45000
2020-09-25 09:30:58.550,4.653,2300
2020-09-25 09:30:58.550,4.652,9300
2020-09-25 09:30:58.550,4.652,100100
2020-09-25 09:30:58.720,4.654,100
2020-09-25 09:30:59.450,4.652,10000
2020-09-25 09:30:59.950,4.653,3500
2020-09-25 09:30:59.950,4.653,100
2020-09-25 09:30:59.950,4.654,7200
2020-09-25 09:31:00.530,4.653,4900
2020-09-25 09:31:00.530,4.653,1000
2020-09-25 09:31:00.530,4.653,4900
2020-09-25 09:31:01.040,4.653,1300
2020-09-25 09:31:01.180,4.653,100
2020-09-25 09:31:01.180,4.653,3700
2020-09-25 09:31:01.180,4.654,6300
2020-09-25 09:31:01.540,4.654,17600
2020-09-25 09:31:01.540,4.654,8800
2020-09-25 09:31:01.540,4.654,10000
2020-09-25 09:31:01.540,4.654,2000
2020-09-25 09:31:01.540,4.654,4000
2020-09-25 09:31:02.130,4.654,1000
2020-09-25 09:31:02.220,4.654,150100
2020-09-25 09:31:02.490,4.653,3300
2020-09-25 09:31:02.490,4.654,46700
2020-09-25 09:31:02.590,4.652,20000
2020-09-25 09:31:02.760,4.654,200
2020-09-25 09:31:03.230,4.654,2100
2020-09-25 09:31:03.350,4.654,300
2020-09-25 09:31:03.580,4.654,300
2020-09-25 09:31:04.360,4.652,1700
2020-09-25 09:31:04.600,4.652,68200
2020-09-25 09:31:04.600,4.652,10000
2020-09-25 09:31:04.600,4.652,1000
2020-09-25 09:31:04.600,4.652,2100
2020-09-25 09:31:04.600,4.652,16900
2020-09-25 09:31:04.600,4.652,200
2020-09-25 09:31:04.600,4.652,2700
2020-09-25 09:31:04.600,4.652,200
2020-09-25 09:31:04.600,4.652,5000
2020-09-25 09:31:04.600,4.652,100
2020-09-25 09:31:04.600,4.652,20000
2020-09-25 09:31:05.000,4.653,3000
2020-09-25 09:31:05.000,4.653,7000
2020-09-25 09:31:05.000,4.653,5200
2020-09-25 09:31:05.200,4.654,100
2020-09-25 09:31:05.340,4.653,2800
2020-09-25 09:31:05.340,4.651,200
2020-09-25 09:31:05.630,4.652,100
2020-09-25 09:31:05.630,4.652,2000
2020-09-25 09:31:05.780,4.652,1000
2020-09-25 09:31:06.500,4.652,300
2020-09-25 09:31:06.730,4.651,300000
2020-09-25 09:31:07.440,4.652,100
2020-09-25 09:31:07.850,4.651,500
2020-09-25 09:31:09.090,4.652,1600
2020-09-25 09:31:09.090,4.652,1400
2020-09-25 09:31:09.090,4.652,24600
2020-09-25 09:31:09.090,4.652,6400
2020-09-25 09:31:09.090,4.653,4100
2020-09-25 09:31:09.090,4.653,10000
2020-09-25 09:31:09.090,4.653,20000
2020-09-25 09:31:09.090,4.653,800
2020-09-25 09:31:09.090,4.653,2000
2020-09-25 09:31:09.090,4.653,10000
2020-09-25 09:31:09.090,4.653,3300
2020-09-25 09:31:09.090,4.653,4400
2020-09-25 09:31:09.250,4.651,500
2020-09-25 09:31:09.740,4.653,200
2020-09-25 09:31:10.770,4.651,5000
2020-09-25 09:31:11.270,4.651,20000
2020-09-25 09:31:12.030,4.652,200
2020-09-25 09:31:12.100,4.651,3000
2020-09-25 09:31:12.790,4.652,6500
2020-09-25 09:31:12.790,4.652,2000
2020-09-25 09:31:12.790,4.653,400
2020-09-25 09:31:12.790,4.653,200
2020-09-25 09:31:12.790,4.653,5000
2020-09-25 09:31:12.790,4.653,2000
2020-09-25 09:31:12.790,4.653,2200
2020-09-25 09:31:12.790,4.653,100
2020-09-25 09:31:12.790,4.653,3000
2020-09-25 09:31:12.790,4.653,5000
2020-09-25 09:31:12.790,4.653,3600
2020-09-25 09:31:13.080,4.651,103900
2020-09-25 09:31:13.080,4.651,4300
2020-09-25 09:31:13.080,4.651,91800
2020-09-25 09:31:13.450,4.651,108200
2020-09-25 09:31:13.450,4.651,40400
2020-09-25 09:31:13.450,4.651,100
2020-09-25 09:31:13.450,4.651,32000
2020-09-25 09:31:13.450,4.651,1500
2020-09-25 09:31:13.450,4.651,2500
2020-09-25 09:31:13.450,4.651,400
2020-09-25 09:31:13.790,4.65,100
2020-09-25 09:31:13.790,4.65,600
2020-09-25 09:31:13.790,4.65,3000
2020-09-25 09:31:13.790,4.65,500
2020-09-25 09:31:13.790,4.65,600
2020-09-25 09:31:13.990,4.65,1600
2020-09-25 09:31:13.990,4.65,500
2020-09-25 09:31:13.990,4.65,300
2020-09-25 09:31:14.670,4.65,100
2020-09-25 09:31:14.840,4.65,500
2020-09-25 09:31:14.840,4.651,500
2020-09-25 09:31:16.030,4.651,20000
2020-09-25 09:31:16.330,4.649,400
2020-09-25 09:31:16.330,4.649,2400
2020-09-25 09:31:16.330,4.649,2200
2020-09-25 09:31:16.670,4.651,5500
2020-09-25 09:31:17.330,4.651,2000
2020-09-25 09:31:19.870,4.65,700
2020-09-25 09:31:20.150,4.65,3200
2020-09-25 09:31:20.150,4.65,5000
2020-09-25 09:31:20.150,4.651,62100
2020-09-25 09:31:20.600,4.651,1300
2020-09-25 09:31:20.680,4.649,100
2020-09-25 09:31:20.680,4.649,5000
2020-09-25 09:31:20.680,4.649,4900
2020-09-25 09:31:20.950,4.65,100
2020-09-25 09:31:21.230,4.649,8700
2020-09-25 09:31:21.820,4.648,1200
2020-09-25 09:31:22.090,4.649,500
2020-09-25 09:31:22.480,4.649,100
2020-09-25 09:31:22.570,4.649,2000
2020-09-25 09:31:22.980,4.649,500
2020-09-25 09:31:23.850,4.649,9900
2020-09-25 09:31:24.600,4.649,3300
2020-09-25 09:31:24.600,4.649,10000
2020-09-25 09:31:24.600,4.649,10000
2020-09-25 09:31:24.600,4.649,3900
2020-09-25 09:31:24.600,4.65,3400
2020-09-25 09:31:24.600,4.65,40000
2020-09-25 09:31:24.740,4.65,200
2020-09-25 09:31:24.850,4.65,9200
2020-09-25 09:31:24.850,4.65,400
2020-09-25 09:31:25.560,4.649,7700
2020-09-25 09:31:25.620,4.649,2000
2020-09-25 09:31:25.850,4.649,9300
2020-09-25 09:31:26.020,4.649,4000
2020-09-25 09:31:26.570,4.649,1000
2020-09-25 09:31:27.750,4.649,10000
2020-09-25 09:31:27.860,4.649,41700
2020-09-25 09:31:28.210,4.649,23900
2020-09-25 09:31:29.050,4.65,100
2020-09-25 09:31:29.050,4.65,500
2020-09-25 09:31:29.050,4.65,3400
2020-09-25 09:31:29.590,4.649,400
2020-09-25 09:31:29.590,4.649,5000
2020-09-25 09:31:30.200,4.649,5000
2020-09-25 09:31:30.340,4.649,20000
2020-09-25 09:31:31.310,4.65,1500
2020-09-25 09:31:31.520,4.649,10000
2020-09-25 09:31:31.720,4.649,2000
2020-09-25 09:31:31.920,4.649,2200
2020-09-25 09:31:32.700,4.649,6600
2020-09-25 09:31:32.760,4.649,16400
2020-09-25 09:31:33.570,4.649,27500
2020-09-25 09:31:34.320,4.649,4900
2020-09-25 09:31:34.370,4.649,4000
2020-09-25 09:31:34.460,4.65,100
2020-09-25 09:31:34.460,4.65,100
2020-09-25 09:31:34.460,4.65,5000
2020-09-25 09:31:34.460,4.65,200
2020-09-25 09:31:34.510,4.65,150100
2020-09-25 09:31:34.570,4.649,6100
2020-09-25 09:31:34.570,4.649,3900
2020-09-25 09:31:34.630,4.65,27800
2020-09-25 09:31:35.070,4.649,15000
2020-09-25 09:31:35.420,4.649,2600
2020-09-25 09:31:35.610,4.65,3000
2020-09-25 09:31:36.300,4.649,3600
2020-09-25 09:31:36.740,4.65,8900
2020-09-25 09:31:36.740,4.65,2100
2020-09-25 09:31:36.740,4.65,40000
2020-09-25 09:31:36.740,4.65,4000
2020-09-25 09:31:36.740,4.65,5000
2020-09-25 09:31:36.740,4.65,5000
2020-09-25 09:31:36.740,4.65,35000
2020-09-25 09:31:36.740,4.65,100
2020-09-25 09:31:36.740,4.65,5000
2020-09-25 09:31:36.830,4.65,500
2020-09-25 09:31:36.950,4.65,6000
2020-09-25 09:31:37.830,4.65,2000
2020-09-25 09:31:37.910,4.65,1400
2020-09-25 09:31:38.440,4.65,3000
2020-09-25 09:31:38.730,4.65,13200
2020-09-25 09:31:38.800,4.651,300000
2020-09-25 09:31:39.080,4.65,300
2020-09-25 09:31:39.230,4.651,2100
2020-09-25 09:31:39.380,4.65,7300
2020-09-25 09:31:39.490,4.65,10000
2020-09-25 09:31:39.600,4.65,100
2020-09-25 09:31:39.920,4.65,3000
2020-09-25 09:31:40.230,4.65,3000
2020-09-25 09:31:40.580,4.65,3000
2020-09-25 09:31:40.640,4.65,10000
2020-09-25 09:31:41.430,4.65,1000
2020-09-25 09:31:41.430,4.65,21600
2020-09-25 09:31:41.640,4.651,15000
2020-09-25 09:31:41.690,4.65,500
2020-09-25 09:31:41.730,4.65,700
2020-09-25 09:31:41.910,4.651,150100
2020-09-25 09:31:42.850,4.65,1500
2020-09-25 09:31:43.630,4.65,20000
2020-09-25 09:31:43.690,4.65,8000
2020-09-25 09:31:44.230,4.65,1000
2020-09-25 09:31:44.630,4.65,6800
2020-09-25 09:31:45.040,4.651,21600
2020-09-25 09:31:45.650,4.651,1800
2020-09-25 09:31:45.940,4.651,1500
2020-09-25 09:31:46.080,4.65,500
2020-09-25 09:31:46.080,4.65,100
2020-09-25 09:31:46.250,4.65,20000
2020-09-25 09:31:46.680,4.65,5000
2020-09-25 09:31:47.460,4.65,9500
2020-09-25 09:31:47.630,4.651,2500
2020-09-25 09:31:48.210,4.651,900
2020-09-25 09:31:48.300,4.65,39900
2020-09-25 09:31:48.300,4.65,100
2020-09-25 09:31:48.520,4.651,6500
2020-09-25 09:31:48.980,4.65,100
2020-09-25 09:31:49.180,4.651,400
2020-09-25 09:31:49.450,4.65,500
2020-09-25 09:31:49.450,4.65,100
2020-09-25 09:31:49.450,4.65,400
2020-09-25 09:31:49.500,4.651,100
2020-09-25 09:31:50.110,4.651,25600
2020-09-25 09:31:50.300,4.65,100
2020-09-25 09:31:50.300,4.65,100
2020-09-25 09:31:50.300,4.65,1800
2020-09-25 09:31:50.320,4.65,5000
2020-09-25 09:31:50.830,4.651,3000
2020-09-25 09:31:51.120,4.65,3200
2020-09-25 09:31:51.120,4.65,24800
2020-09-25 09:31:51.430,4.65,100
2020-09-25 09:31:52.090,4.65,300
2020-09-25 09:31:52.150,4.651,1500
2020-09-25 09:31:52.870,4.65,500
2020-09-25 09:31:53.440,4.651,190900
2020-09-25 09:31:53.440,4.651,20000
2020-09-25 09:31:53.440,4.651,5400
2020-09-25 09:31:53.440,4.651,6300
2020-09-25 09:31:53.440,4.651,12300
2020-09-25 09:31:53.440,4.651,3000
2020-09-25 09:31:53.440,4.651,2500
2020-09-25 09:31:53.440,4.651,10000
2020-09-25 09:31:53.440,4.651,500
2020-09-25 09:31:53.440,4.651,100
2020-09-25 09:31:53.440,4.651,1000
2020-09-25 09:31:53.440,4.651,2500
2020-09-25 09:31:53.440,4.651,600
2020-09-25 09:31:53.440,4.651,90000
2020-09-25 09:31:53.440,4.651,1000
2020-09-25 09:31:53.440,4.651,5000
2020-09-25 09:31:53.440,4.651,3000
2020-09-25 09:31:53.620,4.651,5000
2020-09-25 09:31:54.740,4.651,6400
2020-09-25 09:31:55.220,4.651,100
2020-09-25 09:31:55.530,4.651,10000
2020-09-25 09:31:56.150,4.652,1800
2020-09-25 09:31:56.770,4.651,5700
2020-09-25 09:31:57.150,4.652,400
2020-09-25 09:31:57.330,4.651,3000
2020-09-25 09:31:57.960,4.651,20000
2020-09-25 09:31:58.770,4.651,2000
2020-09-25 09:31:59.040,4.652,3300
2020-09-25 09:31:59.040,4.652,40000
2020-09-25 09:31:59.040,4.652,1000
2020-09-25 09:31:59.040,4.652,49700
2020-09-25 09:31:59.040,4.652,500
2020-09-25 09:31:59.040,4.652,10000
2020-09-25 09:31:59.040,4.652,300
2020-09-25 09:31:59.040,4.652,9700
2020-09-25 09:31:59.040,4.653,6400
2020-09-25 09:31:59.040,4.653,5000
2020-09-25 09:31:59.040,4.653,10000
2020-09-25 09:31:59.040,4.653,10000
2020-09-25 09:31:59.040,4.653,1200
2020-09-25 09:31:59.040,4.653,3000
2020-09-25 09:31:59.900,4.652,1000
2020-09-25 09:31:59.900,4.652,16600
2020-09-25 09:31:59.990,4.651,5000
2020-09-25 09:32:00.080,4.651,1500
2020-09-25 09:32:01.730,4.652,100
2020-09-25 09:32:02.310,4.651,20000
2020-09-25 09:32:02.940,4.652,11000
2020-09-25 09:32:04.430,4.652,100
2020-09-25 09:32:04.480,4.651,8000
2020-09-25 09:32:04.540,4.651,10000
2020-09-25 09:32:04.830,4.652,5500
2020-09-25 09:32:04.850,4.652,6800
2020-09-25 09:32:04.930,4.652,800
2020-09-25 09:32:05.000,4.651,2100
2020-09-25 09:32:05.490,4.651,3000
2020-09-25 09:32:05.750,4.652,1100
2020-09-25 09:32:05.870,4.651,1200
2020-09-25 09:32:06.400,4.652,400
2020-09-25 09:32:07.110,4.652,100
2020-09-25 09:32:07.240,4.652,100
2020-09-25 09:32:07.370,4.652,13500
2020-09-25 09:32:08.170,4.652,33000
2020-09-25 09:32:08.960,4.651,100
2020-09-25 09:32:09.700,4.651,10000
2020-09-25 09:32:10.040,4.651,3000
2020-09-25 09:32:11.170,4.651,1100
2020-09-25 09:32:11.340,4.651,20900
2020-09-25 09:32:11.470,4.652,3500
2020-09-25 09:32:13.620,4.652,100
2020-09-25 09:32:14.010,4.651,30000
2020-09-25 09:32:14.080,4.651,1000
2020-09-25 09:32:14.490,4.651,4000
2020-09-25 09:32:15.200,4.651,10000
2020-09-25 09:32:15.280,4.652,100
2020-09-25 09:32:16.440,4.651,300
2020-09-25 09:32:16.440,4.651,500
2020-09-25 09:32:16.440,4.651,1000
2020-09-25 09:32:16.440,4.651,1000
2020-09-25 09:32:16.440,4.651,2200
2020-09-25 09:32:16.700,4.652,31400
2020-09-25 09:32:16.700,4.652,5000
2020-09-25 09:32:16.700,4.652,2600
2020-09-25 09:32:16.700,4.652,10000
2020-09-25 09:32:16.700,4.652,100
2020-09-25 09:32:16.700,4.652,1000
2020-09-25 09:32:16.700,4.652,4000
2020-09-25 09:32:16.700,4.652,1300
2020-09-25 09:32:16.700,4.652,1000
2020-09-25 09:32:16.700,4.652,1000
2020-09-25 09:32:16.700,4.652,20000
2020-09-25 09:32:16.700,4.653,2000
2020-09-25 09:32:16.700,4.653,29600
2020-09-25 09:32:17.100,4.651,5600
2020-09-25 09:32:17.270,4.651,7400
2020-09-25 09:32:17.320,4.651,4800
2020-09-25 09:32:17.320,4.651,200
2020-09-25 09:32:19.080,4.652,500
2020-09-25 09:32:19.080,4.652,100
2020-09-25 09:32:19.080,4.652,6000
2020-09-25 09:32:19.080,4.652,2000
2020-09-25 09:32:19.750,4.651,3800
2020-09-25 09:32:19.750,4.651,1200
2020-09-25 09:32:20.600,4.652,150100
2020-09-25 09:32:20.800,4.651,3000
2020-09-25 09:32:21.160,4.651,5000
2020-09-25 09:32:21.190,4.652,72600
2020-09-25 09:32:21.190,4.652,50000
2020-09-25 09:32:21.190,4.652,400
2020-09-25 09:32:22.130,4.652,10400
2020-09-25 09:32:22.160,4.652,500
2020-09-25 09:32:22.670,4.652,2500
2020-09-25 09:32:22.940,4.652,300
2020-09-25 09:32:22.940,4.652,20000
2020-09-25 09:32:23.370,4.652,10000
2020-09-25 09:32:24.110,4.653,113600
2020-09-25 09:32:24.500,4.652,1000
2020-09-25 09:32:24.610,4.652,10000
2020-09-25 09:32:26.390,4.652,100
2020-09-25 09:32:26.390,4.652,2400
2020-09-25 09:32:26.540,4.652,5000
2020-09-25 09:32:26.620,4.652,1200
2020-09-25 09:32:26.720,4.652,500
2020-09-25 09:32:27.070,4.652,900
2020-09-25 09:32:27.070,4.652,500
2020-09-25 09:32:27.070,4.651,1600
2020-09-25 09:32:27.420,4.653,100
2020-09-25 09:32:27.730,4.652,10000
2020-09-25 09:32:27.950,4.652,10000
2020-09-25 09:32:29.320,4.652,2200
2020-09-25 09:32:29.320,4.652,500
2020-09-25 09:32:29.320,4.651,1000
2020-09-25 09:32:29.630,4.651,3000
2020-09-25 09:32:31.040,4.652,2300
2020-09-25 09:32:31.040,4.652,2000
2020-09-25 09:32:31.040,4.652,200
2020-09-25 09:32:31.090,4.652,3000
2020-09-25 09:32:34.530,4.652,100
2020-09-25 09:32:35.030,4.652,200
2020-09-25 09:32:35.190,4.652,2900
2020-09-25 09:32:35.190,4.652,9000
2020-09-25 09:32:35.190,4.652,10000
2020-09-25 09:32:35.190,4.652,2500
2020-09-25 09:32:35.190,4.652,1000
2020-09-25 09:32:35.280,4.652,10000
2020-09-25 09:32:35.420,4.652,10000
2020-09-25 09:32:35.600,4.652,1700
2020-09-25 09:32:35.630,4.652,10400
2020-09-25 09:32:36.040,4.652,3000
2020-09-25 09:32:36.300,4.652,200
2020-09-25 09:32:37.820,4.652,100
2020-09-25 09:32:37.820,4.651,5200
2020-09-25 09:32:37.820,4.651,4700
2020-09-25 09:32:38.190,4.653,2500
2020-09-25 09:32:38.190,4.653,5000
2020-09-25 09:32:38.190,4.653,15900
2020-09-25 09:32:38.190,4.653,500
2020-09-25 09:32:38.190,4.653,2000
2020-09-25 09:32:38.190,4.653,3400
2020-09-25 09:32:38.190,4.653,5600
2020-09-25 09:32:38.190,4.653,5000
2020-09-25 09:32:38.190,4.653,5000
2020-09-25 09:32:38.190,4.653,3000
2020-09-25 09:32:38.190,4.653,10000
2020-09-25 09:32:38.190,4.653,3000
2020-09-25 09:32:38.190,4.653,1000
2020-09-25 09:32:38.190,4.653,500
2020-09-25 09:32:38.190,4.653,200000
2020-09-25 09:32:38.190,4.653,2000
2020-09-25 09:32:38.190,4.653,500
2020-09-25 09:32:38.190,4.653,3000
2020-09-25 09:32:38.190,4.653,700
2020-09-25 09:32:38.190,4.653,10000
2020-09-25 09:32:38.190,4.653,5000
2020-09-25 09:32:38.190,4.653,500
2020-09-25 09:32:38.190,4.653,1100
2020-09-25 09:32:38.190,4.653,3600
2020-09-25 09:32:38.750,4.653,1000
2020-09-25 09:32:39.480,4.653,7400
2020-09-25 09:32:41.380,4.653,2800
2020-09-25 09:32:41.380,4.652,1200
2020-09-25 09:32:42.500,4.652,3000
2020-09-25 09:32:43.250,4.652,2000
2020-09-25 09:32:44.120,4.652,600
2020-09-25 09:32:45.600,4.651,300
2020-09-25 09:32:45.600,4.651,100
2020-09-25 09:32:45.600,4.651,500
2020-09-25 09:32:45.600,4.651,600
2020-09-25 09:32:45.600,4.651,500
2020-09-25 09:32:46.670,4.652,400
2020-09-25 09:32:47.120,4.651,2200
2020-09-25 09:32:47.120,4.651,200
2020-09-25 09:32:47.120,4.651,100
2020-09-25 09:32:47.120,4.651,2500
2020-09-25 09:32:47.290,4.651,1000
2020-09-25 09:32:48.910,4.652,7000
2020-09-25 09:32:48.910,4.652,3000
2020-09-25 09:32:49.140,4.652,100
2020-09-25 09:32:49.170,4.651,18500
2020-09-25 09:32:50.250,4.651,1000
2020-09-25 09:32:50.340,4.651,22000
2020-09-25 09:32:50.850,4.652,200
2020-09-25 09:32:51.250,4.651,35700
2020-09-25 09:32:51.250,4.651,400
2020-09-25 09:32:51.250,4.651,5000
2020-09-25 09:32:51.250,4.651,100
2020-09-25 09:32:51.250,4.651,2000
2020-09-25 09:32:51.560,4.651,32300
2020-09-25 09:32:52.260,4.651,38700
2020-09-25 09:32:52.260,4.651,50000
2020-09-25 09:32:52.760,4.651,28100
2020-09-25 09:32:52.850,4.651,2000
2020-09-25 09:32:53.490,4.651,200
2020-09-25 09:32:54.190,4.65,48100
2020-09-25 09:32:55.700,4.651,1900
2020-09-25 09:32:55.750,4.65,6200
2020-09-25 09:32:55.750,4.65,300
2020-09-25 09:32:55.750,4.65,7800
2020-09-25 09:32:56.260,4.651,2200
2020-09-25 09:32:57.550,4.651,4200
2020-09-25 09:32:57.750,4.65,17200
2020-09-25 09:32:57.750,4.65,800
2020-09-25 09:32:57.750,4.65,1600
2020-09-25 09:32:57.750,4.65,10000
2020-09-25 09:32:57.750,4.65,500
2020-09-25 09:32:57.750,4.65,10000
2020-09-25 09:32:57.750,4.65,500
2020-09-25 09:32:57.750,4.65,1100
2020-09-25 09:32:57.750,4.65,200
2020-09-25 09:32:57.750,4.65,300
2020-09-25 09:32:57.900,4.65,54300
2020-09-25 09:32:58.010,4.65,200
2020-09-25 09:32:58.270,4.65,600
2020-09-25 09:33:00.050,4.65,2600
2020-09-25 09:33:01.320,4.65,100
2020-09-25 09:33:01.640,4.65,100
2020-09-25 09:33:01.860,4.65,100
2020-09-25 09:33:03.170,4.649,2000
2020-09-25 09:33:03.800,4.65,400
2020-09-25 09:33:04.920,4.649,2900
2020-09-25 09:33:04.920,4.649,500
2020-09-25 09:33:04.920,4.649,10000
2020-09-25 09:33:04.920,4.649,2500
2020-09-25 09:33:04.920,4.649,100
2020-09-25 09:33:04.920,4.649,10900
2020-09-25 09:33:05.780,4.649,200
2020-09-25 09:33:06.770,4.649,200
2020-09-25 09:33:06.830,4.648,100
2020-09-25 09:33:06.830,4.648,1100
2020-09-25 09:33:06.980,4.649,2000
2020-09-25 09:33:08.820,4.649,600
2020-09-25 09:33:08.920,4.649,48500
2020-09-25 09:33:08.950,4.649,700
2020-09-25 09:33:09.200,4.649,500
2020-09-25 09:33:09.680,4.649,20000
2020-09-25 09:33:10.100,4.649,100
2020-09-25 09:33:10.120,4.649,300
2020-09-25 09:33:10.120,4.649,700
2020-09-25 09:33:10.350,4.649,1600
2020-09-25 09:33:11.760,4.648,1200
2020-09-25 09:33:11.760,4.648,100
2020-09-25 09:33:11.760,4.648,3700
2020-09-25 09:33:11.870,4.649,600
2020-09-25 09:33:13.330,4.648,6300
2020-09-25 09:33:13.330,4.648,700
2020-09-25 09:33:13.550,4.648,1300
2020-09-25 09:33:13.550,4.648,3700
2020-09-25 09:33:13.570,4.648,1300
2020-09-25 09:33:13.570,4.648,3700
2020-09-25 09:33:13.620,4.649,2100
2020-09-25 09:33:13.620,4.649,4500
2020-09-25 09:33:13.620,4.649,3400
2020-09-25 09:33:13.650,4.648,4500
2020-09-25 09:33:13.820,4.648,300
2020-09-25 09:33:13.880,4.649,600
2020-09-25 09:33:14.450,4.649,1000
2020-09-25 09:33:14.570,4.648,6000
2020-09-25 09:33:15.460,4.649,800
2020-09-25 09:33:16.240,4.649,1200
2020-09-25 09:33:16.240,4.649,23800
2020-09-25 09:33:17.290,4.648,200
2020-09-25 09:33:17.550,4.649,500
2020-09-25 09:33:17.810,4.649,700
2020-09-25 09:33:17.810,4.649,5000
2020-09-25 09:33:17.810,4.649,4300
2020-09-25 09:33:18.200,4.649,5000
2020-09-25 09:33:18.420,4.649,17000
2020-09-25 09:33:18.470,4.648,200
2020-09-25 09:33:18.840,4.649,20000
2020-09-25 09:33:19.500,4.648,158300
2020-09-25 09:33:19.500,4.648,100
2020-09-25 09:33:19.500,4.648,298800
2020-09-25 09:33:19.670,4.648,1200
2020-09-25 09:33:20.340,4.648,28300
2020-09-25 09:33:20.340,4.649,3700
2020-09-25 09:33:20.340,4.649,10000
2020-09-25 09:33:20.340,4.649,240000
2020-09-25 09:33:20.340,4.649,2000
2020-09-25 09:33:20.340,4.649,100
2020-09-25 09:33:20.430,4.649,200
2020-09-25 09:33:20.870,4.649,200000
2020-09-25 09:33:22.490,4.649,1000
2020-09-25 09:33:22.690,4.648,20000
2020-09-25 09:33:22.690,4.648,400
2020-09-25 09:33:23.270,4.648,200
2020-09-25 09:33:23.720,4.648,2000
2020-09-25 09:33:24.030,4.648,100
2020-09-25 09:33:24.530,4.648,2300
2020-09-25 09:33:24.530,4.648,2700
2020-09-25 09:33:24.640,4.648,1000
2020-09-25 09:33:26.340,4.648,6300
2020-09-25 09:33:26.520,4.648,5000
2020-09-25 09:33:26.810,4.648,9000
2020-09-25 09:33:27.080,4.648,1000
2020-09-25 09:33:27.290,4.649,700
2020-09-25 09:33:27.290,4.649,300
2020-09-25 09:33:27.560,4.648,200
2020-09-25 09:33:27.730,4.649,500
2020-09-25 09:33:27.940,4.648,400
2020-09-25 09:33:28.910,4.648,4000
2020-09-25 09:33:30.040,4.649,1000
2020-09-25 09:33:30.120,4.649,200
2020-09-25 09:33:30.300,4.648,1000
2020-09-25 09:33:30.510,4.648,19500
2020-09-25 09:33:31.020,4.649,3000
2020-09-25 09:33:31.020,4.649,7000
2020-09-25 09:33:31.810,4.649,3000
2020-09-25 09:33:31.810,4.649,600
2020-09-25 09:33:31.910,4.648,30000
2020-09-25 09:33:32.000,4.648,2000
2020-09-25 09:33:32.800,4.648,1000
2020-09-25 09:33:33.280,4.648,600
2020-09-25 09:33:33.280,4.648,500
2020-09-25 09:33:33.280,4.648,100
2020-09-25 09:33:34.890,4.648,8800
2020-09-25 09:33:34.890,4.649,400
2020-09-25 09:33:34.890,4.649,500
2020-09-25 09:33:35.140,4.649,300
2020-09-25 09:33:35.830,4.649,1000
2020-09-25 09:33:35.880,4.649,100
2020-09-25 09:33:37.170,4.648,2000
2020-09-25 09:33:37.470,4.648,3400
2020-09-25 09:33:37.570,4.648,1100
2020-09-25 09:33:38.080,4.647,5000
2020-09-25 09:33:38.080,4.647,100
2020-09-25 09:33:38.080,4.647,13400
2020-09-25 09:33:39.190,4.648,300
2020-09-25 09:33:39.810,4.647,300
2020-09-25 09:33:39.810,4.647,900
2020-09-25 09:33:40.030,4.648,200
2020-09-25 09:33:40.160,4.648,300
2020-09-25 09:33:42.270,4.647,16100
2020-09-25 09:33:42.270,4.647,5000
2020-09-25 09:33:42.270,4.647,10000
2020-09-25 09:33:42.270,4.647,2100
2020-09-25 09:33:42.270,4.647,14900
2020-09-25 09:33:42.560,4.647,3000
2020-09-25 09:33:43.960,4.647,1000
2020-09-25 09:33:44.200,4.647,200
2020-09-25 09:33:45.110,4.647,1500
2020-09-25 09:33:45.160,4.648,30000
2020-09-25 09:33:45.400,4.647,5000
2020-09-25 09:33:46.610,4.648,100
2020-09-25 09:33:47.220,4.647,24400
2020-09-25 09:33:47.220,4.647,10000
2020-09-25 09:33:47.220,4.647,200
2020-09-25 09:33:47.490,4.647,200
2020-09-25 09:33:47.530,4.647,1000
2020-09-25 09:33:48.400,4.647,50000
2020-09-25 09:33:48.650,4.646,5000
2020-09-25 09:33:48.680,4.647,4200
2020-09-25 09:33:48.680,4.648,45800
2020-09-25 09:33:50.830,4.646,1000
2020-09-25 09:33:50.990,4.646,4000
2020-09-25 09:33:50.990,4.646,400
2020-09-25 09:33:50.990,4.646,600
2020-09-25 09:33:52.090,4.647,400
2020-09-25 09:33:52.540,4.647,1000
2020-09-25 09:33:52.870,4.647,35800
2020-09-25 09:33:53.390,4.647,13000
2020-09-25 09:33:53.930,4.647,200
2020-09-25 09:33:54.520,4.647,17000
2020-09-25 09:33:56.440,4.647,300
2020-09-25 09:33:56.530,4.646,400
2020-09-25 09:33:56.530,4.646,2100
2020-09-25 09:33:56.610,4.646,1200
2020-09-25 09:33:56.790,4.646,300
2020-09-25 09:33:58.190,4.646,500
2020-09-25 09:33:58.810,4.647,500
2020-09-25 09:33:59.090,4.647,131800
2020-09-25 09:33:59.090,4.647,2000
2020-09-25 09:33:59.090,4.647,10000
2020-09-25 09:33:59.090,4.647,5000
2020-09-25 09:33:59.090,4.647,1000
2020-09-25 09:33:59.090,4.647,500
2020-09-25 09:33:59.200,4.647,100
2020-09-25 09:33:59.380,4.647,21800
2020-09-25 09:33:59.820,4.648,8800
2020-09-25 09:33:59.820,4.648,100
2020-09-25 09:33:59.820,4.648,700
2020-09-25 09:34:00.160,4.648,9300
2020-09-25 09:34:00.160,4.648,20700
2020-09-25 09:34:00.220,4.648,23100
2020-09-25 09:34:00.220,4.648,60900
2020-09-25 09:34:00.730,4.648,219100
2020-09-25 09:34:00.730,4.648,10000
2020-09-25 09:34:00.730,4.648,7900
2020-09-25 09:34:00.730,4.648,200
2020-09-25 09:34:00.730,4.649,20000
2020-09-25 09:34:00.730,4.649,42800
2020-09-25 09:34:01.940,4.649,14000
2020-09-25 09:34:02.020,4.647,300
2020-09-25 09:34:02.770,4.648,2000
2020-09-25 09:34:03.200,4.649,113700
2020-09-25 09:34:04.120,4.648,23000
2020-09-25 09:34:04.120,4.647,200
2020-09-25 09:34:04.120,4.647,10000
2020-09-25 09:34:04.120,4.647,10000
2020-09-25 09:34:04.120,4.647,22000
2020-09-25 09:34:04.120,4.647,400
2020-09-25 09:34:04.120,4.647,100
2020-09-25 09:34:04.120,4.646,5900
2020-09-25 09:34:04.120,4.646,100000
2020-09-25 09:34:04.120,4.646,9600
2020-09-25 09:34:04.120,4.646,20000
2020-09-25 09:34:04.120,4.646,200
2020-09-25 09:34:04.120,4.646,100
2020-09-25 09:34:04.120,4.646,50000
2020-09-25 09:34:04.120,4.646,15000
2020-09-25 09:34:04.120,4.646,30000
2020-09-25 09:34:04.120,4.646,3500
2020-09-25 09:34:04.510,4.647,400
2020-09-25 09:34:04.960,4.647,100
2020-09-25 09:34:05.340,4.646,200
2020-09-25 09:34:06.850,4.647,10000
2020-09-25 09:34:06.970,4.646,4200
2020-09-25 09:34:07.200,4.647,24600
2020-09-25 09:34:09.480,4.647,5400
2020-09-25 09:34:09.560,4.647,100
2020-09-25 09:34:10.590,4.647,100
2020-09-25 09:34:11.010,4.647,3000
2020-09-25 09:34:12.410,4.646,100
2020-09-25 09:34:12.750,4.646,1200
2020-09-25 09:34:12.800,4.647,36600
2020-09-25 09:34:13.010,4.647,10000
2020-09-25 09:34:13.370,4.647,10000
2020-09-25 09:34:13.550,4.647,200
2020-09-25 09:34:14.730,4.647,300
2020-09-25 09:34:15.210,4.646,700
2020-09-25 09:34:17.320,4.647,1100
2020-09-25 09:34:17.820,4.647,3200
2020-09-25 09:34:17.820,4.647,400
2020-09-25 09:34:17.820,4.647,1400
2020-09-25 09:34:18.640,4.647,200
2020-09-25 09:34:18.970,4.647,100
2020-09-25 09:34:23.000,4.646,48100
2020-09-25 09:34:23.000,4.646,80700
2020-09-25 09:34:23.000,4.646,2000
2020-09-25 09:34:23.000,4.646,10000
2020-09-25 09:34:23.000,4.646,42000
2020-09-25 09:34:23.000,4.646,500
2020-09-25 09:34:23.590,4.645,13842
2020-09-25 09:34:23.590,4.645,700
2020-09-25 09:34:23.590,4.645,1000
2020-09-25 09:34:23.590,4.645,1000
2020-09-25 09:34:23.590,4.645,2200
2020-09-25 09:34:23.590,4.645,7100
2020-09-25 09:34:23.590,4.645,700
2020-09-25 09:34:23.590,4.645,10000
2020-09-25 09:34:23.590,4.645,1000
2020-09-25 09:34:23.590,4.645,2458
2020-09-25 09:34:23.900,4.646,200
2020-09-25 09:34:24.550,4.646,1000
2020-09-25 09:34:24.650,4.646,200
2020-09-25 09:34:24.760,4.646,75800
2020-09-25 09:34:24.760,4.646,4200
2020-09-25 09:34:25.230,4.646,100
2020-09-25 09:34:25.930,4.646,8400
2020-09-25 09:34:26.020,4.646,1400
2020-09-25 09:34:26.490,4.646,300
2020-09-25 09:34:26.970,4.646,600
2020-09-25 09:34:27.190,4.646,500
2020-09-25 09:34:27.860,4.646,3800
2020-09-25 09:34:28.530,4.646,500
2020-09-25 09:34:28.550,4.645,100
2020-09-25 09:34:31.540,4.646,10000
2020-09-25 09:34:32.320,4.646,44000
2020-09-25 09:34:32.480,4.646,1000
2020-09-25 09:34:32.700,4.645,600
2020-09-25 09:34:32.760,4.646,14700
2020-09-25 09:34:33.100,4.646,2300
2020-09-25 09:34:33.120,4.645,2142
2020-09-25 09:34:33.120,4.645,1000
2020-09-25 09:34:33.120,4.645,6858
2020-09-25 09:34:33.330,4.645,2000
2020-09-25 09:34:33.520,4.646,600
2020-09-25 09:34:34.540,4.646,2200
2020-09-25 09:34:34.540,4.646,5000
2020-09-25 09:34:34.540,4.646,20000
2020-09-25 09:34:34.540,4.646,2700
2020-09-25 09:34:34.540,4.646,4800
2020-09-25 09:34:34.540,4.646,200
2020-09-25 09:34:34.540,4.646,1000
2020-09-25 09:34:35.950,4.646,2100
2020-09-25 09:34:36.620,4.647,800
2020-09-25 09:34:36.620,4.647,9200
2020-09-25 09:34:36.860,4.647,270800
2020-09-25 09:34:36.860,4.647,300
2020-09-25 09:34:36.860,4.647,300
2020-09-25 09:34:36.860,4.647,1000
2020-09-25 09:34:38.000,4.647,12000
2020-09-25 09:34:39.540,4.647,15600
2020-09-25 09:34:39.540,4.646,10000
2020-09-25 09:34:39.540,4.646,4400
2020-09-25 09:34:41.000,4.646,5600
2020-09-25 09:34:41.000,4.646,17000
2020-09-25 09:34:41.000,4.646,200
2020-09-25 09:34:41.000,4.646,200
2020-09-25 09:34:41.280,4.646,1200
2020-09-25 09:34:41.280,4.646,800
2020-09-25 09:34:41.280,4.646,1500
2020-09-25 09:34:41.670,4.647,100
2020-09-25 09:34:44.090,4.648,100
2020-09-25 09:34:44.760,4.647,400
2020-09-25 09:34:44.760,4.646,600
2020-09-25 09:34:45.620,4.647,2000
2020-09-25 09:34:45.700,4.647,1200
2020-09-25 09:34:47.430,4.647,3300
2020-09-25 09:34:52.270,4.647,10000
2020-09-25 09:34:52.540,4.647,900
2020-09-25 09:34:53.000,4.647,7000
2020-09-25 09:34:53.230,4.647,5000
2020-09-25 09:34:54.080,4.648,500
2020-09-25 09:34:56.610,4.648,100
2020-09-25 09:34:58.560,4.648,200
2020-09-25 09:34:58.800,4.647,40600
2020-09-25 09:34:58.800,4.647,1000
2020-09-25 09:34:58.800,4.647,1000
2020-09-25 09:34:58.800,4.647,200
2020-09-25 09:34:58.800,4.647,100
2020-09-25 09:34:58.800,4.647,10000
2020-09-25 09:34:58.800,4.647,200
2020-09-25 09:34:58.800,4.647,6200
2020-09-25 09:34:59.060,4.647,800
2020-09-25 09:34:59.690,4.648,400
2020-09-25 09:34:59.960,4.647,5000
2020-09-25 09:35:00.010,4.648,100
2020-09-25 09:35:00.300,4.647,38000
2020-09-25 09:35:00.300,4.647,8000
2020-09-25 09:35:00.300,4.647,500
2020-09-25 09:35:00.400,4.648,1600
2020-09-25 09:35:00.400,4.648,1000
2020-09-25 09:35:00.400,4.648,197400
2020-09-25 09:35:01.630,4.648,500
2020-09-25 09:35:03.070,4.648,10900
2020-09-25 09:35:03.770,4.648,2200
2020-09-25 09:35:04.380,4.647,100
2020-09-25 09:35:04.380,4.647,11500
2020-09-25 09:35:04.380,4.647,50000
2020-09-25 09:35:04.670,4.647,10000
2020-09-25 09:35:05.500,4.647,100
2020-09-25 09:35:07.340,4.647,18300
2020-09-25 09:35:07.340,4.647,41700
2020-09-25 09:35:08.010,4.647,20000
2020-09-25 09:35:10.540,4.647,100
2020-09-25 09:35:10.540,4.647,5000
2020-09-25 09:35:10.620,4.647,11800
2020-09-25 09:35:12.090,4.647,1000
2020-09-25 09:35:12.700,4.646,2000
2020-09-25 09:35:12.700,4.646,500
2020-09-25 09:35:12.700,4.646,5500
2020-09-25 09:35:13.060,4.646,4500
2020-09-25 09:35:13.060,4.646,5000
2020-09-25 09:35:13.060,4.646,400
2020-09-25 09:35:13.060,4.646,400
2020-09-25 09:35:13.060,4.646,100
2020-09-25 09:35:13.060,4.646,3000
2020-09-25 09:35:13.060,4.646,100
2020-09-25 09:35:13.060,4.646,2000
2020-09-25 09:35:13.060,4.646,5000
2020-09-25 09:35:13.060,4.646,500
2020-09-25 09:35:13.060,4.646,100
2020-09-25 09:35:13.060,4.646,18900
2020-09-25 09:35:13.520,4.647,800
2020-09-25 09:35:13.720,4.647,600
2020-09-25 09:35:13.720,4.647,2500
2020-09-25 09:35:14.690,4.647,300
2020-09-25 09:35:14.930,4.646,5000
2020-09-25 09:35:16.730,4.647,100
2020-09-25 09:35:17.220,4.647,400
2020-09-25 09:35:18.040,4.647,200
2020-09-25 09:35:19.340,4.646,3000
2020-09-25 09:35:19.420,4.646,5000
2020-09-25 09:35:20.310,4.647,1900
2020-09-25 09:35:20.310,4.647,2500
2020-09-25 09:35:20.310,4.647,12200
2020-09-25 09:35:20.310,4.647,5000
2020-09-25 09:35:20.310,4.647,1000
2020-09-25 09:35:20.310,4.647,27400
2020-09-25 09:35:20.990,4.646,5000
2020-09-25 09:35:21.300,4.646,100
2020-09-25 09:35:21.460,4.647,200
2020-09-25 09:35:21.600,4.646,1000
2020-09-25 09:35:21.770,4.647,10000
2020-09-25 09:35:24.610,4.647,100
2020-09-25 09:35:24.950,4.646,300
2020-09-25 09:35:25.470,4.647,100
2020-09-25 09:35:25.470,4.646,11700
2020-09-25 09:35:25.470,4.646,187700
2020-09-25 09:35:25.820,4.647,46500
2020-09-25 09:35:25.820,4.646,400
2020-09-25 09:35:25.950,4.647,300000
2020-09-25 09:35:26.080,4.647,300000
2020-09-25 09:35:26.110,4.647,215700
2020-09-25 09:35:26.110,4.647,8200
2020-09-25 09:35:26.110,4.647,1000
2020-09-25 09:35:27.760,4.647,5000
2020-09-25 09:35:28.190,4.647,500
2020-09-25 09:35:28.920,4.647,1300
2020-09-25 09:35:29.110,4.648,89000
2020-09-25 09:35:29.110,4.648,2000
2020-09-25 09:35:29.110,4.648,10000
2020-09-25 09:35:29.110,4.648,199000
2020-09-25 09:35:29.380,4.648,1000
2020-09-25 09:35:29.380,4.648,20000
2020-09-25 09:35:29.380,4.648,10000
2020-09-25 09:35:29.380,4.648,1200
2020-09-25 09:35:29.380,4.648,2000
2020-09-25 09:35:29.380,4.648,8200
2020-09-25 09:35:29.380,4.648,3600
2020-09-25 09:35:29.470,4.647,10000
2020-09-25 09:35:29.590,4.648,196400
2020-09-25 09:35:29.670,4.649,27800
2020-09-25 09:35:29.870,4.649,1700
2020-09-25 09:35:29.870,4.649,66600
2020-09-25 09:35:29.950,4.648,5000
2020-09-25 09:35:30.340,4.648,100000
2020-09-25 09:35:31.460,4.649,10000
2020-09-25 09:35:32.330,4.649,58300
2020-09-25 09:35:32.590,4.648,100000
2020-09-25 09:35:32.590,4.649,65100
2020-09-25 09:35:32.590,4.649,1000
2020-09-25 09:35:32.590,4.649,500
2020-09-25 09:35:32.590,4.649,233400
2020-09-25 09:35:33.670,4.649,66600
2020-09-25 09:35:33.670,4.649,1000
2020-09-25 09:35:33.670,4.649,600
2020-09-25 09:35:33.670,4.649,45500
2020-09-25 09:35:33.900,4.648,100000
2020-09-25 09:35:34.550,4.648,1500
2020-09-25 09:35:34.690,4.649,3000
2020-09-25 09:35:35.760,4.649,2000
2020-09-25 09:35:36.170,4.648,4000
2020-09-25 09:35:39.680,4.648,6000
2020-09-25 09:35:39.680,4.648,2600
2020-09-25 09:35:40.720,4.648,20000
2020-09-25 09:35:41.330,4.65,1000
2020-09-25 09:35:41.330,4.65,4000
2020-09-25 09:35:41.780,4.648,2700
2020-09-25 09:35:42.030,4.649,200
2020-09-25 09:35:42.850,4.648,50000
2020-09-25 09:35:42.930,4.648,2000
2020-09-25 09:35:44.410,4.648,600
2020-09-25 09:35:45.350,4.649,1000
2020-09-25 09:35:45.490,4.649,3800
2020-09-25 09:35:45.490,4.65,10000
2020-09-25 09:35:46.750,4.65,76000
2020-09-25 09:35:46.750,4.65,2800
2020-09-25 09:35:46.750,4.65,20000
2020-09-25 09:35:46.750,4.65,1000
2020-09-25 09:35:46.750,4.65,200
2020-09-25 09:35:47.080,4.649,4500
2020-09-25 09:35:48.690,4.649,500
2020-09-25 09:35:49.860,4.649,500
2020-09-25 09:35:49.860,4.649,9500
2020-09-25 09:35:50.150,4.649,2000
2020-09-25 09:35:50.400,4.649,108000
2020-09-25 09:35:50.850,4.648,30000
2020-09-25 09:35:52.470,4.649,1000
2020-09-25 09:35:52.570,4.649,500
2020-09-25 09:35:53.970,4.648,5000
2020-09-25 09:35:55.660,4.649,100
2020-09-25 09:35:56.100,4.648,200
2020-09-25 09:35:56.120,4.649,700
2020-09-25 09:35:57.520,4.649,5000
2020-09-25 09:35:57.600,4.649,11000
2020-09-25 09:35:58.540,4.649,200
2020-09-25 09:35:58.650,4.649,2000
2020-09-25 09:35:58.950,4.648,184800
2020-09-25 09:35:58.950,4.648,5000
2020-09-25 09:35:58.950,4.648,1000
2020-09-25 09:35:58.950,4.648,5000
2020-09-25 09:35:58.950,4.648,300
2020-09-25 09:35:58.950,4.648,2000
2020-09-25 09:35:58.950,4.648,1100
2020-09-25 09:35:58.950,4.648,200
2020-09-25 09:35:58.950,4.648,400
2020-09-25 09:35:58.950,4.648,500
2020-09-25 09:36:00.050,4.648,50000
2020-09-25 09:36:00.620,4.648,2000
2020-09-25 09:36:01.010,4.648,10000
2020-09-25 09:36:01.230,4.648,100
2020-09-25 09:36:02.350,4.648,20000
2020-09-25 09:36:04.060,4.648,4300
2020-09-25 09:36:04.620,4.647,900
2020-09-25 09:36:04.620,4.647,500
2020-09-25 09:36:04.650,4.648,5700
2020-09-25 09:36:04.650,4.648,10000
2020-09-25 09:36:04.650,4.648,184300
2020-09-25 09:36:04.770,4.648,10400
2020-09-25 09:36:04.820,4.648,4500
2020-09-25 09:36:08.440,4.648,1600
2020-09-25 09:36:09.290,4.647,100
2020-09-25 09:36:10.070,4.648,100
2020-09-25 09:36:10.140,4.648,6800
2020-09-25 09:36:11.480,4.648,32500
2020-09-25 09:36:11.570,4.648,300000
2020-09-25 09:36:11.570,4.648,278200
2020-09-25 09:36:11.570,4.648,1000
2020-09-25 09:36:11.570,4.648,1100
2020-09-25 09:36:12.400,4.647,2000
2020-09-25 09:36:14.220,4.648,500
2020-09-25 09:36:14.870,4.648,300
2020-09-25 09:36:15.640,4.648,2600
2020-09-25 09:36:15.720,4.649,5100
2020-09-25 09:36:18.600,4.649,1300
2020-09-25 09:36:19.530,4.649,10000
2020-09-25 09:36:19.640,4.649,10000
2020-09-25 09:36:19.820,4.649,100
2020-09-25 09:36:20.100,4.648,1700
2020-09-25 09:36:20.100,4.648,300
2020-09-25 09:36:20.830,4.648,100
2020-09-25 09:36:21.400,4.649,100
2020-09-25 09:36:21.860,4.648,1500
2020-09-25 09:36:21.860,4.649,100
2020-09-25 09:36:23.950,4.648,3100
2020-09-25 09:36:23.950,4.648,1900
2020-09-25 09:36:24.420,4.648,100
2020-09-25 09:36:25.240,4.648,3000
2020-09-25 09:36:25.240,4.648,200
2020-09-25 09:36:25.240,4.648,200
2020-09-25 09:36:25.240,4.648,100
2020-09-25 09:36:25.490,4.648,700
2020-09-25 09:36:27.090,4.648,500
2020-09-25 09:36:27.710,4.648,5300
2020-09-25 09:36:27.710,4.648,5200
2020-09-25 09:36:27.710,4.648,1000
2020-09-25 09:36:27.710,4.648,10000
2020-09-25 09:36:28.970,4.649,300
2020-09-25 09:36:29.840,4.648,20000
2020-09-25 09:36:30.750,4.649,5000
2020-09-25 09:36:33.030,4.648,20000
2020-09-25 09:36:33.810,4.648,300
2020-09-25 09:36:33.890,4.648,100
2020-09-25 09:36:34.300,4.648,2000
2020-09-25 09:36:34.560,4.648,114300
2020-09-25 09:36:35.250,4.648,80000
2020-09-25 09:36:35.340,4.649,137500
2020-09-25 09:36:35.340,4.649,20000
2020-09-25 09:36:35.340,4.649,4000
2020-09-25 09:36:35.340,4.649,7100
2020-09-25 09:36:35.340,4.649,3000
2020-09-25 09:36:35.340,4.649,1000
2020-09-25 09:36:35.340,4.649,300
2020-09-25 09:36:35.340,4.649,127100
2020-09-25 09:36:35.560,4.648,41800
2020-09-25 09:36:35.560,4.648,200
2020-09-25 09:36:35.770,4.648,1000
2020-09-25 09:36:35.770,4.648,300
2020-09-25 09:36:36.150,4.647,100
2020-09-25 09:36:36.750,4.648,1700
2020-09-25 09:36:38.790,4.648,600
2020-09-25 09:36:40.150,4.648,4900
2020-09-25 09:36:40.940,4.647,7800
2020-09-25 09:36:40.940,4.647,5000
2020-09-25 09:36:40.940,4.647,400
2020-09-25 09:36:40.940,4.647,300
2020-09-25 09:36:40.940,4.647,16500
2020-09-25 09:36:41.630,4.647,29000
2020-09-25 09:36:41.630,4.647,200
2020-09-25 09:36:41.630,4.647,4300
2020-09-25 09:36:41.630,4.647,5200
2020-09-25 09:36:41.970,4.647,5000
2020-09-25 09:36:44.120,4.647,9800
2020-09-25 09:36:44.120,4.647,1000
2020-09-25 09:36:44.120,4.647,500
2020-09-25 09:36:44.120,4.647,1700
2020-09-25 09:36:44.500,4.647,300
2020-09-25 09:36:44.500,4.647,100
2020-09-25 09:36:44.500,4.647,3000
2020-09-25 09:36:44.500,4.647,100
2020-09-25 09:36:44.500,4.647,30000
2020-09-25 09:36:44.530,4.647,100
2020-09-25 09:36:44.880,4.647,1900
2020-09-25 09:36:46.000,4.647,4500
2020-09-25 09:36:46.980,4.647,25500
2020-09-25 09:36:46.980,4.646,50000
2020-09-25 09:36:46.980,4.646,6700
2020-09-25 09:36:46.980,4.646,2000
2020-09-25 09:36:46.980,4.646,50000
2020-09-25 09:36:46.980,4.646,1500
2020-09-25 09:36:46.980,4.646,100
2020-09-25 09:36:46.980,4.646,5000
2020-09-25 09:36:46.980,4.646,39500
2020-09-25 09:36:46.980,4.646,20500
2020-09-25 09:36:46.980,4.646,5000
2020-09-25 09:36:46.980,4.645,16142
2020-09-25 09:36:46.980,4.645,13400
2020-09-25 09:36:46.980,4.645,5100
2020-09-25 09:36:46.980,4.645,100
2020-09-25 09:36:46.980,4.645,1000
2020-09-25 09:36:46.980,4.645,100
2020-09-25 09:36:46.980,4.645,2500
2020-09-25 09:36:46.980,4.645,1800
2020-09-25 09:36:46.980,4.645,2000
2020-09-25 09:36:46.980,4.645,1000
2020-09-25 09:36:46.980,4.645,500
2020-09-25 09:36:46.980,4.645,27500
2020-09-25 09:36:46.980,4.645,1000
2020-09-25 09:36:46.980,4.645,300
2020-09-25 09:36:46.980,4.645,300
2020-09-25 09:36:46.980,4.645,1000
2020-09-25 09:36:46.980,4.645,117000
2020-09-25 09:36:46.980,4.645,5000
2020-09-25 09:36:46.980,4.645,100
2020-09-25 09:36:46.980,4.645,100000
2020-09-25 09:36:46.980,4.645,200
2020-09-25 09:36:46.980,4.645,500
2020-09-25 09:36:46.980,4.645,500
2020-09-25 09:36:46.980,4.645,100
2020-09-25 09:36:46.980,4.645,100
2020-09-25 09:36:46.980,4.645,2000
2020-09-25 09:36:46.980,4.645,100
2020-09-25 09:36:46.980,4.645,2000
2020-09-25 09:36:46.980,4.645,1000
2020-09-25 09:36:46.980,4.645,400
2020-09-25 09:36:46.980,4.645,100
2020-09-25 09:36:46.980,4.645,6000
2020-09-25 09:36:46.980,4.645,3000
2020-09-25 09:36:46.980,4.645,6400
2020-09-25 09:36:46.980,4.645,5000
2020-09-25 09:36:46.980,4.645,10000
2020-09-25 09:36:46.980,4.645,400
2020-09-25 09:36:46.980,4.645,34458
2020-09-25 09:36:46.980,4.645,25542
2020-09-25 09:36:46.980,4.644,2000
2020-09-25 09:36:46.980,4.644,21600
2020-09-25 09:36:46.980,4.644,7000
2020-09-25 09:36:46.980,4.644,100
2020-09-25 09:36:46.980,4.644,100
2020-09-25 09:36:46.980,4.644,3000
2020-09-25 09:36:46.980,4.644,10000
2020-09-25 09:36:46.980,4.644,1000
2020-09-25 09:36:46.980,4.644,50000
2020-09-25 09:36:46.980,4.644,1200
2020-09-25 09:36:46.980,4.644,3700
2020-09-25 09:36:46.980,4.644,1500
2020-09-25 09:36:46.980,4.644,1700
2020-09-25 09:36:46.980,4.644,10000
2020-09-25 09:36:46.980,4.644,500
2020-09-25 09:36:46.980,4.644,100
2020-09-25 09:36:46.980,4.644,500
2020-09-25 09:36:46.980,4.644,3400
2020-09-25 09:36:46.980,4.644,11600
2020-09-25 09:36:46.980,4.644,5000
2020-09-25 09:36:46.980,4.644,2000
2020-09-25 09:36:46.980,4.644,1000
2020-09-25 09:36:46.980,4.644,2500
2020-09-25 09:36:46.980,4.644,300
2020-09-25 09:36:46.980,4.644,50000
2020-09-25 09:36:46.980,4.644,10000
2020-09-25 09:36:46.980,4.644,100
2020-09-25 09:36:46.980,4.644,1500
2020-09-25 09:36:46.980,4.644,20000
2020-09-25 09:36:46.980,4.644,3900
2020-09-25 09:36:46.980,4.644,500
2020-09-25 09:36:46.980,4.644,200
2020-09-25 09:36:46.980,4.644,100
2020-09-25 09:36:46.980,4.644,5000
2020-09-25 09:36:46.980,4.644,2000
2020-09-25 09:36:46.980,4.644,33958
2020-09-25 09:36:53.110,4.645,2100
2020-09-25 09:36:53.110,4.645,100
2020-09-25 09:36:53.110,4.644,31300
2020-09-25 09:36:54.530,4.646,1000
2020-09-25 09:36:54.530,4.647,1300
2020-09-25 09:36:55.040,4.647,1200
2020-09-25 09:36:55.630,4.647,5600
2020-09-25 09:36:56.950,4.646,100
2020-09-25 09:36:59.930,4.646,1800
2020-09-25 09:37:00.340,4.647,10000
2020-09-25 09:37:00.640,4.646,5600
2020-09-25 09:37:01.000,4.646,200
2020-09-25 09:37:02.090,4.645,400
2020-09-25 09:37:02.090,4.645,5100
2020-09-25 09:37:02.090,4.645,16600
2020-09-25 09:37:02.110,4.646,4000
2020-09-25 09:37:02.110,4.646,1000
2020-09-25 09:37:02.450,4.646,100
2020-09-25 09:37:02.720,4.645,200
2020-09-25 09:37:02.970,4.645,3100
2020-09-25 09:37:04.950,4.645,5100
2020-09-25 09:37:04.950,4.645,200
2020-09-25 09:37:07.330,4.645,64700
2020-09-25 09:37:07.760,4.644,20000
2020-09-25 09:37:08.760,4.645,200
2020-09-25 09:37:09.450,4.645,1000
2020-09-25 09:37:10.080,4.644,90000
2020-09-25 09:37:10.710,4.645,500
2020-09-25 09:37:11.190,4.645,1000
2020-09-25 09:37:12.490,4.645,11000
2020-09-25 09:37:13.650,4.645,100
2020-09-25 09:37:13.650,4.644,2000
2020-09-25 09:37:14.930,4.645,500
2020-09-25 09:37:15.160,4.645,3000
2020-09-25 09:37:17.500,4.645,200
2020-09-25 09:37:17.500,4.645,2200
2020-09-25 09:37:17.750,4.645,100
2020-09-25 09:37:18.320,4.645,100
2020-09-25 09:37:19.140,4.645,100
2020-09-25 09:37:21.380,4.645,2100
2020-09-25 09:37:21.910,4.645,4000
2020-09-25 09:37:22.360,4.645,500
2020-09-25 09:37:23.140,4.644,2000
2020-09-25 09:37:23.700,4.645,10000
2020-09-25 09:37:23.720,4.645,10000
2020-09-25 09:37:24.730,4.644,1700
2020-09-25 09:37:25.140,4.644,90000
2020-09-25 09:37:25.230,4.645,10000
2020-09-25 09:37:25.660,4.645,5300
2020-09-25 09:37:26.090,4.644,4000
2020-09-25 09:37:27.090,4.645,4700
2020-09-25 09:37:27.450,4.645,500
2020-09-25 09:37:27.510,4.645,2000
2020-09-25 09:37:29.160,4.645,100
2020-09-25 09:37:30.160,4.644,1000
2020-09-25 09:37:30.530,4.644,2000
2020-09-25 09:37:31.400,4.645,100000
2020-09-25 09:37:31.430,4.645,3200
2020-09-25 09:37:31.710,4.645,100
2020-09-25 09:37:31.830,4.645,200
2020-09-25 09:37:32.620,4.645,57300
2020-09-25 09:37:32.620,4.645,38300
2020-09-25 09:37:32.620,4.645,100
2020-09-25 09:37:32.620,4.645,18400
2020-09-25 09:37:32.620,4.645,50000
2020-09-25 09:37:32.620,4.645,4000
2020-09-25 09:37:32.620,4.645,1400
2020-09-25 09:37:32.620,4.645,300
2020-09-25 09:37:32.620,4.645,2000
2020-09-25 09:37:32.620,4.645,6400
2020-09-25 09:37:32.620,4.645,500
2020-09-25 09:37:32.680,4.645,200
2020-09-25 09:37:32.680,4.645,11700
2020-09-25 09:37:32.960,4.645,5000
2020-09-25 09:37:33.950,4.645,3500
2020-09-25 09:37:34.000,4.645,5000
2020-09-25 09:37:34.580,4.646,200
2020-09-25 09:37:35.670,4.645,1000
2020-09-25 09:37:35.780,4.646,15000
2020-09-25 09:37:36.750,4.645,10000
2020-09-25 09:37:37.760,4.646,10000
2020-09-25 09:37:37.760,4.646,100
2020-09-25 09:37:37.810,4.646,10000
2020-09-25 09:37:38.000,4.646,10000
2020-09-25 09:37:38.550,4.645,200
2020-09-25 09:37:38.750,4.646,10000
2020-09-25 09:37:40.790,4.645,29000
2020-09-25 09:37:41.120,4.645,14000
2020-09-25 09:37:42.520,4.645,10000
2020-09-25 09:37:43.720,4.646,700
2020-09-25 09:37:44.610,4.646,100
2020-09-25 09:37:44.690,4.645,5000
2020-09-25 09:37:44.870,4.645,2500
2020-09-25 09:37:45.800,4.646,10000
2020-09-25 09:37:45.850,4.646,10000
2020-09-25 09:37:46.090,4.645,800
2020-09-25 09:37:47.040,4.645,23400
2020-09-25 09:37:47.040,4.645,10000
2020-09-25 09:37:47.040,4.645,10000
2020-09-25 09:37:47.040,4.645,156600
2020-09-25 09:37:47.310,4.645,143400
2020-09-25 09:37:47.310,4.645,100
2020-09-25 09:37:47.310,4.645,50000
2020-09-25 09:37:47.310,4.645,300
2020-09-25 09:37:47.310,4.645,1000
2020-09-25 09:37:47.310,4.645,200
2020-09-25 09:37:47.310,4.645,200
2020-09-25 09:37:47.310,4.645,20000
2020-09-25 09:37:47.310,4.645,2400
2020-09-25 09:37:47.630,4.644,222042
2020-09-25 09:37:47.630,4.644,100
2020-09-25 09:37:47.630,4.644,2000
2020-09-25 09:37:47.630,4.644,100
2020-09-25 09:37:47.630,4.644,100
2020-09-25 09:37:47.630,4.644,20000
2020-09-25 09:37:47.630,4.644,200
2020-09-25 09:37:47.630,4.644,10000
2020-09-25 09:37:47.630,4.644,3000
2020-09-25 09:37:47.630,4.644,50000
2020-09-25 09:37:47.630,4.644,50000
2020-09-25 09:37:47.630,4.644,2200
2020-09-25 09:37:47.630,4.644,100
2020-09-25 09:37:47.630,4.644,5000
2020-09-25 09:37:47.630,4.644,300
2020-09-25 09:37:47.630,4.644,500
2020-09-25 09:37:47.630,4.644,185100
2020-09-25 09:37:47.630,4.644,10700
2020-09-25 09:37:47.630,4.644,10000
2020-09-25 09:37:47.630,4.644,100
2020-09-25 09:37:47.630,4.644,1000
2020-09-25 09:37:47.630,4.644,200
2020-09-25 09:37:47.630,4.644,10700
2020-09-25 09:37:47.630,4.644,200
2020-09-25 09:37:47.630,4.644,1200
2020-09-25 09:37:47.630,4.644,100
2020-09-25 09:37:47.630,4.644,200
2020-09-25 09:37:47.630,4.644,3000
2020-09-25 09:37:47.630,4.644,200
2020-09-25 09:37:47.630,4.644,2200
2020-09-25 09:37:47.630,4.644,1000
2020-09-25 09:37:47.630,4.644,100
2020-09-25 09:37:47.630,4.644,100
2020-09-25 09:37:47.630,4.644,4500
2020-09-25 09:37:47.630,4.644,5000
2020-09-25 09:37:47.630,4.644,300
2020-09-25 09:37:47.630,4.644,13000
2020-09-25 09:37:47.630,4.644,200
2020-09-25 09:37:47.630,4.644,3000
2020-09-25 09:37:47.630,4.644,1000
2020-09-25 09:37:47.630,4.644,100
2020-09-25 09:37:47.630,4.644,300
2020-09-25 09:37:47.630,4.644,100
2020-09-25 09:37:47.630,4.644,4400
2020-09-25 09:37:47.630,4.644,3000
2020-09-25 09:37:47.630,4.644,1000
2020-09-25 09:37:47.630,4.644,300
2020-09-25 09:37:47.630,4.644,900
2020-09-25 09:37:47.630,4.644,100
2020-09-25 09:37:47.630,4.644,500
2020-09-25 09:37:47.630,4.644,4400
2020-09-25 09:37:47.630,4.644,200
2020-09-25 09:37:47.630,4.644,1000
2020-09-25 09:37:47.630,4.644,3000
2020-09-25 09:37:47.630,4.644,2000
2020-09-25 09:37:47.630,4.644,1000
2020-09-25 09:37:47.630,4.644,1000
2020-09-25 09:37:47.630,4.644,1400
2020-09-25 09:37:47.630,4.644,100
2020-09-25 09:37:47.630,4.644,400
2020-09-25 09:37:47.630,4.644,20000
2020-09-25 09:37:47.630,4.644,5000
2020-09-25 09:37:47.630,4.644,10000
2020-09-25 09:37:47.630,4.644,200
2020-09-25 09:37:47.630,4.644,100
2020-09-25 09:37:47.630,4.644,3158
2020-09-25 09:37:48.280,4.645,30000
2020-09-25 09:37:48.990,4.645,252400
2020-09-25 09:37:48.990,4.645,47600
2020-09-25 09:37:49.180,4.645,10000
2020-09-25 09:37:49.320,4.644,4400
2020-09-25 09:37:49.430,4.645,10000
2020-09-25 09:37:49.770,4.645,1000
2020-09-25 09:37:50.490,4.645,100000
2020-09-25 09:37:50.490,4.645,49000
2020-09-25 09:37:50.490,4.645,2000
2020-09-25 09:37:50.760,4.645,3000
2020-09-25 09:37:50.820,4.646,100
2020-09-25 09:37:51.360,4.645,24000
2020-09-25 09:37:52.050,4.645,100
2020-09-25 09:37:55.430,4.645,300
2020-09-25 09:37:55.460,4.645,800
2020-09-25 09:37:55.460,4.645,2000
2020-09-25 09:37:55.460,4.645,5100
2020-09-25 09:37:55.460,4.645,500
2020-09-25 09:37:55.460,4.645,100
2020-09-25 09:37:56.210,4.645,1000
2020-09-25 09:37:56.550,4.645,200
2020-09-25 09:37:56.620,4.645,1900
2020-09-25 09:37:56.900,4.645,43100
2020-09-25 09:37:56.960,4.645,5600
2020-09-25 09:37:56.960,4.644,5000
2020-09-25 09:37:57.100,4.645,10000
2020-09-25 09:37:57.240,4.645,1000
2020-09-25 09:37:58.890,4.645,100
2020-09-25 09:38:00.620,4.645,21700
2020-09-25 09:38:01.630,4.645,20000
2020-09-25 09:38:01.710,4.645,100
2020-09-25 09:38:02.540,4.645,1000
2020-09-25 09:38:03.060,4.644,4700
2020-09-25 09:38:03.900,4.644,2742
2020-09-25 09:38:03.900,4.644,500
2020-09-25 09:38:03.900,4.644,1758
2020-09-25 09:38:05.730,4.644,8242
2020-09-25 09:38:05.730,4.644,500
2020-09-25 09:38:05.730,4.644,2100
2020-09-25 09:38:05.730,4.644,1000
2020-09-25 09:38:05.730,4.644,8158
2020-09-25 09:38:07.600,4.645,10000
2020-09-25 09:38:07.990,4.644,300
2020-09-25 09:38:09.020,4.645,1000
2020-09-25 09:38:10.130,4.645,2000
2020-09-25 09:38:10.880,4.645,3500
2020-09-25 09:38:11.560,4.644,500
2020-09-25 09:38:11.940,4.644,1042
2020-09-25 09:38:11.940,4.644,600
2020-09-25 09:38:11.940,4.644,500
2020-09-25 09:38:11.940,4.644,2858
2020-09-25 09:38:12.400,4.644,3000
2020-09-25 09:38:13.590,4.644,100
2020-09-25 09:38:13.840,4.645,100
2020-09-25 09:38:15.030,4.644,4042
2020-09-25 09:38:15.030,4.644,100
2020-09-25 09:38:15.030,4.644,500
2020-09-25 09:38:15.030,4.644,15358
2020-09-25 09:38:15.180,4.645,500
2020-09-25 09:38:16.030,4.644,2000
2020-09-25 09:38:16.170,4.645,300
2020-09-25 09:38:17.460,4.645,2300
2020-09-25 09:38:21.490,4.644,90000
2020-09-25 09:38:22.910,4.645,2100
2020-09-25 09:38:22.910,4.645,4100
2020-09-25 09:38:22.940,4.645,4000
2020-09-25 09:38:22.990,4.645,100000
2020-09-25 09:38:23.430,4.645,3000
2020-09-25 09:38:24.360,4.645,500
2020-09-25 09:38:25.870,4.644,1000
2020-09-25 09:38:25.930,4.645,300
2020-09-25 09:38:26.440,4.645,10000
2020-09-25 09:38:26.950,4.644,191642
2020-09-25 09:38:26.950,4.644,3000
2020-09-25 09:38:26.950,4.644,50000
2020-09-25 09:38:26.950,4.644,3000
2020-09-25 09:38:26.950,4.644,200
2020-09-25 09:38:26.950,4.644,2100
2020-09-25 09:38:26.950,4.644,2200
2020-09-25 09:38:26.950,4.644,23900
2020-09-25 09:38:26.950,4.644,13000
2020-09-25 09:38:26.950,4.644,400
2020-09-25 09:38:26.950,4.644,200
2020-09-25 09:38:26.950,4.644,300
2020-09-25 09:38:26.950,4.644,10058
2020-09-25 09:38:27.310,4.644,1000
2020-09-25 09:38:27.360,4.645,200
2020-09-25 09:38:27.720,4.644,19942
2020-09-25 09:38:29.160,4.644,10000
2020-09-25 09:38:29.720,4.644,100
2020-09-25 09:38:29.970,4.643,200
2020-09-25 09:38:29.970,4.643,7300
2020-09-25 09:38:30.550,4.643,17700
2020-09-25 09:38:30.550,4.643,700
2020-09-25 09:38:30.550,4.643,200
2020-09-25 09:38:30.550,4.643,500
2020-09-25 09:38:30.550,4.643,1000
2020-09-25 09:38:30.550,4.643,1000
2020-09-25 09:38:30.550,4.643,2000
2020-09-25 09:38:30.550,4.643,5000
2020-09-25 09:38:30.550,4.643,500
2020-09-25 09:38:30.550,4.643,300
2020-09-25 09:38:30.550,4.643,100
2020-09-25 09:38:30.550,4.643,2000
2020-09-25 09:38:30.550,4.643,1000
2020-09-25 09:38:30.550,4.643,100
2020-09-25 09:38:30.550,4.643,100
2020-09-25 09:38:30.550,4.643,200
2020-09-25 09:38:30.550,4.643,200
2020-09-25 09:38:30.550,4.643,1000
2020-09-25 09:38:30.550,4.643,1000
2020-09-25 09:38:30.550,4.643,50000
2020-09-25 09:38:30.550,4.643,500
2020-09-25 09:38:30.550,4.643,100
2020-09-25 09:38:30.550,4.643,200
2020-09-25 09:38:30.550,4.643,1000
2020-09-25 09:38:30.550,4.643,5000
2020-09-25 09:38:30.550,4.643,700
2020-09-25 09:38:30.550,4.643,25000
2020-09-25 09:38:30.550,4.643,700
2020-09-25 09:38:30.550,4.643,1300
2020-09-25 09:38:30.550,4.643,100
2020-09-25 09:38:30.550,4.643,1000
2020-09-25 09:38:30.550,4.643,2200
2020-09-25 09:38:30.550,4.643,10000
2020-09-25 09:38:30.550,4.643,25000
2020-09-25 09:38:30.550,4.643,500
2020-09-25 09:38:30.550,4.643,7700
2020-09-25 09:38:30.550,4.643,100
2020-09-25 09:38:30.550,4.643,600
2020-09-25 09:38:30.550,4.643,1000
2020-09-25 09:38:30.550,4.643,10000
2020-09-25 09:38:30.550,4.643,100
2020-09-25 09:38:30.550,4.643,100
2020-09-25 09:38:30.550,4.643,2000
2020-09-25 09:38:30.550,4.643,2000
2020-09-25 09:38:30.550,4.643,1000
2020-09-25 09:38:30.550,4.643,48700
2020-09-25 09:38:30.550,4.643,5000
2020-09-25 09:38:30.550,4.643,500
2020-09-25 09:38:30.550,4.643,100
2020-09-25 09:38:30.550,4.643,100
2020-09-25 09:38:30.550,4.643,600
2020-09-25 09:38:30.550,4.642,60900
2020-09-25 09:38:30.550,4.642,6000
2020-09-25 09:38:30.550,4.642,2000
2020-09-25 09:38:30.550,4.642,2300
2020-09-25 09:38:30.550,4.642,3000
2020-09-25 09:38:30.550,4.642,100
2020-09-25 09:38:30.550,4.642,1000
2020-09-25 09:38:30.550,4.642,100
2020-09-25 09:38:30.550,4.642,2000
2020-09-25 09:38:30.550,4.642,500
2020-09-25 09:38:30.550,4.641,10000
2020-09-25 09:38:30.550,4.641,15000
2020-09-25 09:38:30.550,4.641,2000
2020-09-25 09:38:30.550,4.641,290000
2020-09-25 09:38:30.550,4.641,900
2020-09-25 09:38:30.550,4.641,1000
2020-09-25 09:38:30.550,4.641,9300
2020-09-25 09:38:30.550,4.641,20000
2020-09-25 09:38:30.550,4.641,5000
2020-09-25 09:38:30.550,4.641,82500
2020-09-25 09:38:30.550,4.641,10000
2020-09-25 09:38:30.550,4.641,500
2020-09-25 09:38:30.550,4.641,131500
2020-09-25 09:38:30.840,4.643,1000
2020-09-25 09:38:34.760,4.643,1000
2020-09-25 09:38:35.710,4.643,100
2020-09-25 09:38:35.980,4.643,1000
2020-09-25 09:38:36.180,4.643,3800
2020-09-25 09:38:36.180,4.643,100
2020-09-25 09:38:36.270,4.643,6000
2020-09-25 09:38:37.160,4.644,100
2020-09-25 09:38:37.160,4.644,200
2020-09-25 09:38:37.240,4.644,200
2020-09-25 09:38:37.410,4.643,100
2020-09-25 09:38:37.410,4.642,5000
2020-09-25 09:38:37.410,4.642,5000
2020-09-25 09:38:37.410,4.642,1000
2020-09-25 09:38:37.410,4.641,1000
2020-09-25 09:38:37.410,4.641,60000
2020-09-25 09:38:37.410,4.641,60000
2020-09-25 09:38:37.410,4.641,500
2020-09-25 09:38:37.410,4.641,300000
2020-09-25 09:38:37.410,4.64,20000
2020-09-25 09:38:37.410,4.64,200
2020-09-25 09:38:37.410,4.64,100
2020-09-25 09:38:37.410,4.64,2200
2020-09-25 09:38:37.410,4.64,5000
2020-09-25 09:38:37.410,4.64,29500
2020-09-25 09:38:37.410,4.641,100
2020-09-25 09:38:38.030,4.641,121400
2020-09-25 09:38:38.410,4.642,1000
2020-09-25 09:38:38.940,4.642,200
2020-09-25 09:38:39.330,4.642,500
2020-09-25 09:38:40.040,4.642,10000
2020-09-25 09:38:40.060,4.642,3000
2020-09-25 09:38:40.150,4.642,500
2020-09-25 09:38:40.470,4.642,1000
2020-09-25 09:38:40.640,4.642,10000
2020-09-25 09:38:40.640,4.642,10000
2020-09-25 09:38:41.180,4.642,10000
2020-09-25 09:38:41.430,4.642,600
2020-09-25 09:38:42.250,4.642,5300
2020-09-25 09:38:42.690,4.642,100
2020-09-25 09:38:43.410,4.64,58100
2020-09-25 09:38:44.440,4.641,200
2020-09-25 09:38:45.340,4.641,2100
2020-09-25 09:38:46.200,4.641,30000
2020-09-25 09:38:46.440,4.641,200
2020-09-25 09:38:46.910,4.641,500
2020-09-25 09:38:47.290,4.641,500
2020-09-25 09:38:47.610,4.64,12400
2020-09-25 09:38:47.610,4.64,4000
2020-09-25 09:38:47.610,4.64,2000
2020-09-25 09:38:47.610,4.64,2000
2020-09-25 09:38:47.610,4.64,1000
2020-09-25 09:38:47.610,4.64,5000
2020-09-25 09:38:47.610,4.64,2000
2020-09-25 09:38:47.610,4.64,500
2020-09-25 09:38:47.610,4.64,400
2020-09-25 09:38:47.610,4.64,100
2020-09-25 09:38:47.610,4.64,200
2020-09-25 09:38:47.610,4.64,1000
2020-09-25 09:38:47.610,4.64,500
2020-09-25 09:38:47.610,4.64,100
2020-09-25 09:38:47.610,4.64,200
2020-09-25 09:38:47.610,4.64,100
2020-09-25 09:38:47.610,4.64,300
2020-09-25 09:38:47.610,4.64,500
2020-09-25 09:38:47.610,4.64,2300
2020-09-25 09:38:47.610,4.64,500
2020-09-25 09:38:47.610,4.64,500
2020-09-25 09:38:47.610,4.64,6000
2020-09-25 09:38:47.610,4.64,4600
2020-09-25 09:38:47.610,4.64,5900
2020-09-25 09:38:47.610,4.64,800
2020-09-25 09:38:47.610,4.64,15000
2020-09-25 09:38:47.610,4.64,3000
2020-09-25 09:38:47.610,4.64,11100
2020-09-25 09:38:47.610,4.64,3000
2020-09-25 09:38:47.610,4.64,2000
2020-09-25 09:38:47.610,4.64,300
2020-09-25 09:38:47.610,4.64,3000
2020-09-25 09:38:47.610,4.64,500
2020-09-25 09:38:47.610,4.64,200
2020-09-25 09:38:47.610,4.64,2000
2020-09-25 09:38:47.610,4.64,1000
2020-09-25 09:38:47.610,4.64,100
2020-09-25 09:38:47.610,4.64,500
2020-09-25 09:38:47.610,4.64,1000
2020-09-25 09:38:47.610,4.64,5000
2020-09-25 09:38:47.610,4.64,2000
2020-09-25 09:38:47.610,4.64,7700
2020-09-25 09:38:47.610,4.64,100
2020-09-25 09:38:47.610,4.64,200
2020-09-25 09:38:47.610,4.64,200
2020-09-25 09:38:47.610,4.64,300
2020-09-25 09:38:47.610,4.64,100
2020-09-25 09:38:47.610,4.64,10000
2020-09-25 09:38:47.610,4.64,100
2020-09-25 09:38:47.610,4.64,100
2020-09-25 09:38:47.610,4.64,200
2020-09-25 09:38:47.610,4.64,300
2020-09-25 09:38:47.610,4.64,500
2020-09-25 09:38:47.610,4.64,500
2020-09-25 09:38:47.610,4.64,24100
2020-09-25 09:38:47.610,4.64,300
2020-09-25 09:38:47.610,4.64,4200
2020-09-25 09:38:47.610,4.64,1000
2020-09-25 09:38:47.610,4.64,200
2020-09-25 09:38:47.610,4.64,300000
2020-09-25 09:38:47.610,4.639,3000
2020-09-25 09:38:47.610,4.639,47500
2020-09-25 09:38:47.640,4.641,400
2020-09-25 09:38:48.480,4.641,200
2020-09-25 09:38:48.730,4.64,20400
2020-09-25 09:38:49.030,4.641,100
2020-09-25 09:38:49.770,4.64,60000
2020-09-25 09:38:49.790,4.64,2000
2020-09-25 09:38:50.270,4.64,144400
2020-09-25 09:38:50.550,4.641,2300
2020-09-25 09:38:50.550,4.641,2200
2020-09-25 09:38:50.930,4.642,300
2020-09-25 09:38:50.930,4.642,100
2020-09-25 09:38:50.930,4.642,9000
2020-09-25 09:38:50.930,4.643,600
2020-09-25 09:38:50.950,4.641,5500
2020-09-25 09:38:51.780,4.641,1000
2020-09-25 09:38:51.780,4.643,1000
2020-09-25 09:38:52.220,4.642,500
2020-09-25 09:38:53.090,4.642,1400
2020-09-25 09:38:53.090,4.642,1000
2020-09-25 09:38:53.090,4.642,1900
2020-09-25 09:38:53.500,4.643,8000
2020-09-25 09:38:53.920,4.643,3500
2020-09-25 09:38:53.950,4.642,2000
2020-09-25 09:38:54.250,4.642,100
2020-09-25 09:38:55.240,4.642,1000
2020-09-25 09:38:55.240,4.642,1000
2020-09-25 09:38:55.240,4.642,1000
2020-09-25 09:38:55.800,4.642,100
2020-09-25 09:39:01.170,4.642,300
2020-09-25 09:39:02.750,4.642,400
2020-09-25 09:39:03.030,4.642,4200
2020-09-25 09:39:03.530,4.642,300
2020-09-25 09:39:04.020,4.641,200
2020-09-25 09:39:04.020,4.641,2900
2020-09-25 09:39:04.100,4.642,19600
2020-09-25 09:39:04.100,4.642,5400
2020-09-25 09:39:04.340,4.642,100
2020-09-25 09:39:07.800,4.642,200
2020-09-25 09:39:09.190,4.641,900
2020-09-25 09:39:09.560,4.642,10000
2020-09-25 09:39:09.700,4.642,100
2020-09-25 09:39:09.760,4.642,4200
2020-09-25 09:39:09.760,4.642,900
2020-09-25 09:39:11.120,4.642,100
2020-09-25 09:39:11.120,4.642,600
2020-09-25 09:39:11.120,4.642,500
2020-09-25 09:39:11.120,4.642,1000
2020-09-25 09:39:11.120,4.642,2100
2020-09-25 09:39:11.120,4.642,1500
2020-09-25 09:39:11.120,4.642,20000
2020-09-25 09:39:11.120,4.642,10000
2020-09-25 09:39:11.120,4.642,90000
2020-09-25 09:39:11.860,4.642,10000
2020-09-25 09:39:12.080,4.643,46900
2020-09-25 09:39:12.080,4.643,60000
2020-09-25 09:39:12.080,4.643,2800
2020-09-25 09:39:12.080,4.643,1000
2020-09-25 09:39:12.080,4.643,90000
2020-09-25 09:39:12.080,4.643,10000
2020-09-25 09:39:12.080,4.643,400
2020-09-25 09:39:13.410,4.643,6000
2020-09-25 09:39:13.410,4.643,500
2020-09-25 09:39:13.840,4.643,4300
2020-09-25 09:39:14.040,4.643,1000
2020-09-25 09:39:14.210,4.643,16600
2020-09-25 09:39:14.210,4.643,20100
2020-09-25 09:39:14.210,4.643,300000
2020-09-25 09:39:14.210,4.643,389100
2020-09-25 09:39:14.210,4.643,174200
2020-09-25 09:39:14.590,4.644,100
2020-09-25 09:39:14.590,4.644,30000
2020-09-25 09:39:14.910,4.644,500
2020-09-25 09:39:14.990,4.644,7500
2020-09-25 09:39:16.370,4.644,5000
2020-09-25 09:39:16.950,4.643,300
2020-09-25 09:39:18.450,4.643,300
2020-09-25 09:39:19.440,4.643,4500
2020-09-25 09:39:19.440,4.643,3800
2020-09-25 09:39:19.460,4.643,1300
2020-09-25 09:39:19.460,4.643,100
2020-09-25 09:39:19.460,4.643,8600
2020-09-25 09:39:19.550,4.645,300000
2020-09-25 09:39:19.680,4.645,10000
2020-09-25 09:39:20.320,4.643,9900
2020-09-25 09:39:20.340,4.643,166900
2020-09-25 09:39:20.340,4.643,414600
2020-09-25 09:39:20.340,4.643,300000
2020-09-25 09:39:20.340,4.643,8600
2020-09-25 09:39:20.530,4.643,100000
2020-09-25 09:39:20.720,4.645,285400
2020-09-25 09:39:20.720,4.645,800
2020-09-25 09:39:20.720,4.645,100
2020-09-25 09:39:20.720,4.645,1000
2020-09-25 09:39:20.720,4.645,2900
2020-09-25 09:39:20.820,4.645,67100
2020-09-25 09:39:20.820,4.645,3700
2020-09-25 09:39:20.820,4.645,50000
2020-09-25 09:39:20.820,4.645,1000
2020-09-25 09:39:20.820,4.645,6000
2020-09-25 09:39:20.820,4.645,200
2020-09-25 09:39:20.820,4.645,66700
2020-09-25 09:39:20.820,4.645,3000
2020-09-25 09:39:20.820,4.645,1000
2020-09-25 09:39:20.820,4.645,8100
2020-09-25 09:39:20.820,4.645,93200
2020-09-25 09:39:22.620,4.644,4000
2020-09-25 09:39:22.750,4.644,10000
2020-09-25 09:39:22.880,4.644,20100
2020-09-25 09:39:25.910,4.645,34600
2020-09-25 09:39:28.160,4.645,1000
2020-09-25 09:39:28.470,4.645,1000
2020-09-25 09:39:29.090,4.645,2000
2020-09-25 09:39:29.550,4.645,500
2020-09-25 09:39:29.880,4.643,40000
2020-09-25 09:39:29.880,4.643,7600
2020-09-25 09:39:32.080,4.645,4300
2020-09-25 09:39:32.140,4.644,2200
2020-09-25 09:39:33.070,4.645,163400
2020-09-25 09:39:33.070,4.645,20000
2020-09-25 09:39:33.070,4.645,27400
2020-09-25 09:39:33.070,4.645,4000
2020-09-25 09:39:33.070,4.645,85200
2020-09-25 09:39:35.980,4.644,2800
2020-09-25 09:39:35.980,4.644,4700
2020-09-25 09:39:36.070,4.645,14000
2020-09-25 09:39:36.070,4.645,800
2020-09-25 09:39:36.070,4.645,1200
2020-09-25 09:39:36.490,4.644,200
2020-09-25 09:39:36.570,4.645,9900
2020-09-25 09:39:36.730,4.645,5000
2020-09-25 09:39:36.980,4.645,100
2020-09-25 09:39:37.910,4.645,5000
2020-09-25 09:39:38.100,4.645,78800
2020-09-25 09:39:38.100,4.645,100000
2020-09-25 09:39:38.100,4.645,5000
2020-09-25 09:39:38.100,4.645,116200
2020-09-25 09:39:38.130,4.645,5500
2020-09-25 09:39:38.190,4.645,50000
2020-09-25 09:39:38.460,4.645,600
2020-09-25 09:39:38.810,4.645,100
2020-09-25 09:39:39.080,4.644,100
2020-09-25 09:39:39.080,4.644,1000
2020-09-25 09:39:39.080,4.644,4300
2020-09-25 09:39:39.370,4.645,3000
2020-09-25 09:39:39.460,4.645,1000
2020-09-25 09:39:39.540,4.645,5000
2020-09-25 09:39:39.600,4.645,18600
2020-09-25 09:39:39.600,4.645,500
2020-09-25 09:39:41.670,4.645,300
2020-09-25 09:39:43.140,4.645,500
2020-09-25 09:39:43.220,4.645,3300
2020-09-25 09:39:47.360,4.646,2900
2020-09-25 09:39:47.360,4.646,17100
2020-09-25 09:39:48.630,4.646,43100
2020-09-25 09:39:49.490,4.645,5000
2020-09-25 09:39:49.960,4.646,2200
2020-09-25 09:39:49.960,4.645,271800
2020-09-25 09:39:49.960,4.645,2000
2020-09-25 09:39:49.960,4.645,5000
2020-09-25 09:39:49.960,4.645,7300
2020-09-25 09:39:49.960,4.645,300
2020-09-25 09:39:49.960,4.645,500
2020-09-25 09:39:49.960,4.645,100
2020-09-25 09:39:49.960,4.645,500
2020-09-25 09:39:49.960,4.645,4900
2020-09-25 09:39:49.960,4.645,7600
2020-09-25 09:39:50.650,4.645,2400
2020-09-25 09:39:50.650,4.645,200
2020-09-25 09:39:50.650,4.645,400
2020-09-25 09:39:51.410,4.646,200
2020-09-25 09:39:52.480,4.646,20000
2020-09-25 09:39:52.730,4.646,700
2020-09-25 09:39:53.560,4.645,100
2020-09-25 09:39:53.560,4.645,1000
2020-09-25 09:39:53.590,4.645,88900
2020-09-25 09:39:53.590,4.646,6700
2020-09-25 09:39:53.590,4.646,5000
2020-09-25 09:39:53.590,4.646,10000
2020-09-25 09:39:53.590,4.646,1000
2020-09-25 09:39:53.590,4.646,188400
2020-09-25 09:39:54.150,4.646,100
2020-09-25 09:39:55.590,4.646,11500
2020-09-25 09:39:55.590,4.646,288500
2020-09-25 09:39:56.310,4.645,1200
2020-09-25 09:39:56.310,4.645,1000
2020-09-25 09:39:57.460,4.646,11500
2020-09-25 09:39:57.460,4.646,288500
2020-09-25 09:39:57.510,4.645,1400
2020-09-25 09:39:57.570,4.646,11500
2020-09-25 09:39:57.570,4.646,288500
2020-09-25 09:39:57.600,4.646,11500
2020-09-25 09:39:58.460,4.646,5000
2020-09-25 09:40:00.350,4.646,700
2020-09-25 09:40:00.670,4.646,50000
2020-09-25 09:40:03.200,4.646,100
2020-09-25 09:40:04.210,4.647,1500
2020-09-25 09:40:04.930,4.647,20000
2020-09-25 09:40:04.960,4.647,20400
2020-09-25 09:40:04.960,4.647,20000
2020-09-25 09:40:04.960,4.647,30000
2020-09-25 09:40:04.960,4.647,200
2020-09-25 09:40:04.960,4.647,200
2020-09-25 09:40:04.960,4.647,200
2020-09-25 09:40:04.960,4.647,200
2020-09-25 09:40:04.960,4.647,200
2020-09-25 09:40:04.960,4.647,28600
2020-09-25 09:40:05.260,4.647,300
2020-09-25 09:40:05.850,4.646,232700
2020-09-25 09:40:05.850,4.646,67300
2020-09-25 09:40:06.130,4.647,21100
2020-09-25 09:40:06.130,4.647,178900
2020-09-25 09:40:07.190,4.647,2300
2020-09-25 09:40:07.300,4.646,10000
2020-09-25 09:40:07.790,4.647,1400
2020-09-25 09:40:07.920,4.647,1000
2020-09-25 09:40:08.970,4.646,7500
2020-09-25 09:40:09.060,4.647,500
2020-09-25 09:40:09.060,4.647,2000
2020-09-25 09:40:09.400,4.647,1600
2020-09-25 09:40:09.950,4.646,2000
2020-09-25 09:40:12.100,4.647,43900
2020-09-25 09:40:12.100,4.647,6100
2020-09-25 09:40:13.590,4.647,93900
2020-09-25 09:40:13.590,4.647,56200
2020-09-25 09:40:14.660,4.646,3000
2020-09-25 09:40:15.330,4.647,200
2020-09-25 09:40:15.800,4.647,200
2020-09-25 09:40:16.900,4.647,400
2020-09-25 09:40:18.780,4.647,200
2020-09-25 09:40:19.410,4.647,2500
2020-09-25 09:40:19.900,4.647,500
2020-09-25 09:40:19.950,4.647,200
2020-09-25 09:40:20.110,4.647,200
2020-09-25 09:40:20.570,4.647,4000
2020-09-25 09:40:20.600,4.646,400
2020-09-25 09:40:20.840,4.647,400
2020-09-25 09:40:21.460,4.647,1000
2020-09-25 09:40:21.770,4.647,3600
2020-09-25 09:40:22.850,4.647,200
2020-09-25 09:40:23.550,4.647,600
2020-09-25 09:40:25.380,4.647,29600
2020-09-25 09:40:25.380,4.647,70400
2020-09-25 09:40:25.680,4.647,700
2020-09-25 09:40:26.160,4.647,300
2020-09-25 09:40:26.430,4.647,13000
2020-09-25 09:40:26.660,4.646,4000
2020-09-25 09:40:27.900,4.647,900
2020-09-25 09:40:28.790,4.646,5000
2020-09-25 09:40:29.460,4.647,14700
2020-09-25 09:40:29.460,4.647,900
2020-09-25 09:40:29.460,4.647,2000
2020-09-25 09:40:30.190,4.647,300000
2020-09-25 09:40:30.190,4.647,51300
2020-09-25 09:40:30.580,4.647,31700
2020-09-25 09:40:31.170,4.647,99400
2020-09-25 09:40:31.170,4.647,1000
2020-09-25 09:40:31.170,4.647,5000
2020-09-25 09:40:31.170,4.647,300
2020-09-25 09:40:31.750,4.647,100
2020-09-25 09:40:31.860,4.647,100
2020-09-25 09:40:32.020,4.647,104600
2020-09-25 09:40:32.190,4.647,200
2020-09-25 09:40:32.380,4.647,200
2020-09-25 09:40:33.240,4.647,16800
2020-09-25 09:40:33.660,4.647,1700
2020-09-25 09:40:34.170,4.646,11700
2020-09-25 09:40:34.170,4.646,1000
2020-09-25 09:40:34.170,4.646,1000
2020-09-25 09:40:34.170,4.646,40400
2020-09-25 09:40:34.170,4.646,2000
2020-09-25 09:40:34.170,4.646,4300
2020-09-25 09:40:34.170,4.646,1100
2020-09-25 09:40:34.170,4.646,4900
2020-09-25 09:40:34.170,4.646,2200
2020-09-25 09:40:34.170,4.646,200
2020-09-25 09:40:34.170,4.646,1000
2020-09-25 09:40:34.170,4.646,13000
2020-09-25 09:40:34.170,4.646,300
2020-09-25 09:40:34.170,4.646,1000
2020-09-25 09:40:34.420,4.646,1000
2020-09-25 09:40:34.770,4.646,50000
2020-09-25 09:40:34.990,4.646,100
2020-09-25 09:40:36.320,4.646,3000
2020-09-25 09:40:36.350,4.646,500
2020-09-25 09:40:36.570,4.646,4200
2020-09-25 09:40:39.180,4.646,100
2020-09-25 09:40:39.280,4.645,100
2020-09-25 09:40:39.340,4.646,5200
2020-09-25 09:40:39.340,4.646,7700
2020-09-25 09:40:39.340,4.646,100
2020-09-25 09:40:39.990,4.646,8000
2020-09-25 09:40:40.050,4.646,1000
2020-09-25 09:40:41.960,4.645,400
2020-09-25 09:40:41.960,4.645,5400
2020-09-25 09:40:41.960,4.645,1700
2020-09-25 09:40:42.370,4.646,15900
2020-09-25 09:40:42.370,4.647,6000
2020-09-25 09:40:42.370,4.647,50000
2020-09-25 09:40:42.370,4.647,2000
2020-09-25 09:40:42.370,4.647,12200
2020-09-25 09:40:48.410,4.646,100
2020-09-25 09:40:50.780,4.646,100
2020-09-25 09:40:51.130,4.647,2000
2020-09-25 09:40:51.260,4.647,20500
2020-09-25 09:40:51.310,4.647,20500
2020-09-25 09:40:51.310,4.647,20500
2020-09-25 09:40:51.310,4.647,20500
2020-09-25 09:40:51.750,4.646,100
2020-09-25 09:40:51.750,4.646,800
2020-09-25 09:40:52.320,4.647,10000
2020-09-25 09:40:52.320,4.646,10000
2020-09-25 09:40:53.110,4.647,20500
2020-09-25 09:40:53.990,4.646,5600
2020-09-25 09:40:53.990,4.646,500
2020-09-25 09:40:53.990,4.646,3900
2020-09-25 09:40:54.890,4.646,700
2020-09-25 09:40:54.890,4.646,1100
2020-09-25 09:40:54.890,4.646,20000
2020-09-25 09:40:54.890,4.646,1000
2020-09-25 09:40:54.890,4.646,1100
2020-09-25 09:40:54.890,4.646,4000
2020-09-25 09:40:54.890,4.646,6400
2020-09-25 09:40:57.130,4.646,200
2020-09-25 09:40:57.510,4.646,265500
2020-09-25 09:40:58.680,4.647,124100
2020-09-25 09:40:59.350,4.647,900
2020-09-25 09:40:59.740,4.647,200
2020-09-25 09:41:00.050,4.647,10000
2020-09-25 09:41:00.960,4.646,1800
2020-09-25 09:41:02.730,4.647,10000
2020-09-25 09:41:03.100,4.647,2200
2020-09-25 09:41:03.450,4.647,10000
2020-09-25 09:41:03.630,4.647,10000
2020-09-25 09:41:03.690,4.647,5900
2020-09-25 09:41:03.690,4.647,4100
2020-09-25 09:41:04.760,4.647,900
2020-09-25 09:41:04.760,4.647,200
2020-09-25 09:41:05.030,4.647,3600
2020-09-25 09:41:05.030,4.647,1400
2020-09-25 09:41:05.570,4.647,1400
2020-09-25 09:41:06.690,4.646,500
2020-09-25 09:41:07.930,4.647,7200
2020-09-25 09:41:07.930,4.647,10000
2020-09-25 09:41:07.930,4.647,4300
2020-09-25 09:41:08.630,4.647,5700
2020-09-25 09:41:08.650,4.647,4300
2020-09-25 09:41:08.680,4.647,3000
2020-09-25 09:41:08.710,4.647,2700
2020-09-25 09:41:08.740,4.648,2000
2020-09-25 09:41:08.740,4.648,35000
2020-09-25 09:41:08.740,4.648,60000
2020-09-25 09:41:08.740,4.648,53100
2020-09-25 09:41:09.100,4.648,32200
2020-09-25 09:41:10.990,4.647,2000
2020-09-25 09:41:11.310,4.647,1000
2020-09-25 09:41:11.930,4.648,14700
2020-09-25 09:41:11.930,4.648,1000
2020-09-25 09:41:11.930,4.648,500
2020-09-25 09:41:11.930,4.648,300
2020-09-25 09:41:11.930,4.648,12200
2020-09-25 09:41:11.930,4.648,1000
2020-09-25 09:41:11.930,4.648,1000
2020-09-25 09:41:11.930,4.648,7000
2020-09-25 09:41:11.930,4.648,10000
2020-09-25 09:41:11.930,4.648,600
2020-09-25 09:41:11.930,4.648,7000
2020-09-25 09:41:11.930,4.648,100
2020-09-25 09:41:11.930,4.648,4500
2020-09-25 09:41:11.930,4.648,1500
2020-09-25 09:41:11.930,4.648,24700
2020-09-25 09:41:12.660,4.648,35300
2020-09-25 09:41:12.660,4.648,5000
2020-09-25 09:41:12.660,4.648,4900
2020-09-25 09:41:16.150,4.647,1000
2020-09-25 09:41:16.600,4.647,3300
2020-09-25 09:41:16.600,4.647,1500
2020-09-25 09:41:17.970,4.647,2800
2020-09-25 09:41:17.970,4.647,7200
2020-09-25 09:41:19.260,4.648,12800
2020-09-25 09:41:19.730,4.648,1000
2020-09-25 09:41:22.550,4.648,100
2020-09-25 09:41:22.950,4.648,28900
2020-09-25 09:41:23.800,4.647,2800
2020-09-25 09:41:23.800,4.647,10000
2020-09-25 09:41:23.800,4.647,300
2020-09-25 09:41:23.800,4.647,1700
2020-09-25 09:41:23.800,4.647,100
2020-09-25 09:41:23.800,4.647,1000
2020-09-25 09:41:23.800,4.647,1300
2020-09-25 09:41:23.800,4.647,200
2020-09-25 09:41:23.800,4.647,2000
2020-09-25 09:41:23.800,4.647,10000
2020-09-25 09:41:23.800,4.647,40000
2020-09-25 09:41:23.800,4.647,10000
2020-09-25 09:41:23.800,4.647,4400
2020-09-25 09:41:23.800,4.647,200
2020-09-25 09:41:23.800,4.647,2200
2020-09-25 09:41:23.800,4.647,10000
2020-09-25 09:41:23.800,4.646,203800
2020-09-25 09:41:23.960,4.648,2300
2020-09-25 09:41:23.960,4.648,600
2020-09-25 09:41:23.960,4.648,17100
2020-09-25 09:41:24.870,4.648,1500
2020-09-25 09:41:25.310,4.648,10000
2020-09-25 09:41:26.890,4.648,500
2020-09-25 09:41:27.540,4.647,2500
2020-09-25 09:41:27.540,4.647,7500
2020-09-25 09:41:29.520,4.648,11000
2020-09-25 09:41:29.630,4.648,1000
2020-09-25 09:41:31.280,4.647,16400
2020-09-25 09:41:32.720,4.648,18900
2020-09-25 09:41:32.720,4.648,1600
2020-09-25 09:41:32.790,4.648,20500
2020-09-25 09:41:32.790,4.648,20500
2020-09-25 09:41:34.490,4.648,2000
2020-09-25 09:41:35.680,4.648,10000
2020-09-25 09:41:35.710,4.647,10000
2020-09-25 09:41:36.170,4.648,100
2020-09-25 09:41:36.420,4.647,10000
2020-09-25 09:41:36.550,4.648,100
2020-09-25 09:41:36.930,4.648,20500
2020-09-25 09:41:36.930,4.648,14700
2020-09-25 09:41:36.930,4.648,5800
2020-09-25 09:41:36.930,4.648,4200
2020-09-25 09:41:36.930,4.648,5000
2020-09-25 09:41:36.930,4.648,11300
2020-09-25 09:41:37.980,4.648,20500
2020-09-25 09:41:38.060,4.648,500
2020-09-25 09:41:38.060,4.648,20000
2020-09-25 09:41:38.060,4.648,20500
2020-09-25 09:41:38.300,4.647,2800
2020-09-25 09:41:39.410,4.648,100
2020-09-25 09:41:39.640,4.647,5100
2020-09-25 09:41:40.470,4.648,4500
2020-09-25 09:41:41.460,4.648,2000
2020-09-25 09:41:41.930,4.647,100
2020-09-25 09:41:43.140,4.647,13500
2020-09-25 09:41:43.140,4.647,10000
2020-09-25 09:41:43.140,4.647,3200
2020-09-25 09:41:43.140,4.647,3200
2020-09-25 09:41:43.900,4.647,8000
2020-09-25 09:41:43.960,4.647,200000
2020-09-25 09:41:45.260,4.647,2200
2020-09-25 09:41:46.780,4.647,200
2020-09-25 09:41:48.010,4.646,10000
2020-09-25 09:41:51.490,4.647,200
2020-09-25 09:41:52.900,4.646,25000
2020-09-25 09:41:54.130,4.647,300
2020-09-25 09:41:54.300,4.646,7000
2020-09-25 09:41:54.520,4.646,54200
2020-09-25 09:41:54.520,4.646,200
2020-09-25 09:41:54.520,4.646,200
2020-09-25 09:41:54.520,4.646,100
2020-09-25 09:41:54.520,4.646,1000
2020-09-25 09:41:54.520,4.646,100
2020-09-25 09:41:54.520,4.646,1000
2020-09-25 09:41:54.520,4.646,1200
2020-09-25 09:41:54.520,4.646,100
2020-09-25 09:41:54.520,4.646,4000
2020-09-25 09:41:54.520,4.646,200
2020-09-25 09:41:54.520,4.646,10000
2020-09-25 09:41:54.520,4.646,2200
2020-09-25 09:41:54.520,4.646,500
2020-09-25 09:41:54.520,4.646,10000
2020-09-25 09:41:54.520,4.646,300
2020-09-25 09:41:54.520,4.646,10800
2020-09-25 09:41:54.520,4.646,4700
2020-09-25 09:41:54.630,4.646,500
2020-09-25 09:41:56.190,4.646,1000
2020-09-25 09:41:56.320,4.646,700
2020-09-25 09:41:56.660,4.646,400
2020-09-25 09:41:57.910,4.646,10000
2020-09-25 09:41:58.030,4.646,4700
2020-09-25 09:41:58.160,4.646,10000
2020-09-25 09:41:58.700,4.646,200
2020-09-25 09:42:00.530,4.646,500
2020-09-25 09:42:01.050,4.646,2400
2020-09-25 09:42:01.140,4.646,2000
2020-09-25 09:42:01.540,4.646,500
2020-09-25 09:42:03.820,4.645,100
2020-09-25 09:42:03.820,4.645,800
2020-09-25 09:42:03.820,4.645,2000
2020-09-25 09:42:03.820,4.645,900
2020-09-25 09:42:03.820,4.645,400
2020-09-25 09:42:03.820,4.645,300
2020-09-25 09:42:03.820,4.645,9500
2020-09-25 09:42:03.820,4.645,2400
2020-09-25 09:42:03.820,4.645,2000
2020-09-25 09:42:03.820,4.645,3000
2020-09-25 09:42:03.820,4.645,500
2020-09-25 09:42:03.820,4.645,200
2020-09-25 09:42:03.820,4.645,400
2020-09-25 09:42:03.820,4.645,2100
2020-09-25 09:42:03.820,4.645,3000
2020-09-25 09:42:03.820,4.645,100
2020-09-25 09:42:03.820,4.645,2300
2020-09-25 09:42:04.200,4.645,6700
2020-09-25 09:42:04.200,4.645,300
2020-09-25 09:42:04.320,4.645,200
2020-09-25 09:42:05.980,4.645,1300
2020-09-25 09:42:07.190,4.645,100
2020-09-25 09:42:07.220,4.645,1400
2020-09-25 09:42:07.220,4.645,5000
2020-09-25 09:42:07.220,4.645,800
2020-09-25 09:42:07.220,4.645,2800
2020-09-25 09:42:07.560,4.645,4200
2020-09-25 09:42:07.640,4.646,200
2020-09-25 09:42:12.210,4.645,5800
2020-09-25 09:42:12.210,4.645,4200
2020-09-25 09:42:12.510,4.646,200
2020-09-25 09:42:13.700,4.645,5800
2020-09-25 09:42:13.700,4.645,19200
2020-09-25 09:42:17.290,4.646,1000
2020-09-25 09:42:17.970,4.645,10000
2020-09-25 09:42:18.620,4.646,500
2020-09-25 09:42:20.800,4.645,7000
2020-09-25 09:42:22.240,4.646,100
2020-09-25 09:42:22.730,4.645,2000
2020-09-25 09:42:23.010,4.645,9700
2020-09-25 09:42:23.010,4.645,100
2020-09-25 09:42:23.010,4.645,200
2020-09-25 09:42:23.220,4.645,5000
2020-09-25 09:42:24.010,4.645,5000
2020-09-25 09:42:24.010,4.645,1100
2020-09-25 09:42:24.010,4.645,2200
2020-09-25 09:42:24.010,4.645,300
2020-09-25 09:42:24.010,4.645,200
2020-09-25 09:42:24.010,4.645,5000
2020-09-25 09:42:24.010,4.645,100
2020-09-25 09:42:24.010,4.645,100
2020-09-25 09:42:24.010,4.645,200
2020-09-25 09:42:24.010,4.644,500
2020-09-25 09:42:24.010,4.644,10000
2020-09-25 09:42:24.010,4.644,200
2020-09-25 09:42:24.010,4.644,5000
2020-09-25 09:42:24.010,4.644,3500
2020-09-25 09:42:24.010,4.644,500
2020-09-25 09:42:24.010,4.644,10000
2020-09-25 09:42:24.010,4.644,5000
2020-09-25 09:42:24.010,4.644,16400
2020-09-25 09:42:24.010,4.644,10000
2020-09-25 09:42:24.010,4.644,2000
2020-09-25 09:42:29.650,4.644,500
2020-09-25 09:42:30.370,4.643,200
2020-09-25 09:42:30.370,4.643,2000
2020-09-25 09:42:30.370,4.643,2500
2020-09-25 09:42:30.370,4.643,1300
2020-09-25 09:42:32.230,4.643,800
2020-09-25 09:42:32.230,4.643,2400
2020-09-25 09:42:32.230,4.643,2500
2020-09-25 09:42:32.230,4.643,1600
2020-09-25 09:42:32.230,4.643,1000
2020-09-25 09:42:33.000,4.643,9000
2020-09-25 09:42:33.000,4.643,800
2020-09-25 09:42:33.000,4.643,200
2020-09-25 09:42:34.270,4.643,800
2020-09-25 09:42:34.270,4.643,5000
2020-09-25 09:42:34.270,4.643,50000
2020-09-25 09:42:34.270,4.643,11400
2020-09-25 09:42:35.450,4.643,400
2020-09-25 09:42:36.840,4.643,27900
2020-09-25 09:42:37.450,4.644,200
2020-09-25 09:42:37.600,4.644,100
2020-09-25 09:42:37.850,4.644,200
2020-09-25 09:42:38.510,4.644,200
2020-09-25 09:42:39.070,4.644,20500
2020-09-25 09:42:39.100,4.644,5000
2020-09-25 09:42:39.210,4.644,20500
2020-09-25 09:42:39.210,4.644,20500
2020-09-25 09:42:39.390,4.643,1000
2020-09-25 09:42:39.390,4.644,19500
2020-09-25 09:42:40.130,4.644,20500
2020-09-25 09:42:40.510,4.644,50000
2020-09-25 09:42:40.580,4.644,10000
2020-09-25 09:42:40.670,4.644,100
2020-09-25 09:42:40.670,4.644,100
2020-09-25 09:42:41.570,4.643,1500
2020-09-25 09:42:42.580,4.644,200
2020-09-25 09:42:44.080,4.643,5000
2020-09-25 09:42:44.190,4.644,100
2020-09-25 09:42:46.930,4.643,4300
2020-09-25 09:42:47.160,4.643,8000
2020-09-25 09:42:50.440,4.643,300
2020-09-25 09:42:50.980,4.643,1400
2020-09-25 09:42:50.980,4.643,8600
2020-09-25 09:42:51.540,4.644,54500
2020-09-25 09:42:51.540,4.644,500
2020-09-25 09:42:51.810,4.644,2000
2020-09-25 09:42:52.350,4.644,5000
2020-09-25 09:42:54.840,4.644,2000
2020-09-25 09:42:56.490,4.645,5300
2020-09-25 09:42:58.010,4.644,900
2020-09-25 09:42:58.750,4.644,2000
2020-09-25 09:42:59.350,4.644,233100
2020-09-25 09:42:59.350,4.644,100000
2020-09-25 09:42:59.400,4.644,4200
2020-09-25 09:42:59.790,4.644,8600
2020-09-25 09:43:00.850,4.644,10000
2020-09-25 09:43:01.030,4.644,60000
2020-09-25 09:43:01.630,4.644,14600
2020-09-25 09:43:01.630,4.645,4700
2020-09-25 09:43:01.630,4.645,10000
2020-09-25 09:43:01.630,4.645,1000
2020-09-25 09:43:01.630,4.645,10000
2020-09-25 09:43:01.630,4.645,25200
2020-09-25 09:43:04.420,4.645,10000
2020-09-25 09:43:06.010,4.645,5000
2020-09-25 09:43:07.260,4.645,9800
2020-09-25 09:43:07.260,4.645,50000
2020-09-25 09:43:07.260,4.645,50000
2020-09-25 09:43:07.260,4.645,1000
2020-09-25 09:43:07.260,4.645,50000
2020-09-25 09:43:07.260,4.646,139200
2020-09-25 09:43:07.650,4.644,2700
2020-09-25 09:43:11.970,4.645,2500
2020-09-25 09:43:11.970,4.645,1000
2020-09-25 09:43:14.980,4.644,6500
2020-09-25 09:43:15.290,4.644,800
2020-09-25 09:43:15.290,4.644,1800
2020-09-25 09:43:16.080,4.645,100
2020-09-25 09:43:16.300,4.645,24900
2020-09-25 09:43:16.670,4.645,4000
2020-09-25 09:43:17.860,4.646,1000
2020-09-25 09:43:19.890,4.646,20000
2020-09-25 09:43:21.950,4.645,3000
2020-09-25 09:43:23.140,4.645,100
2020-09-25 09:43:23.900,4.646,289600
2020-09-25 09:43:23.900,4.646,2400
2020-09-25 09:43:23.900,4.646,8000
2020-09-25 09:43:25.990,4.645,20600
2020-09-25 09:43:31.620,4.646,300
2020-09-25 09:43:32.770,4.646,91700
2020-09-25 09:43:32.770,4.646,100000
2020-09-25 09:43:32.770,4.646,100000
2020-09-25 09:43:32.770,4.646,1000
2020-09-25 09:43:32.770,4.646,4000
2020-09-25 09:43:32.770,4.646,20000
2020-09-25 09:43:32.770,4.646,200
2020-09-25 09:43:32.770,4.646,10000
2020-09-25 09:43:32.770,4.646,1500
2020-09-25 09:43:32.770,4.646,700
2020-09-25 09:43:32.770,4.646,300
2020-09-25 09:43:32.770,4.646,1000
2020-09-25 09:43:32.770,4.646,1000
2020-09-25 09:43:32.770,4.646,3000
2020-09-25 09:43:32.990,4.646,60000
2020-09-25 09:43:33.270,4.646,20000
2020-09-25 09:43:33.890,4.646,60000
