Datetime,Price,Volume
2020-10-27 09:25:00.520,3.349,300
2020-10-27 09:25:00.520,3.349,1500
2020-10-27 09:25:00.520,3.349,2000
2020-10-27 09:25:00.520,3.349,5700
2020-10-27 09:25:00.520,3.349,2100
2020-10-27 09:25:00.520,3.349,100
2020-10-27 09:25:00.520,3.349,100
2020-10-27 09:25:00.520,3.349,100
2020-10-27 09:25:00.520,3.349,4700
2020-10-27 09:25:00.520,3.349,700
2020-10-27 09:25:00.520,3.349,1800
2020-10-27 09:25:00.520,3.349,8000
2020-10-27 09:25:00.520,3.349,8000
2020-10-27 09:25:00.520,3.349,10700
2020-10-27 09:25:00.520,3.349,7200
2020-10-27 09:25:00.520,3.349,1900
2020-10-27 09:25:00.520,3.349,200
2020-10-27 09:25:00.520,3.349,1100
2020-10-27 09:25:00.520,3.349,6000
2020-10-27 09:25:00.520,3.349,700
2020-10-27 09:25:00.520,3.349,8000
2020-10-27 09:25:00.520,3.349,100
2020-10-27 09:25:00.520,3.349,2800
2020-10-27 09:25:00.520,3.349,3300
2020-10-27 09:25:00.520,3.349,1700
2020-10-27 09:25:00.520,3.349,6300
2020-10-27 09:25:00.520,3.349,20000
2020-10-27 09:25:00.520,3.349,8000
2020-10-27 09:25:00.520,3.349,13100
2020-10-27 09:25:00.520,3.349,3600
2020-10-27 09:25:00.520,3.349,16000
2020-10-27 09:25:00.520,3.349,22000
2020-10-27 09:25:00.520,3.349,6300
2020-10-27 09:25:00.520,3.349,100
2020-10-27 09:25:00.520,3.349,3400
2020-10-27 09:25:00.520,3.349,100
2020-10-27 09:25:00.520,3.349,300
2020-10-27 09:25:00.520,3.349,1500
2020-10-27 09:25:00.520,3.349,100
2020-10-27 09:25:00.520,3.349,1000
2020-10-27 09:25:00.520,3.349,500
2020-10-27 09:25:00.520,3.349,700
2020-10-27 09:25:00.520,3.349,300
2020-10-27 09:25:00.520,3.349,3000
2020-10-27 09:25:00.520,3.349,2600
2020-10-27 09:25:00.520,3.349,1000
2020-10-27 09:25:00.520,3.349,2000
2020-10-27 09:25:00.520,3.349,1000
2020-10-27 09:25:00.520,3.349,1000
2020-10-27 09:25:00.520,3.349,1800
2020-10-27 09:25:00.520,3.349,100
2020-10-27 09:25:00.520,3.349,80500
2020-10-27 09:25:00.520,3.349,19500
2020-10-27 09:25:00.520,3.349,10200
2020-10-27 09:25:00.520,3.349,9800
2020-10-27 09:25:00.520,3.349,100
2020-10-27 09:25:00.520,3.349,2000
2020-10-27 09:25:00.520,3.349,20000
2020-10-27 09:25:00.520,3.349,500
2020-10-27 09:25:00.520,3.349,100
2020-10-27 09:25:00.520,3.349,600
2020-10-27 09:25:00.520,3.349,2400
2020-10-27 09:25:00.520,3.349,600
2020-10-27 09:25:00.520,3.349,17000
2020-10-27 09:25:00.520,3.349,9000
2020-10-27 09:25:00.520,3.349,3800
2020-10-27 09:25:00.520,3.349,100
2020-10-27 09:25:00.520,3.349,5000
2020-10-27 09:25:00.520,3.349,400
2020-10-27 09:25:00.520,3.349,5000
2020-10-27 09:25:00.520,3.349,2900
2020-10-27 09:25:00.520,3.349,10000
2020-10-27 09:25:00.520,3.349,5000
2020-10-27 09:25:00.520,3.349,300
2020-10-27 09:25:00.520,3.349,200
2020-10-27 09:25:00.520,3.349,1600
2020-10-27 09:25:00.520,3.349,400
2020-10-27 09:25:00.520,3.349,100
2020-10-27 09:25:00.520,3.349,600
2020-10-27 09:25:00.520,3.349,200
2020-10-27 09:25:00.520,3.349,200
2020-10-27 09:25:00.520,3.349,2900
2020-10-27 09:25:00.520,3.349,300
2020-10-27 09:25:00.520,3.349,59900
2020-10-27 09:25:00.520,3.349,3000
2020-10-27 09:25:00.520,3.349,1500
2020-10-27 09:25:00.520,3.349,100
2020-10-27 09:25:00.520,3.349,1000
2020-10-27 09:25:00.520,3.349,3000
2020-10-27 09:25:00.520,3.349,90000
2020-10-27 09:25:00.520,3.349,200
2020-10-27 09:25:00.520,3.349,500
2020-10-27 09:25:00.520,3.349,100
2020-10-27 09:25:00.520,3.349,200
2020-10-27 09:25:00.520,3.349,100
2020-10-27 09:25:00.520,3.349,500
2020-10-27 09:25:00.520,3.349,1500
2020-10-27 09:25:00.520,3.349,100
2020-10-27 09:25:00.520,3.349,5000
2020-10-27 09:25:00.520,3.349,500
2020-10-27 09:25:00.520,3.349,2100
2020-10-27 09:25:00.520,3.349,500
2020-10-27 09:25:00.520,3.349,1000
2020-10-27 09:25:00.520,3.349,100
2020-10-27 09:25:00.520,3.349,50000
2020-10-27 09:25:00.520,3.349,10000
2020-10-27 09:25:00.520,3.349,200
2020-10-27 09:25:00.520,3.349,100
2020-10-27 09:25:00.520,3.349,500
2020-10-27 09:25:00.520,3.349,5000
2020-10-27 09:25:00.520,3.349,5000
2020-10-27 09:25:00.520,3.349,5000
2020-10-27 09:25:00.520,3.349,5500
2020-10-27 09:25:00.520,3.349,100
2020-10-27 09:25:00.520,3.349,100
2020-10-27 09:25:00.520,3.349,300
2020-10-27 09:25:00.520,3.349,8300
2020-10-27 09:25:00.520,3.349,20000
2020-10-27 09:25:00.520,3.349,7000
2020-10-27 09:25:00.520,3.349,5000
2020-10-27 09:25:00.520,3.349,113300
2020-10-27 09:25:00.520,3.349,100000
2020-10-27 09:25:00.520,3.349,20000
2020-10-27 09:25:00.520,3.349,188200
2020-10-27 09:25:00.520,3.349,193100
2020-10-27 09:25:00.520,3.349,90800
2020-10-27 09:25:00.520,3.349,90000
2020-10-27 09:25:00.520,3.349,49700
2020-10-27 09:25:00.520,3.349,23800
2020-10-27 09:25:00.520,3.349,10000
2020-10-27 09:25:00.520,3.349,4400
2020-10-27 09:25:00.520,3.349,65100
2020-10-27 09:25:00.520,3.349,1600
2020-10-27 09:25:00.520,3.349,3000
2020-10-27 09:25:00.520,3.349,392100
2020-10-27 09:25:00.520,3.349,461800
2020-10-27 09:25:00.520,3.349,1000
2020-10-27 09:25:00.520,3.349,13000
2020-10-27 09:25:00.520,3.349,200
2020-10-27 09:25:00.520,3.349,100
2020-10-27 09:25:00.520,3.349,600
2020-10-27 09:25:00.520,3.349,300
2020-10-27 09:25:00.520,3.349,700
2020-10-27 09:25:00.520,3.349,10000
2020-10-27 09:25:00.520,3.349,300
2020-10-27 09:25:00.520,3.349,100
2020-10-27 09:25:00.520,3.349,100
2020-10-27 09:25:00.520,3.349,2000
2020-10-27 09:25:00.520,3.349,5000
2020-10-27 09:25:00.520,3.349,1000
2020-10-27 09:25:00.520,3.349,1000
2020-10-27 09:25:00.520,3.349,10700
2020-10-27 09:25:00.520,3.349,300
2020-10-27 09:25:00.520,3.349,3000
2020-10-27 09:25:00.520,3.349,200
2020-10-27 09:25:00.520,3.349,100
2020-10-27 09:25:00.520,3.349,500
2020-10-27 09:25:00.520,3.349,100
2020-10-27 09:25:00.520,3.349,10000
2020-10-27 09:25:00.520,3.349,1000
2020-10-27 09:25:00.520,3.349,10000
2020-10-27 09:25:00.520,3.349,100
2020-10-27 09:25:00.520,3.349,10000
2020-10-27 09:25:00.520,3.349,1000
2020-10-27 09:25:00.520,3.349,200
2020-10-27 09:25:00.520,3.349,300
2020-10-27 09:25:00.520,3.349,11000
2020-10-27 09:30:00.220,3.349,300
2020-10-27 09:30:00.220,3.348,200
2020-10-27 09:30:00.220,3.348,200
2020-10-27 09:30:00.220,3.348,200
2020-10-27 09:30:00.220,3.348,100
2020-10-27 09:30:00.220,3.348,5000
2020-10-27 09:30:00.320,3.349,26500
2020-10-27 09:30:00.320,3.349,42500
2020-10-27 09:30:00.380,3.348,6000
2020-10-27 09:30:00.380,3.348,5900
2020-10-27 09:30:00.380,3.35,7000
2020-10-27 09:30:00.380,3.35,7000
2020-10-27 09:30:00.380,3.35,3500
2020-10-27 09:30:00.380,3.35,4600
2020-10-27 09:30:00.380,3.348,9000
2020-10-27 09:30:00.380,3.35,4400
2020-10-27 09:30:00.380,3.35,1600
2020-10-27 09:30:00.380,3.348,5000
2020-10-27 09:30:00.380,3.348,2000
2020-10-27 09:30:00.460,3.348,5000
2020-10-27 09:30:00.460,3.348,10000
2020-10-27 09:30:00.580,3.348,10000
2020-10-27 09:30:00.580,3.348,2000
2020-10-27 09:30:00.700,3.348,500
2020-10-27 09:30:00.700,3.348,17600
2020-10-27 09:30:00.810,3.347,200
2020-10-27 09:30:00.810,3.347,1500
2020-10-27 09:30:00.810,3.347,4500
2020-10-27 09:30:00.810,3.348,17200
2020-10-27 09:30:00.920,3.348,3500
2020-10-27 09:30:00.920,3.347,5000
2020-10-27 09:30:00.920,3.347,200
2020-10-27 09:30:00.920,3.347,600
2020-10-27 09:30:01.060,3.347,2000
2020-10-27 09:30:01.060,3.348,27200
2020-10-27 09:30:01.060,3.348,2800
2020-10-27 09:30:01.060,3.348,100
2020-10-27 09:30:01.060,3.348,1000
2020-10-27 09:30:01.170,3.348,800
2020-10-27 09:30:01.170,3.348,100
2020-10-27 09:30:01.170,3.348,100
2020-10-27 09:30:01.170,3.348,300
2020-10-27 09:30:01.170,3.348,2000
2020-10-27 09:30:01.170,3.347,400
2020-10-27 09:30:01.170,3.347,5000
2020-10-27 09:30:01.170,3.347,100
2020-10-27 09:30:01.170,3.346,100
2020-10-27 09:30:01.170,3.346,10000
2020-10-27 09:30:01.170,3.346,200
2020-10-27 09:30:01.170,3.346,1400
2020-10-27 09:30:01.300,3.348,200
2020-10-27 09:30:01.300,3.348,100
2020-10-27 09:30:01.420,3.347,4000
2020-10-27 09:30:01.420,3.347,7000
2020-10-27 09:30:01.420,3.348,600
2020-10-27 09:30:01.420,3.348,10000
2020-10-27 09:30:01.540,3.348,100
2020-10-27 09:30:01.540,3.348,500
2020-10-27 09:30:01.540,3.348,1000
2020-10-27 09:30:01.540,3.348,29900
2020-10-27 09:30:01.540,3.348,200
2020-10-27 09:30:01.540,3.348,14900
2020-10-27 09:30:01.660,3.347,300
2020-10-27 09:30:01.770,3.347,2700
2020-10-27 09:30:01.770,3.347,7300
2020-10-27 09:30:01.770,3.348,2000
2020-10-27 09:30:01.770,3.348,3000
2020-10-27 09:30:01.770,3.348,5000
2020-10-27 09:30:01.900,3.348,191900
2020-10-27 09:30:01.900,3.348,4000
2020-10-27 09:30:01.900,3.348,700
2020-10-27 09:30:01.900,3.348,5000
2020-10-27 09:30:01.900,3.348,10000
2020-10-27 09:30:01.900,3.348,6000
2020-10-27 09:30:01.900,3.348,300
2020-10-27 09:30:01.900,3.348,8000
2020-10-27 09:30:01.900,3.348,1000
2020-10-27 09:30:01.900,3.348,5000
2020-10-27 09:30:01.900,3.348,5200
2020-10-27 09:30:01.900,3.348,300
2020-10-27 09:30:01.900,3.348,10000
2020-10-27 09:30:01.900,3.348,4900
2020-10-27 09:30:01.900,3.348,6300
2020-10-27 09:30:01.900,3.348,5000
2020-10-27 09:30:01.900,3.348,20000
2020-10-27 09:30:01.900,3.348,14400
2020-10-27 09:30:01.900,3.349,4700
2020-10-27 09:30:01.900,3.349,6000
2020-10-27 09:30:01.900,3.349,500
2020-10-27 09:30:01.900,3.349,54500
2020-10-27 09:30:01.900,3.349,4000
2020-10-27 09:30:01.900,3.349,1200
2020-10-27 09:30:01.900,3.349,100
2020-10-27 09:30:01.900,3.349,2100
2020-10-27 09:30:01.900,3.35,38400
2020-10-27 09:30:01.900,3.35,2500
2020-10-27 09:30:01.900,3.35,3000
2020-10-27 09:30:01.900,3.35,30000
2020-10-27 09:30:01.900,3.35,33500
2020-10-27 09:30:01.900,3.35,64000
2020-10-27 09:30:01.900,3.35,3000
2020-10-27 09:30:01.900,3.35,2000
2020-10-27 09:30:01.900,3.35,4000
2020-10-27 09:30:01.900,3.35,200
2020-10-27 09:30:01.900,3.35,145100
2020-10-27 09:30:01.900,3.35,170500
2020-10-27 09:30:01.900,3.35,20000
2020-10-27 09:30:01.900,3.35,300
2020-10-27 09:30:01.900,3.35,300
2020-10-27 09:30:01.900,3.35,10000
2020-10-27 09:30:01.900,3.351,300
2020-10-27 09:30:01.900,3.351,700
2020-10-27 09:30:01.900,3.35,500
2020-10-27 09:30:02.020,3.351,6200
2020-10-27 09:30:02.020,3.351,100000
2020-10-27 09:30:02.020,3.351,5000
2020-10-27 09:30:02.020,3.351,40000
2020-10-27 09:30:02.230,3.351,15000
2020-10-27 09:30:02.230,3.351,100000
2020-10-27 09:30:02.350,3.351,4000
2020-10-27 09:30:02.350,3.351,10000
2020-10-27 09:30:02.480,3.351,100
2020-10-27 09:30:02.480,3.351,101800
2020-10-27 09:30:02.480,3.351,50000
2020-10-27 09:30:02.480,3.351,6000
2020-10-27 09:30:02.650,3.35,100
2020-10-27 09:30:02.650,3.35,1500
2020-10-27 09:30:02.650,3.35,30000
2020-10-27 09:30:02.650,3.349,400
2020-10-27 09:30:02.650,3.349,10000
2020-10-27 09:30:02.650,3.349,3000
2020-10-27 09:30:02.650,3.349,5000
2020-10-27 09:30:02.650,3.349,1000
2020-10-27 09:30:02.650,3.349,6000
2020-10-27 09:30:02.650,3.349,5000
2020-10-27 09:30:02.650,3.349,200
2020-10-27 09:30:02.650,3.349,1000
2020-10-27 09:30:02.650,3.349,1200
2020-10-27 09:30:02.650,3.349,10000
2020-10-27 09:30:02.650,3.349,10000
2020-10-27 09:30:02.650,3.348,49900
2020-10-27 09:30:02.770,3.349,10000
2020-10-27 09:30:02.770,3.349,100
2020-10-27 09:30:02.770,3.348,100
2020-10-27 09:30:02.770,3.348,6000
2020-10-27 09:30:02.770,3.348,59000
2020-10-27 09:30:02.770,3.348,1600
2020-10-27 09:30:02.770,3.348,600
2020-10-27 09:30:02.770,3.347,15500
2020-10-27 09:30:02.770,3.347,100
2020-10-27 09:30:02.770,3.347,100
2020-10-27 09:30:02.770,3.347,7000
2020-10-27 09:30:02.770,3.347,20000
2020-10-27 09:30:02.770,3.347,2000
2020-10-27 09:30:02.900,3.346,8600
2020-10-27 09:30:02.900,3.346,1000
2020-10-27 09:30:02.900,3.346,300
2020-10-27 09:30:02.900,3.346,2200
2020-10-27 09:30:03.060,3.347,165400
2020-10-27 09:30:03.060,3.348,10000
2020-10-27 09:30:03.060,3.348,2000
2020-10-27 09:30:03.060,3.349,2000
2020-10-27 09:30:03.060,3.349,2000
2020-10-27 09:30:03.060,3.349,9100
2020-10-27 09:30:03.170,3.35,3100
2020-10-27 09:30:03.170,3.35,1900
2020-10-27 09:30:03.170,3.35,2000
2020-10-27 09:30:03.170,3.349,18900
2020-10-27 09:30:03.170,3.349,90600
2020-10-27 09:30:03.170,3.349,200
2020-10-27 09:30:03.170,3.349,500
2020-10-27 09:30:03.390,3.348,5000
2020-10-27 09:30:03.390,3.347,30000
2020-10-27 09:30:03.390,3.347,40000
2020-10-27 09:30:03.390,3.347,5800
2020-10-27 09:30:03.430,3.349,5000
2020-10-27 09:30:03.430,3.347,30800
2020-10-27 09:30:03.470,3.349,30000
2020-10-27 09:30:03.470,3.348,20000
2020-10-27 09:30:03.470,3.349,5000
2020-10-27 09:30:03.520,3.349,300
2020-10-27 09:30:03.560,3.349,800
2020-10-27 09:30:03.560,3.349,1000
2020-10-27 09:30:03.690,3.348,10000
2020-10-27 09:30:03.690,3.348,10000
2020-10-27 09:30:03.690,3.349,5000
2020-10-27 09:30:03.810,3.349,900
2020-10-27 09:30:03.810,3.349,600
2020-10-27 09:30:03.810,3.348,15000
2020-10-27 09:30:03.910,3.348,400
2020-10-27 09:30:03.950,3.349,3700
2020-10-27 09:30:03.950,3.349,30000
2020-10-27 09:30:03.950,3.349,9000
2020-10-27 09:30:03.950,3.349,10500
2020-10-27 09:30:03.950,3.35,1000
2020-10-27 09:30:03.950,3.35,100
2020-10-27 09:30:03.950,3.351,26300
2020-10-27 09:30:04.190,3.35,1100
2020-10-27 09:30:04.260,3.35,500
2020-10-27 09:30:04.330,3.351,100
2020-10-27 09:30:04.330,3.351,1000
2020-10-27 09:30:04.440,3.35,60000
2020-10-27 09:30:04.440,3.35,5000
2020-10-27 09:30:04.650,3.35,10000
2020-10-27 09:30:04.750,3.351,500
2020-10-27 09:30:04.750,3.35,3600
2020-10-27 09:30:04.990,3.351,72100
2020-10-27 09:30:05.370,3.351,2200
2020-10-27 09:30:06.540,3.35,200
2020-10-27 09:30:06.540,3.349,200
2020-10-27 09:30:06.540,3.349,1700
2020-10-27 09:30:06.540,3.349,100
2020-10-27 09:30:06.540,3.348,30000
2020-10-27 09:30:06.670,3.348,59800
2020-10-27 09:30:06.670,3.348,17900
2020-10-27 09:30:09.960,3.348,300000
2020-10-27 09:30:10.320,3.348,19000
2020-10-27 09:30:10.930,3.35,29100
2020-10-27 09:30:11.280,3.348,500
2020-10-27 09:30:12.550,3.349,5100
2020-10-27 09:30:12.880,3.349,500
2020-10-27 09:30:14.450,3.348,400
2020-10-27 09:30:14.720,3.348,5600
2020-10-27 09:30:14.720,3.348,8600
2020-10-27 09:30:15.320,3.35,900
2020-10-27 09:30:15.320,3.35,95900
2020-10-27 09:30:16.590,3.347,5000
2020-10-27 09:30:16.590,3.347,3000
2020-10-27 09:30:16.590,3.347,30000
2020-10-27 09:30:16.590,3.347,40000
2020-10-27 09:30:16.590,3.347,20000
2020-10-27 09:30:16.590,3.347,30000
2020-10-27 09:30:16.590,3.346,2800
2020-10-27 09:30:16.590,3.346,5000
2020-10-27 09:30:16.590,3.346,200
2020-10-27 09:30:16.590,3.346,100
2020-10-27 09:30:16.590,3.346,19000
2020-10-27 09:30:16.590,3.346,1000
2020-10-27 09:30:16.590,3.346,2000
2020-10-27 09:30:16.590,3.345,100
2020-10-27 09:30:16.590,3.345,200
2020-10-27 09:30:16.590,3.345,10000
2020-10-27 09:30:16.590,3.345,10000
2020-10-27 09:30:16.590,3.345,11000
2020-10-27 09:30:16.590,3.345,100
2020-10-27 09:30:16.590,3.345,52100
2020-10-27 09:30:16.590,3.345,100
2020-10-27 09:30:16.590,3.345,20000
2020-10-27 09:30:16.590,3.345,5000
2020-10-27 09:30:16.590,3.345,2500
2020-10-27 09:30:16.590,3.345,6800
2020-10-27 09:30:16.590,3.345,100
2020-10-27 09:30:16.590,3.345,1000
2020-10-27 09:30:16.590,3.345,500
2020-10-27 09:30:16.590,3.345,22400
2020-10-27 09:30:17.700,3.348,400
2020-10-27 09:30:17.970,3.349,4000
2020-10-27 09:30:18.290,3.349,1900
2020-10-27 09:30:18.510,3.348,300
2020-10-27 09:30:19.130,3.349,20000
2020-10-27 09:30:19.180,3.349,29800
2020-10-27 09:30:19.630,3.348,21700
2020-10-27 09:30:20.020,3.348,300
2020-10-27 09:30:20.160,3.348,12300
2020-10-27 09:30:20.160,3.348,14200
2020-10-27 09:30:21.140,3.348,5800
2020-10-27 09:30:21.140,3.347,4200
2020-10-27 09:30:21.620,3.347,300
2020-10-27 09:30:26.510,3.349,100
2020-10-27 09:30:26.510,3.349,5000
2020-10-27 09:30:26.510,3.349,90700
2020-10-27 09:30:28.280,3.349,300
2020-10-27 09:30:28.660,3.35,10000
2020-10-27 09:30:28.660,3.35,100
2020-10-27 09:30:28.660,3.35,9700
2020-10-27 09:30:28.660,3.35,200
2020-10-27 09:30:29.780,3.349,19700
2020-10-27 09:30:29.780,3.349,65500
2020-10-27 09:30:33.610,3.349,1000
2020-10-27 09:30:33.610,3.349,1200
2020-10-27 09:30:33.610,3.349,100
2020-10-27 09:30:33.610,3.349,3300
2020-10-27 09:30:33.800,3.349,1900
2020-10-27 09:30:36.970,3.35,800
2020-10-27 09:30:36.970,3.35,20000
2020-10-27 09:30:36.970,3.35,1000
2020-10-27 09:30:37.610,3.35,8200
2020-10-27 09:30:37.610,3.348,57700
2020-10-27 09:30:40.140,3.349,20000
2020-10-27 09:30:43.120,3.349,10000
2020-10-27 09:30:43.120,3.349,2500
2020-10-27 09:30:43.120,3.349,3600
2020-10-27 09:30:43.120,3.349,1000
2020-10-27 09:30:43.120,3.349,1200
2020-10-27 09:30:43.120,3.349,100
2020-10-27 09:30:43.120,3.35,900
2020-10-27 09:30:43.860,3.35,1000
2020-10-27 09:30:45.350,3.35,500
2020-10-27 09:30:46.300,3.351,400
2020-10-27 09:30:47.730,3.35,30000
2020-10-27 09:30:48.060,3.35,9200
2020-10-27 09:30:48.060,3.35,300
2020-10-27 09:30:48.630,3.35,1000
2020-10-27 09:30:48.670,3.35,5000
2020-10-27 09:30:49.430,3.349,2500
2020-10-27 09:30:49.430,3.349,200
2020-10-27 09:30:49.430,3.349,100
2020-10-27 09:30:49.980,3.349,20000
2020-10-27 09:30:52.100,3.349,40000
2020-10-27 09:30:52.770,3.348,80300
2020-10-27 09:30:52.770,3.348,10000
2020-10-27 09:30:52.770,3.348,2000
2020-10-27 09:30:52.770,3.348,200
2020-10-27 09:30:52.770,3.348,207500
2020-10-27 09:30:53.280,3.349,100
2020-10-27 09:30:53.850,3.348,92500
2020-10-27 09:30:53.850,3.348,40000
2020-10-27 09:30:53.850,3.348,1000
2020-10-27 09:30:53.850,3.348,10000
2020-10-27 09:30:53.850,3.348,100
2020-10-27 09:30:53.850,3.348,5900
2020-10-27 09:30:53.850,3.348,500
2020-10-27 09:30:53.850,3.348,100
2020-10-27 09:30:53.850,3.348,1500
2020-10-27 09:30:53.850,3.348,5000
2020-10-27 09:30:53.850,3.348,40000
2020-10-27 09:30:53.850,3.348,40000
2020-10-27 09:30:53.850,3.348,30000
2020-10-27 09:30:53.850,3.348,17900
2020-10-27 09:30:54.080,3.349,30000
2020-10-27 09:30:54.530,3.349,3000
2020-10-27 09:30:54.780,3.349,2500
2020-10-27 09:30:55.880,3.349,100
2020-10-27 09:30:56.620,3.349,30000
2020-10-27 09:30:56.620,3.349,30000
2020-10-27 09:30:56.690,3.349,40000
2020-10-27 09:30:56.690,3.349,5000
2020-10-27 09:30:56.780,3.349,500
2020-10-27 09:30:58.010,3.349,3200
2020-10-27 09:30:59.680,3.349,26000
2020-10-27 09:31:01.150,3.349,400
2020-10-27 09:31:01.380,3.349,100
2020-10-27 09:31:04.000,3.349,20000
2020-10-27 09:31:04.250,3.348,100
2020-10-27 09:31:04.430,3.348,400
2020-10-27 09:31:05.810,3.349,3000
2020-10-27 09:31:06.090,3.349,30000
2020-10-27 09:31:06.170,3.349,40000
2020-10-27 09:31:06.350,3.349,2900
2020-10-27 09:31:06.570,3.349,30000
2020-10-27 09:31:06.570,3.349,20000
2020-10-27 09:31:09.050,3.349,15000
2020-10-27 09:31:09.370,3.349,2000
2020-10-27 09:31:09.600,3.349,1900
2020-10-27 09:31:09.600,3.349,10200
2020-10-27 09:31:09.600,3.349,4000
2020-10-27 09:31:09.600,3.349,3900
2020-10-27 09:31:09.630,3.348,19500
2020-10-27 09:31:09.630,3.348,30000
2020-10-27 09:31:09.630,3.348,40000
2020-10-27 09:31:09.630,3.348,5000
2020-10-27 09:31:09.630,3.348,5000
2020-10-27 09:31:09.630,3.348,1500
2020-10-27 09:31:09.630,3.348,44700
2020-10-27 09:31:10.500,3.349,30000
2020-10-27 09:31:10.600,3.349,52500
2020-10-27 09:31:10.600,3.349,3000
2020-10-27 09:31:10.600,3.349,30000
2020-10-27 09:31:10.840,3.349,5000
2020-10-27 09:31:11.030,3.349,5000
2020-10-27 09:31:11.060,3.349,20000
2020-10-27 09:31:11.690,3.349,12100
2020-10-27 09:31:11.940,3.348,5300
2020-10-27 09:31:11.940,3.348,30000
2020-10-27 09:31:11.940,3.348,1000
2020-10-27 09:31:11.940,3.348,1000
2020-10-27 09:31:11.940,3.348,40000
2020-10-27 09:31:11.940,3.348,5000
2020-10-27 09:31:11.940,3.348,30000
2020-10-27 09:31:11.940,3.348,68000
2020-10-27 09:31:12.040,3.348,3500
2020-10-27 09:31:12.590,3.348,16200
2020-10-27 09:31:12.590,3.349,15500
2020-10-27 09:31:13.650,3.349,300
2020-10-27 09:31:16.650,3.349,400
2020-10-27 09:31:16.650,3.349,300
2020-10-27 09:31:16.650,3.349,100
2020-10-27 09:31:16.650,3.349,300
2020-10-27 09:31:16.650,3.349,8900
2020-10-27 09:31:18.010,3.349,1100
2020-10-27 09:31:18.010,3.349,18900
2020-10-27 09:31:19.920,3.349,200
2020-10-27 09:31:21.130,3.349,600
2020-10-27 09:31:21.640,3.349,400
2020-10-27 09:31:23.320,3.349,10000
2020-10-27 09:31:23.410,3.349,5000
2020-10-27 09:31:23.680,3.349,3000
2020-10-27 09:31:24.520,3.349,1600
2020-10-27 09:31:24.520,3.349,10000
2020-10-27 09:31:24.520,3.349,35900
2020-10-27 09:31:24.520,3.349,5000
2020-10-27 09:31:24.520,3.349,5000
2020-10-27 09:31:26.460,3.349,5000
2020-10-27 09:31:26.870,3.349,5000
2020-10-27 09:31:27.970,3.349,3000
2020-10-27 09:31:28.410,3.349,1200
2020-10-27 09:31:29.080,3.348,500
2020-10-27 09:31:29.700,3.349,300000
2020-10-27 09:31:30.750,3.349,50000
2020-10-27 09:31:32.980,3.348,10000
2020-10-27 09:31:34.030,3.348,7500
2020-10-27 09:31:34.480,3.349,1000
2020-10-27 09:31:34.770,3.348,2000
2020-10-27 09:31:34.770,3.348,104500
2020-10-27 09:31:34.770,3.348,5000
2020-10-27 09:31:34.770,3.348,2000
2020-10-27 09:31:34.770,3.348,1000
2020-10-27 09:31:34.770,3.348,3000
2020-10-27 09:31:34.770,3.348,200
2020-10-27 09:31:34.770,3.348,2000
2020-10-27 09:31:34.770,3.348,30000
2020-10-27 09:31:34.770,3.348,40000
2020-10-27 09:31:34.770,3.348,5000
2020-10-27 09:31:34.770,3.348,5000
2020-10-27 09:31:34.770,3.348,3000
2020-10-27 09:31:34.770,3.348,900
2020-10-27 09:31:34.770,3.348,6900
2020-10-27 09:31:34.770,3.348,80000
2020-10-27 09:31:34.770,3.348,300
2020-10-27 09:31:34.770,3.348,9200
2020-10-27 09:31:36.040,3.349,20000
2020-10-27 09:31:36.690,3.348,200
2020-10-27 09:31:37.680,3.348,600
2020-10-27 09:31:37.680,3.348,30000
2020-10-27 09:31:37.680,3.348,6800
2020-10-27 09:31:38.940,3.348,1200
2020-10-27 09:31:40.250,3.349,29900
2020-10-27 09:31:41.560,3.349,3600
2020-10-27 09:31:43.520,3.349,500
2020-10-27 09:31:43.760,3.349,5000
2020-10-27 09:31:44.170,3.349,800
2020-10-27 09:31:45.300,3.348,30000
2020-10-27 09:31:46.200,3.349,1000
2020-10-27 09:31:46.340,3.349,2000
2020-10-27 09:31:48.020,3.348,44100
2020-10-27 09:31:48.020,3.348,30000
2020-10-27 09:31:48.020,3.348,1000
2020-10-27 09:31:48.020,3.348,13000
2020-10-27 09:31:48.020,3.348,5000
2020-10-27 09:31:48.020,3.348,5700
2020-10-27 09:31:48.300,3.348,1000
2020-10-27 09:31:49.750,3.348,20000
2020-10-27 09:31:49.970,3.347,10000
2020-10-27 09:31:49.970,3.347,5700
2020-10-27 09:31:49.970,3.347,30000
2020-10-27 09:31:49.970,3.347,40000
2020-10-27 09:31:49.970,3.347,40000
2020-10-27 09:31:49.970,3.347,700
2020-10-27 09:31:49.970,3.347,700
2020-10-27 09:31:49.970,3.347,100
2020-10-27 09:31:49.970,3.347,3000
2020-10-27 09:31:49.970,3.347,5000
2020-10-27 09:31:49.970,3.347,5300
2020-10-27 09:31:50.000,3.347,30000
2020-10-27 09:31:51.080,3.347,30000
2020-10-27 09:31:51.110,3.347,30000
2020-10-27 09:31:51.640,3.347,30000
2020-10-27 09:31:52.010,3.347,30000
2020-10-27 09:31:52.160,3.347,800
2020-10-27 09:31:52.750,3.347,30000
2020-10-27 09:31:53.040,3.347,30000
2020-10-27 09:31:53.190,3.346,1700
2020-10-27 09:31:53.190,3.346,10000
2020-10-27 09:31:53.190,3.346,10000
2020-10-27 09:31:53.190,3.346,2000
2020-10-27 09:31:53.190,3.346,5000
2020-10-27 09:31:53.190,3.346,600
2020-10-27 09:31:53.190,3.346,1000
2020-10-27 09:31:53.190,3.346,30000
2020-10-27 09:31:53.190,3.346,40000
2020-10-27 09:31:53.190,3.346,40000
2020-10-27 09:31:53.190,3.346,30000
2020-10-27 09:31:53.190,3.346,9900
2020-10-27 09:31:53.350,3.347,3000
2020-10-27 09:31:53.600,3.347,40000
2020-10-27 09:31:53.700,3.347,200
2020-10-27 09:31:54.150,3.347,10000
2020-10-27 09:31:54.270,3.348,4500
2020-10-27 09:31:54.270,3.348,10500
2020-10-27 09:31:55.780,3.348,15300
2020-10-27 09:31:56.430,3.347,100
2020-10-27 09:31:56.430,3.347,19900
2020-10-27 09:31:56.490,3.347,10100
2020-10-27 09:31:56.670,3.347,5300
2020-10-27 09:31:57.510,3.346,3200
2020-10-27 09:31:57.610,3.347,14600
2020-10-27 09:31:57.610,3.347,15400
2020-10-27 09:31:59.000,3.347,30000
2020-10-27 09:31:59.040,3.347,30000
2020-10-27 09:32:00.190,3.347,14800
2020-10-27 09:32:04.090,3.347,15200
2020-10-27 09:32:04.090,3.347,15300
2020-10-27 09:32:04.300,3.347,14700
2020-10-27 09:32:04.300,3.347,70300
2020-10-27 09:32:04.400,3.348,100
2020-10-27 09:32:04.610,3.348,10500
2020-10-27 09:32:05.480,3.347,29700
2020-10-27 09:32:05.480,3.347,30000
2020-10-27 09:32:06.840,3.346,26800
2020-10-27 09:32:06.840,3.346,50000
2020-10-27 09:32:06.840,3.346,100000
2020-10-27 09:32:06.840,3.346,100
2020-10-27 09:32:06.840,3.346,40000
2020-10-27 09:32:06.840,3.346,34600
2020-10-27 09:32:06.840,3.346,300
2020-10-27 09:32:06.840,3.346,30000
2020-10-27 09:32:06.840,3.346,18200
2020-10-27 09:32:07.270,3.346,1100
2020-10-27 09:32:07.460,3.346,10700
2020-10-27 09:32:07.460,3.346,30000
2020-10-27 09:32:07.790,3.346,200
2020-10-27 09:32:08.070,3.345,7600
2020-10-27 09:32:08.070,3.345,2000
2020-10-27 09:32:08.070,3.345,100
2020-10-27 09:32:08.070,3.345,40000
2020-10-27 09:32:08.070,3.345,1800
2020-10-27 09:32:08.070,3.345,2000
2020-10-27 09:32:08.070,3.345,5000
2020-10-27 09:32:08.070,3.345,100
2020-10-27 09:32:08.070,3.345,3200
2020-10-27 09:32:08.070,3.345,5000
2020-10-27 09:32:08.070,3.345,30000
2020-10-27 09:32:08.070,3.345,2000
2020-10-27 09:32:08.070,3.345,1200
2020-10-27 09:32:08.280,3.346,9800
2020-10-27 09:32:08.480,3.345,1800
2020-10-27 09:32:08.480,3.345,100
2020-10-27 09:32:08.480,3.345,800
2020-10-27 09:32:08.480,3.345,2000
2020-10-27 09:32:08.480,3.345,93000
2020-10-27 09:32:08.480,3.345,500
2020-10-27 09:32:08.480,3.345,3000
2020-10-27 09:32:08.480,3.345,300
2020-10-27 09:32:09.280,3.346,2100
2020-10-27 09:32:09.310,3.346,100
2020-10-27 09:32:11.110,3.346,5000
2020-10-27 09:32:13.890,3.346,500
2020-10-27 09:32:15.290,3.346,100
2020-10-27 09:32:15.320,3.345,2700
2020-10-27 09:32:15.320,3.345,300
2020-10-27 09:32:15.320,3.345,300
2020-10-27 09:32:15.320,3.345,1000
2020-10-27 09:32:15.320,3.345,200
2020-10-27 09:32:15.320,3.344,100
2020-10-27 09:32:15.320,3.344,100
2020-10-27 09:32:15.320,3.344,200
2020-10-27 09:32:15.320,3.344,600
2020-10-27 09:32:15.320,3.344,10500
2020-10-27 09:32:15.360,3.346,10000
2020-10-27 09:32:16.030,3.345,2000
2020-10-27 09:32:16.590,3.345,1000
2020-10-27 09:32:16.750,3.345,30000
2020-10-27 09:32:18.470,3.345,11900
2020-10-27 09:32:18.720,3.345,11900
2020-10-27 09:32:19.710,3.344,5100
2020-10-27 09:32:19.710,3.344,10000
2020-10-27 09:32:19.710,3.344,11000
2020-10-27 09:32:19.710,3.344,5000
2020-10-27 09:32:19.710,3.344,10000
2020-10-27 09:32:19.710,3.344,100
2020-10-27 09:32:19.710,3.344,1200
2020-10-27 09:32:19.960,3.345,10600
2020-10-27 09:32:20.020,3.345,10500
2020-10-27 09:32:21.010,3.345,1600
2020-10-27 09:32:21.290,3.344,3800
2020-10-27 09:32:21.290,3.344,200
2020-10-27 09:32:21.290,3.344,50000
2020-10-27 09:32:21.290,3.344,2000
2020-10-27 09:32:21.290,3.344,10000
2020-10-27 09:32:21.290,3.344,500
2020-10-27 09:32:21.290,3.344,40000
2020-10-27 09:32:21.290,3.344,50000
2020-10-27 09:32:21.290,3.344,1000
2020-10-27 09:32:21.290,3.344,300
2020-10-27 09:32:21.290,3.344,100
2020-10-27 09:32:21.290,3.344,10000
2020-10-27 09:32:21.290,3.344,5000
2020-10-27 09:32:21.290,3.344,13800
2020-10-27 09:32:21.290,3.344,7000
2020-10-27 09:32:21.290,3.344,900
2020-10-27 09:32:21.550,3.344,10500
2020-10-27 09:32:21.610,3.344,10600
2020-10-27 09:32:21.610,3.344,74300
2020-10-27 09:32:22.310,3.344,9600
2020-10-27 09:32:25.730,3.344,3600
2020-10-27 09:32:27.500,3.345,12500
2020-10-27 09:32:28.800,3.344,12500
2020-10-27 09:32:28.800,3.344,3000
2020-10-27 09:32:28.800,3.344,5000
2020-10-27 09:32:28.800,3.344,1600
2020-10-27 09:32:28.800,3.344,2000
2020-10-27 09:32:28.800,3.344,200
2020-10-27 09:32:28.800,3.343,200
2020-10-27 09:32:28.800,3.343,15800
2020-10-27 09:32:28.800,3.343,11000
2020-10-27 09:32:28.800,3.343,1000
2020-10-27 09:32:28.800,3.343,3000
2020-10-27 09:32:28.800,3.343,10000
2020-10-27 09:32:28.800,3.343,60000
2020-10-27 09:32:28.800,3.343,100
2020-10-27 09:32:28.800,3.343,30000
2020-10-27 09:32:28.800,3.343,5000
2020-10-27 09:32:28.800,3.343,100
2020-10-27 09:32:28.800,3.343,5000
2020-10-27 09:32:28.800,3.343,10000
2020-10-27 09:32:28.800,3.343,24500
2020-10-27 09:32:30.040,3.344,2000
2020-10-27 09:32:30.040,3.344,1400
2020-10-27 09:32:30.040,3.344,4100
2020-10-27 09:32:31.980,3.344,3500
2020-10-27 09:32:32.390,3.343,5500
2020-10-27 09:32:32.390,3.343,2500
2020-10-27 09:32:32.840,3.344,2000
2020-10-27 09:32:32.900,3.344,400
2020-10-27 09:32:32.900,3.344,600
2020-10-27 09:32:33.030,3.344,1100
2020-10-27 09:32:33.030,3.344,18000
2020-10-27 09:32:33.030,3.344,4300
2020-10-27 09:32:33.030,3.344,6600
2020-10-27 09:32:33.580,3.344,100
2020-10-27 09:32:33.630,3.344,12900
2020-10-27 09:32:34.310,3.344,100
2020-10-27 09:32:36.200,3.344,14900
2020-10-27 09:32:36.200,3.344,2100
2020-10-27 09:32:36.200,3.344,297900
2020-10-27 09:32:37.760,3.345,30000
2020-10-27 09:32:37.760,3.345,30000
2020-10-27 09:32:37.760,3.345,40000
2020-10-27 09:32:37.910,3.344,3500
2020-10-27 09:32:38.300,3.344,100
2020-10-27 09:32:38.300,3.344,2400
2020-10-27 09:32:38.330,3.344,24000
2020-10-27 09:32:39.860,3.344,10000
2020-10-27 09:32:40.070,3.344,5000
2020-10-27 09:32:40.890,3.343,5500
2020-10-27 09:32:40.890,3.343,30000
2020-10-27 09:32:40.890,3.343,87300
2020-10-27 09:32:41.110,3.344,20000
2020-10-27 09:32:42.710,3.344,1000
2020-10-27 09:32:42.710,3.344,10000
2020-10-27 09:32:43.070,3.344,10000
2020-10-27 09:32:43.560,3.344,4000
2020-10-27 09:32:43.860,3.343,200
2020-10-27 09:32:44.170,3.344,5000
2020-10-27 09:32:44.430,3.344,1000
2020-10-27 09:32:45.010,3.344,100
2020-10-27 09:32:45.600,3.344,10000
2020-10-27 09:32:46.250,3.343,12500
2020-10-27 09:32:46.250,3.343,800
2020-10-27 09:32:46.250,3.343,4500
2020-10-27 09:32:46.250,3.343,30000
2020-10-27 09:32:46.250,3.343,50000
2020-10-27 09:32:46.250,3.343,5000
2020-10-27 09:32:46.250,3.343,3000
2020-10-27 09:32:46.250,3.343,4000
2020-10-27 09:32:46.390,3.343,1000
2020-10-27 09:32:46.600,3.343,3500
2020-10-27 09:32:46.830,3.343,500
2020-10-27 09:32:47.390,3.343,1000
2020-10-27 09:32:47.510,3.343,500
2020-10-27 09:32:47.550,3.343,11900
2020-10-27 09:32:48.820,3.343,30000
2020-10-27 09:32:50.030,3.343,5000
2020-10-27 09:32:50.870,3.343,8000
2020-10-27 09:32:51.120,3.342,5000
2020-10-27 09:32:51.120,3.342,200
2020-10-27 09:32:51.120,3.342,3000
2020-10-27 09:32:51.120,3.342,10000
2020-10-27 09:32:51.120,3.342,300
2020-10-27 09:32:51.120,3.342,11000
2020-10-27 09:32:51.120,3.342,2000
2020-10-27 09:32:51.120,3.342,1100
2020-10-27 09:32:51.120,3.342,3000
2020-10-27 09:32:51.120,3.342,3000
2020-10-27 09:32:51.120,3.342,200
2020-10-27 09:32:51.120,3.342,1000
2020-10-27 09:32:51.120,3.342,300
2020-10-27 09:32:51.120,3.342,2700
2020-10-27 09:32:53.210,3.342,28900
2020-10-27 09:32:53.300,3.342,300
2020-10-27 09:32:53.950,3.343,1700
2020-10-27 09:32:54.140,3.343,185200
2020-10-27 09:32:54.140,3.343,102400
2020-10-27 09:32:54.140,3.343,2400
2020-10-27 09:32:54.140,3.343,10000
2020-10-27 09:32:54.430,3.343,4500
2020-10-27 09:32:54.430,3.343,5500
2020-10-27 09:32:54.860,3.343,3000
2020-10-27 09:32:56.360,3.342,18100
2020-10-27 09:32:56.360,3.342,2300
2020-10-27 09:32:56.450,3.343,70000
2020-10-27 09:32:56.510,3.343,500
2020-10-27 09:32:56.990,3.343,13400
2020-10-27 09:32:56.990,3.343,1000
2020-10-27 09:32:56.990,3.343,85600
2020-10-27 09:32:57.650,3.342,2700
2020-10-27 09:32:57.650,3.342,100
2020-10-27 09:32:57.650,3.342,3000
2020-10-27 09:32:57.650,3.342,4200
2020-10-27 09:32:57.690,3.343,8700
2020-10-27 09:32:57.690,3.343,11300
2020-10-27 09:32:58.050,3.343,4500
2020-10-27 09:32:58.200,3.342,5800
2020-10-27 09:32:58.200,3.342,22100
2020-10-27 09:32:58.200,3.342,1000
2020-10-27 09:32:58.200,3.342,1000
2020-10-27 09:32:58.200,3.342,1000
2020-10-27 09:32:58.200,3.342,30000
2020-10-27 09:32:58.200,3.342,10000
2020-10-27 09:32:58.200,3.342,1500
2020-10-27 09:32:58.200,3.342,14900
2020-10-27 09:32:58.200,3.342,40000
2020-10-27 09:32:58.200,3.342,4000
2020-10-27 09:32:58.200,3.342,100
2020-10-27 09:32:58.200,3.342,800
2020-10-27 09:32:58.200,3.342,700
2020-10-27 09:32:58.200,3.342,5900
2020-10-27 09:32:58.490,3.341,200
2020-10-27 09:32:59.180,3.341,400
2020-10-27 09:32:59.340,3.342,1500
2020-10-27 09:32:59.480,3.342,11900
2020-10-27 09:33:00.060,3.342,100000
2020-10-27 09:33:01.100,3.342,40000
2020-10-27 09:33:01.410,3.342,2800
2020-10-27 09:33:02.300,3.341,9400
2020-10-27 09:33:02.300,3.341,500
2020-10-27 09:33:02.300,3.341,10000
2020-10-27 09:33:02.300,3.341,10000
2020-10-27 09:33:02.300,3.341,200
2020-10-27 09:33:02.300,3.341,10000
2020-10-27 09:33:02.300,3.341,10000
2020-10-27 09:33:02.300,3.341,1800
2020-10-27 09:33:02.300,3.341,600
2020-10-27 09:33:02.300,3.341,500
2020-10-27 09:33:02.300,3.341,30000
2020-10-27 09:33:02.300,3.341,100
2020-10-27 09:33:02.300,3.341,30000
2020-10-27 09:33:02.300,3.341,10000
2020-10-27 09:33:02.300,3.341,11000
2020-10-27 09:33:02.300,3.341,10000
2020-10-27 09:33:02.300,3.341,5000
2020-10-27 09:33:02.300,3.341,6000
2020-10-27 09:33:02.300,3.341,10000
2020-10-27 09:33:02.300,3.341,100
2020-10-27 09:33:02.300,3.341,4100
2020-10-27 09:33:02.300,3.341,4000
2020-10-27 09:33:02.300,3.341,1400
2020-10-27 09:33:02.300,3.341,7500
2020-10-27 09:33:02.300,3.341,6000
2020-10-27 09:33:02.300,3.341,10000
2020-10-27 09:33:02.300,3.341,100
2020-10-27 09:33:02.300,3.341,1000
2020-10-27 09:33:02.300,3.341,300
2020-10-27 09:33:02.300,3.341,1000
2020-10-27 09:33:02.300,3.341,30000
2020-10-27 09:33:02.300,3.341,40000
2020-10-27 09:33:02.300,3.341,29400
2020-10-27 09:33:02.560,3.342,5100
2020-10-27 09:33:02.560,3.342,4900
2020-10-27 09:33:03.090,3.342,3000
2020-10-27 09:33:03.300,3.341,10000
2020-10-27 09:33:03.300,3.341,2000
2020-10-27 09:33:03.300,3.341,5000
2020-10-27 09:33:03.300,3.341,3000
2020-10-27 09:33:03.300,3.341,100
2020-10-27 09:33:04.680,3.341,20000
2020-10-27 09:33:04.680,3.341,1000
2020-10-27 09:33:05.060,3.341,500
2020-10-27 09:33:05.100,3.341,40000
2020-10-27 09:33:05.120,3.341,30000
2020-10-27 09:33:06.140,3.341,30000
2020-10-27 09:33:06.260,3.341,100000
2020-10-27 09:33:06.490,3.341,1000
2020-10-27 09:33:06.740,3.341,21000
2020-10-27 09:33:06.740,3.342,9000
2020-10-27 09:33:07.120,3.342,50000
2020-10-27 09:33:08.160,3.341,3000
2020-10-27 09:33:08.500,3.341,7000
2020-10-27 09:33:08.500,3.341,1600
2020-10-27 09:33:08.500,3.341,40000
2020-10-27 09:33:08.500,3.341,1000
2020-10-27 09:33:08.660,3.341,10000
2020-10-27 09:33:09.780,3.341,5000
2020-10-27 09:33:10.310,3.341,3000
2020-10-27 09:33:11.450,3.341,1000
2020-10-27 09:33:12.980,3.34,1500
2020-10-27 09:33:12.980,3.34,1400
2020-10-27 09:33:13.150,3.341,5000
2020-10-27 09:33:13.180,3.341,2200
2020-10-27 09:33:13.550,3.341,3000
2020-10-27 09:33:13.580,3.341,5000
2020-10-27 09:33:13.670,3.341,5000
2020-10-27 09:33:13.740,3.341,30600
2020-10-27 09:33:14.160,3.341,10000
2020-10-27 09:33:14.610,3.341,3000
2020-10-27 09:33:14.700,3.341,3000
2020-10-27 09:33:14.790,3.34,600
2020-10-27 09:33:14.790,3.34,14200
2020-10-27 09:33:14.940,3.341,138900
2020-10-27 09:33:14.940,3.341,200
2020-10-27 09:33:15.350,3.341,20000
2020-10-27 09:33:15.680,3.341,100
2020-10-27 09:33:16.570,3.342,23100
2020-10-27 09:33:16.570,3.342,2000
2020-10-27 09:33:16.570,3.342,30000
2020-10-27 09:33:16.570,3.342,300
2020-10-27 09:33:16.570,3.342,5500
2020-10-27 09:33:17.010,3.341,2300
2020-10-27 09:33:17.080,3.341,300
2020-10-27 09:33:17.180,3.341,17300
2020-10-27 09:33:17.180,3.341,8700
2020-10-27 09:33:17.210,3.342,42500
2020-10-27 09:33:17.210,3.342,400
2020-10-27 09:33:17.210,3.342,10000
2020-10-27 09:33:17.360,3.342,5000
2020-10-27 09:33:17.540,3.343,100
2020-10-27 09:33:17.540,3.343,100
2020-10-27 09:33:17.540,3.343,100
2020-10-27 09:33:17.540,3.343,100
2020-10-27 09:33:17.570,3.343,100
2020-10-27 09:33:17.570,3.343,100
2020-10-27 09:33:17.570,3.343,100
2020-10-27 09:33:17.570,3.343,100
2020-10-27 09:33:17.570,3.343,100
2020-10-27 09:33:17.570,3.343,100
2020-10-27 09:33:17.570,3.343,100
2020-10-27 09:33:17.570,3.343,100
2020-10-27 09:33:17.570,3.343,100
2020-10-27 09:33:17.570,3.343,100
2020-10-27 09:33:17.570,3.343,100
2020-10-27 09:33:17.630,3.343,100
2020-10-27 09:33:17.690,3.343,100
2020-10-27 09:33:17.690,3.343,100
2020-10-27 09:33:17.690,3.343,100
2020-10-27 09:33:17.690,3.343,100
2020-10-27 09:33:17.690,3.343,100
2020-10-27 09:33:17.690,3.343,100
2020-10-27 09:33:17.720,3.343,100
2020-10-27 09:33:17.720,3.343,100
2020-10-27 09:33:17.720,3.343,100
2020-10-27 09:33:17.720,3.343,100
2020-10-27 09:33:17.720,3.343,100
2020-10-27 09:33:17.720,3.343,100
2020-10-27 09:33:17.780,3.343,100
2020-10-27 09:33:17.780,3.343,100
2020-10-27 09:33:17.780,3.343,100
2020-10-27 09:33:17.780,3.343,100
2020-10-27 09:33:17.780,3.343,100
2020-10-27 09:33:17.780,3.343,100
2020-10-27 09:33:17.850,3.343,100
2020-10-27 09:33:17.850,3.343,100
2020-10-27 09:33:17.850,3.343,100
2020-10-27 09:33:17.850,3.343,100
2020-10-27 09:33:17.850,3.343,100
2020-10-27 09:33:17.850,3.343,100
2020-10-27 09:33:17.880,3.343,100
2020-10-27 09:33:17.880,3.343,100
2020-10-27 09:33:17.880,3.343,100
2020-10-27 09:33:17.880,3.343,100
2020-10-27 09:33:17.880,3.343,100
2020-10-27 09:33:17.910,3.343,100
2020-10-27 09:33:17.910,3.343,100
2020-10-27 09:33:17.910,3.343,100
2020-10-27 09:33:17.910,3.343,100
2020-10-27 09:33:17.940,3.343,100
2020-10-27 09:33:17.940,3.343,100
2020-10-27 09:33:18.040,3.343,100
2020-10-27 09:33:18.040,3.343,100
2020-10-27 09:33:18.040,3.343,100
2020-10-27 09:33:18.040,3.343,100
2020-10-27 09:33:18.040,3.343,100
2020-10-27 09:33:18.040,3.343,100
2020-10-27 09:33:18.070,3.343,100
2020-10-27 09:33:18.070,3.343,100
2020-10-27 09:33:18.070,3.343,100
2020-10-27 09:33:18.070,3.343,100
2020-10-27 09:33:18.070,3.343,100
2020-10-27 09:33:18.130,3.343,100
2020-10-27 09:33:18.130,3.343,100
2020-10-27 09:33:18.130,3.343,100
2020-10-27 09:33:18.130,3.343,100
2020-10-27 09:33:18.130,3.343,100
2020-10-27 09:33:18.190,3.343,100
2020-10-27 09:33:18.190,3.343,100
2020-10-27 09:33:18.190,3.343,100
2020-10-27 09:33:18.190,3.343,100
2020-10-27 09:33:18.190,3.343,100
2020-10-27 09:33:18.190,3.343,100
2020-10-27 09:33:18.190,3.343,100
2020-10-27 09:33:18.260,3.343,100
2020-10-27 09:33:18.260,3.343,100
2020-10-27 09:33:18.260,3.343,100
2020-10-27 09:33:18.260,3.343,100
2020-10-27 09:33:18.260,3.343,100
2020-10-27 09:33:18.260,3.343,100
2020-10-27 09:33:18.260,3.343,100
2020-10-27 09:33:18.280,3.343,100
2020-10-27 09:33:18.280,3.343,100
2020-10-27 09:33:18.280,3.343,100
2020-10-27 09:33:18.280,3.343,100
2020-10-27 09:33:18.280,3.343,100
2020-10-27 09:33:18.350,3.343,100
2020-10-27 09:33:18.350,3.343,100
2020-10-27 09:33:18.350,3.343,100
2020-10-27 09:33:18.350,3.343,100
2020-10-27 09:33:18.350,3.343,100
2020-10-27 09:33:18.350,3.343,100
2020-10-27 09:33:18.350,3.343,100
2020-10-27 09:33:18.390,3.343,100
2020-10-27 09:33:18.390,3.343,100
2020-10-27 09:33:18.390,3.343,100
2020-10-27 09:33:18.390,3.343,100
2020-10-27 09:33:18.390,3.343,100
2020-10-27 09:33:18.420,3.343,100
2020-10-27 09:33:18.420,3.343,100
2020-10-27 09:33:18.590,3.343,100
2020-10-27 09:33:18.590,3.343,100
2020-10-27 09:33:18.590,3.343,100
2020-10-27 09:33:18.590,3.343,100
2020-10-27 09:33:18.590,3.343,100
2020-10-27 09:33:18.590,3.343,100
2020-10-27 09:33:18.650,3.343,100
2020-10-27 09:33:18.650,3.343,100
2020-10-27 09:33:18.650,3.343,100
2020-10-27 09:33:18.650,3.343,100
2020-10-27 09:33:18.650,3.343,100
2020-10-27 09:33:18.650,3.343,100
2020-10-27 09:33:18.650,3.343,100
2020-10-27 09:33:18.650,3.343,100
2020-10-27 09:33:18.650,3.343,100
2020-10-27 09:33:18.650,3.343,100
2020-10-27 09:33:18.680,3.343,5000
2020-10-27 09:33:18.770,3.343,100
2020-10-27 09:33:18.770,3.343,100
2020-10-27 09:33:18.770,3.343,100
2020-10-27 09:33:18.770,3.343,100
2020-10-27 09:33:18.770,3.343,100
2020-10-27 09:33:18.770,3.343,100
2020-10-27 09:33:18.770,3.343,100
2020-10-27 09:33:18.770,3.343,100
2020-10-27 09:33:18.770,3.343,100
2020-10-27 09:33:18.770,3.343,100
2020-10-27 09:33:18.770,3.343,100
2020-10-27 09:33:18.770,3.343,100
2020-10-27 09:33:18.770,3.343,100
2020-10-27 09:33:18.770,3.343,100
2020-10-27 09:33:18.850,3.343,100
2020-10-27 09:33:18.850,3.343,100
2020-10-27 09:33:18.850,3.343,100
2020-10-27 09:33:18.850,3.343,100
2020-10-27 09:33:18.890,3.343,100
2020-10-27 09:33:18.890,3.343,100
2020-10-27 09:33:18.890,3.343,100
2020-10-27 09:33:18.890,3.343,100
2020-10-27 09:33:18.890,3.343,100
2020-10-27 09:33:18.890,3.343,100
2020-10-27 09:33:18.890,3.343,100
2020-10-27 09:33:18.950,3.343,100
2020-10-27 09:33:18.950,3.343,100
2020-10-27 09:33:18.950,3.343,100
2020-10-27 09:33:18.950,3.343,100
2020-10-27 09:33:18.950,3.343,100
2020-10-27 09:33:19.010,3.343,100
2020-10-27 09:33:19.010,3.343,100
2020-10-27 09:33:19.010,3.343,100
2020-10-27 09:33:19.010,3.343,100
2020-10-27 09:33:19.010,3.343,100
2020-10-27 09:33:19.010,3.343,100
2020-10-27 09:33:19.010,3.343,100
2020-10-27 09:33:19.040,3.343,100
2020-10-27 09:33:19.040,3.343,100
2020-10-27 09:33:19.040,3.343,100
2020-10-27 09:33:19.040,3.343,100
2020-10-27 09:33:19.040,3.343,100
2020-10-27 09:33:19.100,3.343,100
2020-10-27 09:33:19.100,3.343,100
2020-10-27 09:33:19.100,3.343,100
2020-10-27 09:33:19.100,3.343,100
2020-10-27 09:33:19.100,3.343,100
2020-10-27 09:33:19.100,3.343,100
2020-10-27 09:33:19.100,3.343,100
2020-10-27 09:33:19.130,3.343,100
2020-10-27 09:33:19.130,3.343,100
2020-10-27 09:33:19.130,3.343,100
2020-10-27 09:33:19.130,3.343,100
2020-10-27 09:33:19.130,3.343,100
2020-10-27 09:33:19.200,3.343,100
2020-10-27 09:33:19.200,3.343,100
2020-10-27 09:33:19.200,3.343,100
2020-10-27 09:33:19.200,3.343,100
2020-10-27 09:33:19.200,3.343,100
2020-10-27 09:33:19.200,3.343,100
2020-10-27 09:33:19.230,3.343,100
2020-10-27 09:33:19.230,3.343,100
2020-10-27 09:33:19.230,3.343,100
2020-10-27 09:33:19.290,3.343,100
2020-10-27 09:33:19.410,3.343,100
2020-10-27 09:33:19.410,3.343,100
2020-10-27 09:33:19.410,3.343,100
2020-10-27 09:33:19.430,3.343,100
2020-10-27 09:33:19.430,3.343,100
2020-10-27 09:33:19.430,3.343,100
2020-10-27 09:33:19.430,3.343,100
2020-10-27 09:33:19.430,3.343,100
2020-10-27 09:33:19.430,3.343,100
2020-10-27 09:33:19.430,3.343,100
2020-10-27 09:33:19.530,3.343,100
2020-10-27 09:33:19.530,3.343,100
2020-10-27 09:33:19.530,3.343,100
2020-10-27 09:33:19.530,3.343,100
2020-10-27 09:33:19.530,3.343,100
2020-10-27 09:33:19.530,3.343,100
2020-10-27 09:33:19.530,3.343,100
2020-10-27 09:33:19.530,3.343,100
2020-10-27 09:33:19.530,3.343,100
2020-10-27 09:33:19.560,3.342,1800
2020-10-27 09:33:19.560,3.343,100
2020-10-27 09:33:21.120,3.343,40000
2020-10-27 09:33:21.630,3.343,3000
2020-10-27 09:33:22.150,3.343,33900
2020-10-27 09:33:22.150,3.344,800
2020-10-27 09:33:22.150,3.344,10000
2020-10-27 09:33:22.150,3.344,1000
2020-10-27 09:33:22.150,3.344,7600
2020-10-27 09:33:22.150,3.344,39900
2020-10-27 09:33:23.260,3.342,4700
2020-10-27 09:33:23.320,3.343,900
2020-10-27 09:33:25.920,3.343,1000
2020-10-27 09:33:26.050,3.342,5000
2020-10-27 09:33:26.050,3.342,5000
2020-10-27 09:33:26.050,3.342,80000
2020-10-27 09:33:27.840,3.342,600
2020-10-27 09:33:30.400,3.342,19400
2020-10-27 09:33:30.400,3.342,5000
2020-10-27 09:33:30.400,3.342,500
2020-10-27 09:33:30.400,3.342,4900
2020-10-27 09:33:30.400,3.342,2600
2020-10-27 09:33:30.400,3.342,2000
2020-10-27 09:33:30.400,3.342,2300
2020-10-27 09:33:31.580,3.342,3000
2020-10-27 09:33:31.960,3.342,10000
2020-10-27 09:33:34.590,3.342,40300
2020-10-27 09:33:34.590,3.342,6000
2020-10-27 09:33:34.620,3.342,37000
2020-10-27 09:33:36.010,3.343,2400
2020-10-27 09:33:37.520,3.343,5000
2020-10-27 09:33:39.720,3.342,300
2020-10-27 09:33:40.220,3.343,14500
2020-10-27 09:33:40.220,3.343,285500
2020-10-27 09:33:40.690,3.343,1000
2020-10-27 09:33:41.590,3.343,200
2020-10-27 09:33:41.590,3.343,100
2020-10-27 09:33:41.590,3.343,700
2020-10-27 09:33:42.000,3.343,14500
2020-10-27 09:33:42.490,3.343,100
2020-10-27 09:33:42.750,3.343,40000
2020-10-27 09:33:42.940,3.342,1300
2020-10-27 09:33:43.170,3.343,200
2020-10-27 09:33:43.400,3.343,5000
2020-10-27 09:33:44.830,3.343,4000
2020-10-27 09:33:46.910,3.343,10000
2020-10-27 09:33:47.600,3.343,12300
2020-10-27 09:33:47.600,3.343,1300
2020-10-27 09:33:47.600,3.343,6400
2020-10-27 09:33:47.630,3.343,400
2020-10-27 09:33:48.030,3.343,20000
2020-10-27 09:33:48.340,3.343,30000
2020-10-27 09:33:48.710,3.343,600
2020-10-27 09:33:48.890,3.343,2800
2020-10-27 09:33:48.920,3.342,100
2020-10-27 09:33:50.610,3.343,2000
2020-10-27 09:33:51.680,3.343,4900
2020-10-27 09:33:53.160,3.343,22800
2020-10-27 09:33:53.440,3.343,272300
2020-10-27 09:33:53.440,3.343,100
2020-10-27 09:33:53.440,3.343,1500
2020-10-27 09:33:53.510,3.342,15000
2020-10-27 09:33:53.510,3.342,1800
2020-10-27 09:33:54.660,3.342,38200
2020-10-27 09:33:54.660,3.342,10000
2020-10-27 09:33:54.660,3.342,10000
2020-10-27 09:33:54.660,3.342,400
2020-10-27 09:33:54.660,3.342,5000
2020-10-27 09:33:54.660,3.342,1000
2020-10-27 09:33:54.660,3.342,5000
2020-10-27 09:33:54.660,3.342,20000
2020-10-27 09:33:54.660,3.342,500
2020-10-27 09:33:54.660,3.342,20000
2020-10-27 09:33:54.660,3.342,200
2020-10-27 09:33:54.660,3.342,20000
2020-10-27 09:33:54.660,3.342,1000
2020-10-27 09:33:54.660,3.342,50000
2020-10-27 09:33:54.660,3.342,5000
2020-10-27 09:33:54.660,3.342,3000
2020-10-27 09:33:54.660,3.342,1600
2020-10-27 09:33:54.660,3.342,40000
2020-10-27 09:33:54.660,3.342,3000
2020-10-27 09:33:54.660,3.342,2000
2020-10-27 09:33:54.660,3.342,1500
2020-10-27 09:33:54.890,3.342,1000
2020-10-27 09:33:55.250,3.342,2000
2020-10-27 09:33:55.930,3.342,15000
2020-10-27 09:33:56.030,3.341,100000
2020-10-27 09:33:56.060,3.342,6000
2020-10-27 09:33:56.060,3.342,200000
2020-10-27 09:33:56.060,3.343,26300
2020-10-27 09:33:56.060,3.343,267700
2020-10-27 09:33:57.190,3.342,100
2020-10-27 09:33:57.590,3.342,1000
2020-10-27 09:33:57.980,3.342,1000
2020-10-27 09:33:58.670,3.342,40000
2020-10-27 09:33:59.280,3.342,10100
2020-10-27 09:34:01.580,3.342,40000
2020-10-27 09:34:01.610,3.342,16500
2020-10-27 09:34:01.780,3.342,10000
2020-10-27 09:34:01.780,3.342,10000
2020-10-27 09:34:01.920,3.342,2500
2020-10-27 09:34:02.240,3.342,8000
2020-10-27 09:34:02.240,3.342,2000
2020-10-27 09:34:02.610,3.342,30000
2020-10-27 09:34:03.130,3.342,30000
2020-10-27 09:34:04.410,3.341,3000
2020-10-27 09:34:04.410,3.341,188300
2020-10-27 09:34:04.410,3.341,12500
2020-10-27 09:34:04.410,3.341,10000
2020-10-27 09:34:04.410,3.341,7000
2020-10-27 09:34:04.410,3.341,4000
2020-10-27 09:34:04.410,3.341,15200
2020-10-27 09:34:04.410,3.341,1500
2020-10-27 09:34:04.410,3.341,1000
2020-10-27 09:34:04.410,3.341,2000
2020-10-27 09:34:04.410,3.341,300
2020-10-27 09:34:04.410,3.341,100
2020-10-27 09:34:04.410,3.341,3000
2020-10-27 09:34:04.410,3.341,400
2020-10-27 09:34:04.410,3.341,20000
2020-10-27 09:34:04.410,3.341,34700
2020-10-27 09:34:04.770,3.341,200000
2020-10-27 09:34:04.770,3.341,1000
2020-10-27 09:34:04.770,3.341,50000
2020-10-27 09:34:04.770,3.341,2600
2020-10-27 09:34:04.770,3.341,100
2020-10-27 09:34:04.770,3.341,100
2020-10-27 09:34:04.770,3.341,21300
2020-10-27 09:34:04.770,3.341,200
2020-10-27 09:34:04.770,3.341,5000
2020-10-27 09:34:04.770,3.341,10000
2020-10-27 09:34:04.770,3.341,9700
2020-10-27 09:34:04.980,3.342,700
2020-10-27 09:34:05.360,3.341,90300
2020-10-27 09:34:05.360,3.341,5000
2020-10-27 09:34:05.360,3.341,2000
2020-10-27 09:34:05.360,3.341,100
2020-10-27 09:34:05.360,3.341,1000
2020-10-27 09:34:05.540,3.341,1500
2020-10-27 09:34:06.320,3.341,100
2020-10-27 09:34:06.320,3.341,9900
2020-10-27 09:34:06.720,3.341,6000
2020-10-27 09:34:06.900,3.341,200
2020-10-27 09:34:06.900,3.341,3500
2020-10-27 09:34:08.050,3.341,300
2020-10-27 09:34:08.410,3.341,1900
2020-10-27 09:34:08.610,3.341,85900
2020-10-27 09:34:08.610,3.341,30000
2020-10-27 09:34:08.760,3.341,100000
2020-10-27 09:34:09.090,3.341,40000
2020-10-27 09:34:09.120,3.341,22300
2020-10-27 09:34:09.120,3.341,600
2020-10-27 09:34:09.120,3.341,27100
2020-10-27 09:34:09.280,3.341,50000
2020-10-27 09:34:09.600,3.341,22900
2020-10-27 09:34:09.600,3.341,300
2020-10-27 09:34:09.600,3.341,3300
2020-10-27 09:34:10.140,3.341,200
2020-10-27 09:34:10.200,3.341,3300
2020-10-27 09:34:10.200,3.341,1000
2020-10-27 09:34:10.200,3.341,4700
2020-10-27 09:34:11.780,3.342,4000
2020-10-27 09:34:13.110,3.341,15300
2020-10-27 09:34:13.110,3.341,5300
2020-10-27 09:34:13.110,3.341,9400
2020-10-27 09:34:14.330,3.341,3000
2020-10-27 09:34:14.400,3.341,17600
2020-10-27 09:34:14.400,3.341,200000
2020-10-27 09:34:14.400,3.341,5000
2020-10-27 09:34:14.400,3.341,5000
2020-10-27 09:34:14.770,3.34,800
2020-10-27 09:34:14.770,3.34,1300
2020-10-27 09:34:15.630,3.34,3700
2020-10-27 09:34:15.780,3.341,5000
2020-10-27 09:34:16.280,3.341,600
2020-10-27 09:34:16.280,3.341,500
2020-10-27 09:34:16.630,3.341,100
2020-10-27 09:34:16.790,3.341,500
2020-10-27 09:34:17.940,3.341,1600
2020-10-27 09:34:18.130,3.341,3000
2020-10-27 09:34:18.220,3.341,57400
2020-10-27 09:34:18.220,3.341,200
2020-10-27 09:34:18.220,3.341,30500
2020-10-27 09:34:18.220,3.341,11900
2020-10-27 09:34:19.330,3.341,10000
2020-10-27 09:34:19.780,3.341,2000
2020-10-27 09:34:20.460,3.341,5000
2020-10-27 09:34:20.590,3.341,10000
2020-10-27 09:34:20.590,3.341,1600
2020-10-27 09:34:20.590,3.341,18400
2020-10-27 09:34:21.020,3.341,17000
2020-10-27 09:34:21.020,3.341,8000
2020-10-27 09:34:22.140,3.341,1000
2020-10-27 09:34:22.230,3.341,4000
2020-10-27 09:34:22.230,3.341,28400
2020-10-27 09:34:23.070,3.342,30000
2020-10-27 09:34:23.270,3.341,2200
2020-10-27 09:34:24.710,3.342,700
2020-10-27 09:34:25.210,3.341,7400
2020-10-27 09:34:25.450,3.341,2000
2020-10-27 09:34:25.450,3.341,11000
2020-10-27 09:34:25.520,3.342,2800
2020-10-27 09:34:26.260,3.341,3400
2020-10-27 09:34:26.390,3.341,3400
2020-10-27 09:34:26.420,3.341,7000
2020-10-27 09:34:30.060,3.341,5200
2020-10-27 09:34:30.060,3.341,11600
2020-10-27 09:34:30.410,3.341,8400
2020-10-27 09:34:30.410,3.341,1000
2020-10-27 09:34:30.410,3.341,600
2020-10-27 09:34:30.570,3.342,600
2020-10-27 09:34:30.570,3.342,1300
2020-10-27 09:34:30.570,3.342,1300
2020-10-27 09:34:30.630,3.342,5000
2020-10-27 09:34:30.950,3.341,900
2020-10-27 09:34:30.950,3.341,40000
2020-10-27 09:34:30.950,3.341,200
2020-10-27 09:34:30.950,3.341,30000
2020-10-27 09:34:30.950,3.341,300
2020-10-27 09:34:30.950,3.341,1500
2020-10-27 09:34:30.950,3.341,1000
2020-10-27 09:34:30.950,3.341,30000
2020-10-27 09:34:31.170,3.341,100000
2020-10-27 09:34:31.600,3.341,30000
2020-10-27 09:34:32.100,3.341,30000
2020-10-27 09:34:32.160,3.341,30000
2020-10-27 09:34:33.510,3.341,20000
2020-10-27 09:34:33.600,3.341,30000
2020-10-27 09:34:33.720,3.341,10000
2020-10-27 09:34:33.720,3.341,20000
2020-10-27 09:34:33.720,3.341,10000
2020-10-27 09:34:34.030,3.341,40000
2020-10-27 09:34:34.060,3.341,200
2020-10-27 09:34:34.160,3.341,5900
2020-10-27 09:34:34.220,3.341,25300
2020-10-27 09:34:34.540,3.341,100000
2020-10-27 09:34:35.090,3.341,40000
2020-10-27 09:34:35.190,3.34,1000
2020-10-27 09:34:35.190,3.34,100
2020-10-27 09:34:35.190,3.34,900
2020-10-27 09:34:35.280,3.341,2200
2020-10-27 09:34:35.430,3.341,100
2020-10-27 09:34:35.800,3.34,100
2020-10-27 09:34:35.800,3.34,200
2020-10-27 09:34:36.540,3.341,2400
2020-10-27 09:34:36.540,3.341,7600
2020-10-27 09:34:36.600,3.341,12400
2020-10-27 09:34:38.930,3.341,50000
2020-10-27 09:34:39.380,3.341,50000
2020-10-27 09:34:39.860,3.341,5000
2020-10-27 09:34:39.860,3.341,5000
2020-10-27 09:34:40.470,3.34,5000
2020-10-27 09:34:41.530,3.341,2000
2020-10-27 09:34:41.790,3.341,1000
2020-10-27 09:34:43.180,3.341,5000
2020-10-27 09:34:43.210,3.341,32000
2020-10-27 09:34:44.590,3.341,5400
2020-10-27 09:34:45.780,3.342,2000
2020-10-27 09:34:46.320,3.341,1900
2020-10-27 09:34:46.410,3.341,1500
2020-10-27 09:34:46.440,3.341,5000
2020-10-27 09:34:47.210,3.342,2200
2020-10-27 09:34:47.300,3.341,300000
2020-10-27 09:34:47.940,3.342,20000
2020-10-27 09:34:48.150,3.341,154200
2020-10-27 09:34:48.150,3.341,5000
2020-10-27 09:34:48.150,3.341,2000
2020-10-27 09:34:48.150,3.341,3000
2020-10-27 09:34:48.150,3.341,4300
2020-10-27 09:34:48.150,3.341,100
2020-10-27 09:34:48.150,3.341,6000
2020-10-27 09:34:48.150,3.341,5000
2020-10-27 09:34:48.150,3.341,100
2020-10-27 09:34:48.520,3.341,5300
2020-10-27 09:34:48.980,3.341,2000
2020-10-27 09:34:49.670,3.341,10000
2020-10-27 09:34:49.730,3.341,5000
2020-10-27 09:34:50.110,3.341,1000
2020-10-27 09:34:51.170,3.341,3000
2020-10-27 09:34:51.170,3.341,7000
2020-10-27 09:34:51.490,3.341,100
2020-10-27 09:34:51.770,3.341,200
2020-10-27 09:34:53.010,3.341,4000
2020-10-27 09:34:55.630,3.341,1000
2020-10-27 09:34:55.760,3.341,700
2020-10-27 09:34:55.880,3.341,176900
2020-10-27 09:34:56.070,3.341,1100
2020-10-27 09:34:56.070,3.341,1400
2020-10-27 09:34:56.070,3.341,2000
2020-10-27 09:34:57.170,3.341,95500
2020-10-27 09:34:57.170,3.341,500
2020-10-27 09:34:57.170,3.341,5000
2020-10-27 09:34:57.170,3.341,1000
2020-10-27 09:34:57.170,3.34,18000
2020-10-27 09:34:58.650,3.341,7300
2020-10-27 09:34:58.650,3.341,9200
2020-10-27 09:34:58.650,3.341,7500
2020-10-27 09:34:58.710,3.34,16800
2020-10-27 09:34:58.710,3.34,200
2020-10-27 09:34:58.710,3.34,100
2020-10-27 09:34:58.710,3.34,100
2020-10-27 09:34:58.710,3.34,200
2020-10-27 09:34:58.710,3.34,5100
2020-10-27 09:34:58.710,3.34,10000
2020-10-27 09:34:58.710,3.34,2000
2020-10-27 09:34:58.710,3.34,10000
2020-10-27 09:34:58.710,3.34,3700
2020-10-27 09:34:58.710,3.34,3000
2020-10-27 09:34:58.710,3.34,9000
2020-10-27 09:34:58.710,3.34,2000
2020-10-27 09:34:58.710,3.34,7500
2020-10-27 09:34:58.710,3.34,100000
2020-10-27 09:34:58.710,3.34,1000
2020-10-27 09:34:58.710,3.34,300
2020-10-27 09:34:58.710,3.34,10000
2020-10-27 09:34:58.710,3.34,200
2020-10-27 09:34:58.710,3.34,20000
2020-10-27 09:34:58.710,3.34,500
2020-10-27 09:34:58.710,3.34,10000
2020-10-27 09:34:58.710,3.34,15000
2020-10-27 09:34:58.710,3.34,1000
2020-10-27 09:34:58.710,3.34,6000
2020-10-27 09:34:58.710,3.34,300
2020-10-27 09:34:58.710,3.34,2000
2020-10-27 09:34:58.710,3.34,3000
2020-10-27 09:34:58.710,3.34,50000
2020-10-27 09:34:58.870,3.341,5400
2020-10-27 09:34:59.490,3.341,100
2020-10-27 09:34:59.560,3.341,4800
2020-10-27 09:34:59.780,3.341,100
2020-10-27 09:35:00.310,3.341,3000
2020-10-27 09:35:00.310,3.341,1000
2020-10-27 09:35:00.650,3.34,200
2020-10-27 09:35:00.980,3.341,4900
2020-10-27 09:35:01.160,3.341,60700
2020-10-27 09:35:01.160,3.341,800
2020-10-27 09:35:01.160,3.341,10100
2020-10-27 09:35:01.230,3.341,1500
2020-10-27 09:35:01.330,3.341,100
2020-10-27 09:35:01.610,3.341,3000
2020-10-27 09:35:02.750,3.341,2400
2020-10-27 09:35:03.730,3.341,100
2020-10-27 09:35:04.480,3.34,200
2020-10-27 09:35:04.520,3.341,100
2020-10-27 09:35:05.140,3.34,100
2020-10-27 09:35:05.650,3.341,5800
2020-10-27 09:35:06.320,3.341,2000
2020-10-27 09:35:06.540,3.341,100
2020-10-27 09:35:06.730,3.34,300
2020-10-27 09:35:06.730,3.34,15000
2020-10-27 09:35:06.730,3.34,5000
2020-10-27 09:35:06.730,3.34,100
2020-10-27 09:35:06.730,3.34,100
2020-10-27 09:35:06.730,3.34,2000
2020-10-27 09:35:06.730,3.34,500
2020-10-27 09:35:06.730,3.34,1000
2020-10-27 09:35:06.730,3.34,11000
2020-10-27 09:35:06.730,3.34,1000
2020-10-27 09:35:06.730,3.34,1000
2020-10-27 09:35:06.730,3.34,2000
2020-10-27 09:35:06.730,3.34,1000
2020-10-27 09:35:06.730,3.34,1000
2020-10-27 09:35:06.730,3.34,2500
2020-10-27 09:35:06.730,3.34,100
2020-10-27 09:35:06.730,3.34,10000
2020-10-27 09:35:06.730,3.34,600
2020-10-27 09:35:06.730,3.34,100
2020-10-27 09:35:06.730,3.34,3000
2020-10-27 09:35:06.730,3.34,100
2020-10-27 09:35:06.730,3.34,500
2020-10-27 09:35:06.730,3.34,100
2020-10-27 09:35:06.730,3.34,10000
2020-10-27 09:35:06.730,3.34,900
2020-10-27 09:35:06.730,3.34,5000
2020-10-27 09:35:06.730,3.34,6000
2020-10-27 09:35:06.730,3.34,3000
2020-10-27 09:35:06.730,3.34,5200
2020-10-27 09:35:06.730,3.34,300
2020-10-27 09:35:06.730,3.34,211600
2020-10-27 09:35:06.920,3.34,100
2020-10-27 09:35:07.210,3.34,200
2020-10-27 09:35:07.570,3.341,10000
2020-10-27 09:35:07.870,3.34,88100
2020-10-27 09:35:07.870,3.34,14900
2020-10-27 09:35:07.870,3.34,3000
2020-10-27 09:35:07.870,3.34,10000
2020-10-27 09:35:07.870,3.34,200
2020-10-27 09:35:07.870,3.34,100
2020-10-27 09:35:07.870,3.34,5000
2020-10-27 09:35:07.870,3.34,1000
2020-10-27 09:35:07.870,3.34,5000
2020-10-27 09:35:07.870,3.34,300
2020-10-27 09:35:07.870,3.34,1000
2020-10-27 09:35:07.870,3.34,500
2020-10-27 09:35:07.870,3.34,20000
2020-10-27 09:35:07.870,3.34,500
2020-10-27 09:35:07.870,3.34,1000
2020-10-27 09:35:07.870,3.34,1000
2020-10-27 09:35:07.870,3.34,6000
2020-10-27 09:35:07.870,3.34,300
2020-10-27 09:35:07.870,3.34,5000
2020-10-27 09:35:07.870,3.34,3000
2020-10-27 09:35:07.870,3.34,500
2020-10-27 09:35:07.870,3.34,200
2020-10-27 09:35:07.870,3.34,300
2020-10-27 09:35:07.870,3.34,1000
2020-10-27 09:35:07.870,3.34,1000
2020-10-27 09:35:07.870,3.34,3000
2020-10-27 09:35:07.870,3.34,300
2020-10-27 09:35:07.870,3.34,3100
2020-10-27 09:35:07.870,3.34,100
2020-10-27 09:35:07.870,3.34,20000
2020-10-27 09:35:07.870,3.34,200
2020-10-27 09:35:07.870,3.34,50000
2020-10-27 09:35:07.870,3.34,10000
2020-10-27 09:35:07.870,3.34,200
2020-10-27 09:35:07.870,3.34,100
2020-10-27 09:35:07.870,3.34,500
2020-10-27 09:35:07.870,3.34,100
2020-10-27 09:35:07.870,3.34,4600
2020-10-27 09:35:07.870,3.34,10000
2020-10-27 09:35:07.870,3.34,100
2020-10-27 09:35:07.870,3.34,5000
2020-10-27 09:35:07.870,3.34,3800
2020-10-27 09:35:08.150,3.341,10000
2020-10-27 09:35:08.210,3.341,4000
2020-10-27 09:35:08.440,3.341,13000
2020-10-27 09:35:09.230,3.34,2500
2020-10-27 09:35:09.540,3.341,800
2020-10-27 09:35:10.240,3.341,5000
2020-10-27 09:35:10.550,3.341,53000
2020-10-27 09:35:10.990,3.341,3000
2020-10-27 09:35:12.280,3.34,3700
2020-10-27 09:35:12.280,3.34,500
2020-10-27 09:35:12.280,3.34,300
2020-10-27 09:35:12.280,3.34,500
2020-10-27 09:35:12.280,3.34,300
2020-10-27 09:35:12.280,3.34,200
2020-10-27 09:35:12.280,3.34,3000
2020-10-27 09:35:12.280,3.34,1500
2020-10-27 09:35:12.280,3.34,100
2020-10-27 09:35:12.280,3.34,200
2020-10-27 09:35:12.280,3.34,1000
2020-10-27 09:35:12.280,3.34,10000
2020-10-27 09:35:12.280,3.34,1000
2020-10-27 09:35:12.280,3.34,500
2020-10-27 09:35:12.280,3.34,5000
2020-10-27 09:35:12.280,3.34,1000
2020-10-27 09:35:12.280,3.34,3000
2020-10-27 09:35:12.280,3.34,1000
2020-10-27 09:35:12.280,3.34,100
2020-10-27 09:35:12.280,3.34,100
2020-10-27 09:35:12.280,3.34,1000
2020-10-27 09:35:12.280,3.34,5000
2020-10-27 09:35:12.280,3.34,1000
2020-10-27 09:35:12.280,3.34,300
2020-10-27 09:35:12.280,3.34,15000
2020-10-27 09:35:12.280,3.34,200
2020-10-27 09:35:12.280,3.34,2000
2020-10-27 09:35:12.280,3.34,100
2020-10-27 09:35:12.280,3.34,100
2020-10-27 09:35:12.280,3.34,5000
2020-10-27 09:35:12.280,3.34,10000
2020-10-27 09:35:12.280,3.34,6300
2020-10-27 09:35:12.280,3.34,100
2020-10-27 09:35:12.280,3.34,100
2020-10-27 09:35:12.280,3.34,100
2020-10-27 09:35:12.280,3.34,1000
2020-10-27 09:35:12.280,3.34,20000
2020-10-27 09:35:12.280,3.34,100000
2020-10-27 09:35:12.280,3.34,20000
2020-10-27 09:35:12.280,3.34,2000
2020-10-27 09:35:12.280,3.34,5000
2020-10-27 09:35:12.280,3.34,3000
2020-10-27 09:35:12.280,3.34,2000
2020-10-27 09:35:12.280,3.34,1400
2020-10-27 09:35:12.280,3.34,66300
2020-10-27 09:35:12.310,3.34,33700
2020-10-27 09:35:12.310,3.34,1500
2020-10-27 09:35:12.310,3.34,1500
2020-10-27 09:35:12.310,3.34,2000
2020-10-27 09:35:12.310,3.34,10000
2020-10-27 09:35:12.310,3.34,10000
2020-10-27 09:35:12.310,3.34,600
2020-10-27 09:35:12.310,3.34,3000
2020-10-27 09:35:12.310,3.34,5000
2020-10-27 09:35:12.310,3.34,500
2020-10-27 09:35:12.310,3.34,3000
2020-10-27 09:35:12.310,3.34,1000
2020-10-27 09:35:12.310,3.34,3000
2020-10-27 09:35:12.310,3.34,50000
2020-10-27 09:35:12.310,3.34,300
2020-10-27 09:35:12.310,3.34,500
2020-10-27 09:35:12.310,3.34,6000
2020-10-27 09:35:12.310,3.34,500
2020-10-27 09:35:12.310,3.34,200
2020-10-27 09:35:12.310,3.34,30000
2020-10-27 09:35:12.310,3.34,2000
2020-10-27 09:35:12.310,3.34,10000
2020-10-27 09:35:12.310,3.34,10000
2020-10-27 09:35:12.310,3.34,10000
2020-10-27 09:35:12.310,3.34,100
2020-10-27 09:35:12.310,3.34,3000
2020-10-27 09:35:12.310,3.34,1000
2020-10-27 09:35:12.310,3.34,39100
2020-10-27 09:35:12.310,3.34,5000
2020-10-27 09:35:12.310,3.34,1000
2020-10-27 09:35:12.310,3.34,2000
2020-10-27 09:35:12.310,3.34,10000
2020-10-27 09:35:12.310,3.34,1900
2020-10-27 09:35:12.720,3.34,5000
2020-10-27 09:35:12.790,3.34,100
2020-10-27 09:35:12.930,3.34,600
2020-10-27 09:35:13.390,3.34,2200
2020-10-27 09:35:14.170,3.34,300
2020-10-27 09:35:14.460,3.34,1400
2020-10-27 09:35:14.770,3.34,100
2020-10-27 09:35:15.020,3.34,20000
2020-10-27 09:35:15.110,3.34,900
2020-10-27 09:35:15.200,3.34,100
2020-10-27 09:35:15.430,3.34,2000
2020-10-27 09:35:15.990,3.339,4100
2020-10-27 09:35:15.990,3.339,900
2020-10-27 09:35:15.990,3.339,1000
2020-10-27 09:35:15.990,3.339,300
2020-10-27 09:35:15.990,3.339,200
2020-10-27 09:35:15.990,3.339,5000
2020-10-27 09:35:15.990,3.339,2200
2020-10-27 09:35:15.990,3.339,2000
2020-10-27 09:35:15.990,3.339,2300
2020-10-27 09:35:16.240,3.34,100
2020-10-27 09:35:16.470,3.34,9900
2020-10-27 09:35:16.470,3.34,2000
2020-10-27 09:35:16.910,3.34,2400
2020-10-27 09:35:17.300,3.34,200
2020-10-27 09:35:17.800,3.34,10000
2020-10-27 09:35:18.130,3.34,5000
2020-10-27 09:35:19.410,3.34,63400
2020-10-27 09:35:20.260,3.34,2000
2020-10-27 09:35:20.910,3.339,100
2020-10-27 09:35:20.940,3.34,5000
2020-10-27 09:35:21.500,3.34,1000
2020-10-27 09:35:21.590,3.34,100000
2020-10-27 09:35:21.590,3.34,2300
2020-10-27 09:35:21.860,3.339,3000
2020-10-27 09:35:21.960,3.339,400
2020-10-27 09:35:22.130,3.34,6000
2020-10-27 09:35:22.190,3.34,1000
2020-10-27 09:35:22.260,3.34,99700
2020-10-27 09:35:22.260,3.34,300
2020-10-27 09:35:22.450,3.34,1300
2020-10-27 09:35:23.200,3.34,1000
2020-10-27 09:35:23.330,3.34,27400
2020-10-27 09:35:23.330,3.34,72600
2020-10-27 09:35:23.490,3.34,227400
2020-10-27 09:35:23.490,3.34,10000
2020-10-27 09:35:23.490,3.34,25000
2020-10-27 09:35:23.490,3.34,114800
2020-10-27 09:35:24.110,3.341,67200
2020-10-27 09:35:26.640,3.342,24600
2020-10-27 09:35:26.640,3.342,100000
2020-10-27 09:35:26.640,3.342,25400
2020-10-27 09:35:27.170,3.341,7600
2020-10-27 09:35:28.300,3.34,100
2020-10-27 09:35:29.010,3.34,300000
2020-10-27 09:35:29.080,3.34,100
2020-10-27 09:35:29.910,3.341,200
2020-10-27 09:35:32.060,3.341,5000
2020-10-27 09:35:33.840,3.34,400
2020-10-27 09:35:34.060,3.341,1000
2020-10-27 09:35:34.100,3.341,5000
2020-10-27 09:35:34.340,3.341,800
2020-10-27 09:35:34.910,3.341,5000
2020-10-27 09:35:35.070,3.341,200
2020-10-27 09:35:35.130,3.341,500
2020-10-27 09:35:35.160,3.341,1000
2020-10-27 09:35:35.930,3.341,1000
2020-10-27 09:35:36.160,3.341,10000
2020-10-27 09:35:36.750,3.341,2900
2020-10-27 09:35:37.120,3.341,23100
2020-10-27 09:35:37.660,3.341,8600
2020-10-27 09:35:37.870,3.341,5000
2020-10-27 09:35:38.980,3.341,1400
2020-10-27 09:35:39.130,3.341,7400
2020-10-27 09:35:39.910,3.34,10000
2020-10-27 09:35:40.010,3.34,300
2020-10-27 09:35:40.730,3.341,90300
2020-10-27 09:35:40.730,3.341,98000
2020-10-27 09:35:40.730,3.341,21000
2020-10-27 09:35:40.730,3.341,2000
2020-10-27 09:35:40.730,3.341,2700
2020-10-27 09:35:40.790,3.341,5000
2020-10-27 09:35:41.140,3.341,1000
2020-10-27 09:35:41.380,3.341,94200
2020-10-27 09:35:48.000,3.341,5000
2020-10-27 09:35:50.220,3.342,23000
2020-10-27 09:35:52.410,3.341,800
2020-10-27 09:35:52.910,3.341,1200
2020-10-27 09:35:54.690,3.341,178800
2020-10-27 09:35:54.690,3.341,1000
2020-10-27 09:35:54.690,3.341,500
2020-10-27 09:35:54.690,3.341,29500
2020-10-27 09:35:54.690,3.341,5000
2020-10-27 09:35:54.690,3.341,1400
2020-10-27 09:35:54.690,3.341,5000
2020-10-27 09:35:54.690,3.341,3000
2020-10-27 09:35:54.690,3.341,5000
2020-10-27 09:35:54.690,3.341,500
2020-10-27 09:35:54.690,3.341,5000
2020-10-27 09:35:54.690,3.341,10000
2020-10-27 09:35:54.690,3.341,1300
2020-10-27 09:35:54.690,3.341,10000
2020-10-27 09:35:54.690,3.341,8000
2020-10-27 09:35:54.690,3.341,36000
2020-10-27 09:35:55.310,3.342,4200
2020-10-27 09:35:55.420,3.341,70400
2020-10-27 09:35:55.420,3.341,10000
2020-10-27 09:35:55.420,3.341,5000
2020-10-27 09:35:55.420,3.341,1000
2020-10-27 09:35:55.420,3.341,100
2020-10-27 09:35:55.420,3.341,30000
2020-10-27 09:35:55.420,3.341,1000
2020-10-27 09:35:55.770,3.341,5100
2020-10-27 09:35:56.830,3.341,4000
2020-10-27 09:35:57.050,3.341,200
2020-10-27 09:35:57.390,3.341,4000
2020-10-27 09:35:57.450,3.341,11000
2020-10-27 09:35:57.550,3.341,20000
2020-10-27 09:35:58.080,3.34,2400
2020-10-27 09:35:58.340,3.341,20000
2020-10-27 09:35:58.500,3.341,3000
2020-10-27 09:35:58.590,3.341,120000
2020-10-27 09:35:58.840,3.341,200
2020-10-27 09:35:59.330,3.341,200
2020-10-27 09:35:59.330,3.341,200
2020-10-27 09:35:59.330,3.341,600
2020-10-27 09:35:59.520,3.341,20000
2020-10-27 09:35:59.830,3.341,5700
2020-10-27 09:35:59.930,3.341,5000
2020-10-27 09:36:00.060,3.341,58700
2020-10-27 09:36:00.060,3.341,60000
2020-10-27 09:36:01.070,3.343,900
2020-10-27 09:36:01.070,3.343,4100
2020-10-27 09:36:03.420,3.342,6000
2020-10-27 09:36:04.160,3.341,90000
2020-10-27 09:36:07.600,3.341,2500
2020-10-27 09:36:07.920,3.342,1000
2020-10-27 09:36:08.230,3.341,15000
2020-10-27 09:36:08.290,3.342,4300
2020-10-27 09:36:08.820,3.342,29000
2020-10-27 09:36:08.910,3.341,3000
2020-10-27 09:36:09.090,3.342,19700
2020-10-27 09:36:09.090,3.342,30300
2020-10-27 09:36:09.460,3.342,20000
2020-10-27 09:36:09.770,3.341,10000
2020-10-27 09:36:10.290,3.342,30000
2020-10-27 09:36:11.130,3.342,9700
2020-10-27 09:36:11.130,3.342,30300
2020-10-27 09:36:11.540,3.342,29700
2020-10-27 09:36:12.200,3.342,1900
2020-10-27 09:36:12.570,3.342,60000
2020-10-27 09:36:13.170,3.343,5000
2020-10-27 09:36:17.360,3.342,14100
2020-10-27 09:36:17.770,3.342,10800
2020-10-27 09:36:19.950,3.343,5000
2020-10-27 09:36:19.950,3.343,5000
2020-10-27 09:36:20.080,3.343,100
2020-10-27 09:36:21.580,3.343,14900
2020-10-27 09:36:21.580,3.343,600
2020-10-27 09:36:21.580,3.343,34500
2020-10-27 09:36:21.940,3.343,15000
2020-10-27 09:36:22.710,3.342,14100
2020-10-27 09:36:25.940,3.343,500
2020-10-27 09:36:25.940,3.343,400
2020-10-27 09:36:25.940,3.343,4100
2020-10-27 09:36:26.400,3.343,2000
2020-10-27 09:36:26.400,3.343,1000
2020-10-27 09:36:26.400,3.343,2000
2020-10-27 09:36:26.550,3.344,11800
2020-10-27 09:36:26.550,3.344,1500
2020-10-27 09:36:29.000,3.344,3000
2020-10-27 09:36:29.470,3.344,1000
2020-10-27 09:36:29.690,3.343,3000
2020-10-27 09:36:29.690,3.343,100000
2020-10-27 09:36:29.690,3.343,1000
2020-10-27 09:36:29.690,3.343,5000
2020-10-27 09:36:29.690,3.343,5000
2020-10-27 09:36:29.690,3.343,1000
2020-10-27 09:36:29.690,3.343,10900
2020-10-27 09:36:29.690,3.343,2700
2020-10-27 09:36:29.690,3.343,11700
2020-10-27 09:36:29.690,3.343,10000
2020-10-27 09:36:29.690,3.343,5000
2020-10-27 09:36:29.690,3.343,7000
2020-10-27 09:36:29.690,3.343,3000
2020-10-27 09:36:29.690,3.343,10000
2020-10-27 09:36:30.100,3.343,1000
2020-10-27 09:36:30.900,3.343,500
2020-10-27 09:36:31.310,3.343,50000
2020-10-27 09:36:31.450,3.343,10000
2020-10-27 09:36:31.450,3.343,5000
2020-10-27 09:36:31.580,3.343,1000
2020-10-27 09:36:32.050,3.343,300
2020-10-27 09:36:32.330,3.343,14900
2020-10-27 09:36:33.200,3.343,2000
2020-10-27 09:36:33.450,3.343,1900
2020-10-27 09:36:33.920,3.343,2000
2020-10-27 09:36:34.140,3.343,5000
2020-10-27 09:36:35.770,3.342,7400
2020-10-27 09:36:35.770,3.342,35000
2020-10-27 09:36:35.770,3.342,100
2020-10-27 09:36:35.770,3.342,100
2020-10-27 09:36:35.770,3.342,1600
2020-10-27 09:36:35.770,3.342,10100
2020-10-27 09:36:35.770,3.342,30000
2020-10-27 09:36:35.770,3.342,1000
2020-10-27 09:36:35.770,3.342,1000
2020-10-27 09:36:35.770,3.342,300
2020-10-27 09:36:35.770,3.342,15000
2020-10-27 09:36:35.770,3.342,20000
2020-10-27 09:36:35.770,3.342,36000
2020-10-27 09:36:35.770,3.342,3000
2020-10-27 09:36:35.770,3.342,3000
2020-10-27 09:36:35.770,3.342,3100
2020-10-27 09:36:35.770,3.342,900
2020-10-27 09:36:35.770,3.342,1500
2020-10-27 09:36:35.770,3.342,500
2020-10-27 09:36:35.770,3.342,1000
2020-10-27 09:36:35.770,3.342,2000
2020-10-27 09:36:35.770,3.342,400
2020-10-27 09:36:35.770,3.342,1000
2020-10-27 09:36:35.770,3.342,1000
2020-10-27 09:36:35.770,3.342,100
2020-10-27 09:36:35.770,3.342,1000
2020-10-27 09:36:35.770,3.342,500
2020-10-27 09:36:35.770,3.342,700
2020-10-27 09:36:35.770,3.342,122700
2020-10-27 09:36:36.040,3.342,99500
2020-10-27 09:36:36.040,3.342,1000
2020-10-27 09:36:36.460,3.341,2500
2020-10-27 09:36:36.830,3.342,3000
2020-10-27 09:36:37.240,3.342,100
2020-10-27 09:36:37.550,3.342,10000
2020-10-27 09:36:37.780,3.342,30000
2020-10-27 09:36:38.460,3.342,500
2020-10-27 09:36:39.090,3.342,10000
2020-10-27 09:36:39.120,3.342,100
2020-10-27 09:36:39.240,3.342,3000
2020-10-27 09:36:40.310,3.342,100
2020-10-27 09:36:40.310,3.342,100
2020-10-27 09:36:40.500,3.342,200
2020-10-27 09:36:40.560,3.342,1000
2020-10-27 09:36:40.620,3.342,5000
2020-10-27 09:36:40.960,3.342,300
2020-10-27 09:36:41.510,3.342,400
2020-10-27 09:36:41.700,3.342,2000
2020-10-27 09:36:41.810,3.342,9900
2020-10-27 09:36:41.850,3.342,7000
2020-10-27 09:36:42.610,3.342,2000
2020-10-27 09:36:43.030,3.342,5000
2020-10-27 09:36:44.400,3.342,200
2020-10-27 09:36:44.430,3.342,500
2020-10-27 09:36:45.010,3.342,500
2020-10-27 09:36:45.050,3.341,58300
2020-10-27 09:36:45.050,3.341,20000
2020-10-27 09:36:45.050,3.341,3000
2020-10-27 09:36:45.050,3.341,1000
2020-10-27 09:36:45.050,3.341,4000
2020-10-27 09:36:45.050,3.341,4100
2020-10-27 09:36:45.050,3.341,7700
2020-10-27 09:36:45.050,3.341,1000
2020-10-27 09:36:45.050,3.341,15700
2020-10-27 09:36:45.050,3.341,1100
2020-10-27 09:36:45.050,3.341,5000
2020-10-27 09:36:45.050,3.341,1000
2020-10-27 09:36:45.050,3.341,4800
2020-10-27 09:36:45.050,3.341,1000
2020-10-27 09:36:45.050,3.341,5000
2020-10-27 09:36:45.050,3.341,10000
2020-10-27 09:36:45.050,3.341,6800
2020-10-27 09:36:45.050,3.341,500
2020-10-27 09:36:45.050,3.341,800
2020-10-27 09:36:45.050,3.341,2000
2020-10-27 09:36:45.050,3.341,5000
2020-10-27 09:36:45.050,3.341,10000
2020-10-27 09:36:45.050,3.341,400
2020-10-27 09:36:45.050,3.341,3000
2020-10-27 09:36:45.050,3.341,5000
2020-10-27 09:36:45.050,3.341,200
2020-10-27 09:36:45.050,3.341,10000
2020-10-27 09:36:45.050,3.341,5000
2020-10-27 09:36:45.050,3.341,9000
2020-10-27 09:36:45.050,3.341,6500
2020-10-27 09:36:45.050,3.341,3000
2020-10-27 09:36:45.050,3.341,500
2020-10-27 09:36:45.050,3.341,200
2020-10-27 09:36:45.050,3.341,10000
2020-10-27 09:36:45.050,3.341,4000
2020-10-27 09:36:45.050,3.341,100
2020-10-27 09:36:45.050,3.341,10000
2020-10-27 09:36:45.050,3.341,10000
2020-10-27 09:36:45.050,3.341,2000
2020-10-27 09:36:45.050,3.341,1000
2020-10-27 09:36:45.050,3.341,30000
2020-10-27 09:36:45.050,3.341,10000
2020-10-27 09:36:45.050,3.341,100
2020-10-27 09:36:45.050,3.341,5000
2020-10-27 09:36:45.050,3.341,7200
2020-10-27 09:36:47.330,3.341,22200
2020-10-27 09:36:47.330,3.341,900
2020-10-27 09:36:47.330,3.341,5000
2020-10-27 09:36:47.330,3.341,500
2020-10-27 09:36:47.330,3.341,5000
2020-10-27 09:36:47.330,3.341,500
2020-10-27 09:36:47.520,3.341,500
2020-10-27 09:36:47.670,3.341,14200
2020-10-27 09:36:47.860,3.342,5000
2020-10-27 09:36:48.100,3.341,15800
2020-10-27 09:36:48.420,3.341,35000
2020-10-27 09:36:48.460,3.341,4000
2020-10-27 09:36:48.590,3.341,300
2020-10-27 09:36:49.940,3.341,3000
2020-10-27 09:36:50.200,3.34,17500
2020-10-27 09:36:50.200,3.34,282500
2020-10-27 09:36:50.490,3.341,5000
2020-10-27 09:36:50.550,3.341,200
2020-10-27 09:36:50.980,3.341,600
2020-10-27 09:36:51.360,3.34,300000
2020-10-27 09:36:51.390,3.341,5000
2020-10-27 09:36:51.490,3.34,217500
2020-10-27 09:36:51.490,3.34,3000
2020-10-27 09:36:51.490,3.34,600
2020-10-27 09:36:51.490,3.34,5000
2020-10-27 09:36:51.490,3.34,1000
2020-10-27 09:36:51.490,3.34,3000
2020-10-27 09:36:51.490,3.34,2900
2020-10-27 09:36:51.490,3.34,100
2020-10-27 09:36:51.490,3.34,10000
2020-10-27 09:36:51.490,3.34,5000
2020-10-27 09:36:51.490,3.34,5000
2020-10-27 09:36:51.490,3.34,10000
2020-10-27 09:36:51.490,3.34,25000
2020-10-27 09:36:51.490,3.34,1000
2020-10-27 09:36:51.490,3.34,5000
2020-10-27 09:36:51.490,3.34,400
2020-10-27 09:36:51.490,3.34,100
2020-10-27 09:36:51.490,3.34,300
2020-10-27 09:36:51.490,3.34,5000
2020-10-27 09:36:51.490,3.34,100
2020-10-27 09:36:51.820,3.341,30000
2020-10-27 09:36:52.460,3.341,10000
2020-10-27 09:36:52.460,3.341,10000
2020-10-27 09:36:53.200,3.341,500
2020-10-27 09:36:53.260,3.341,1500
2020-10-27 09:36:53.420,3.341,10000
2020-10-27 09:36:53.500,3.341,29900
2020-10-27 09:36:53.560,3.34,800
2020-10-27 09:36:53.560,3.34,5000
2020-10-27 09:36:53.560,3.34,200
2020-10-27 09:36:53.560,3.34,300
2020-10-27 09:36:53.560,3.34,2000
2020-10-27 09:36:53.560,3.34,2000
2020-10-27 09:36:53.560,3.34,1000
2020-10-27 09:36:53.560,3.34,400
2020-10-27 09:36:53.560,3.34,4000
2020-10-27 09:36:53.560,3.34,1800
2020-10-27 09:36:53.560,3.34,1500
2020-10-27 09:36:53.560,3.34,8700
2020-10-27 09:36:53.560,3.34,5000
2020-10-27 09:36:53.560,3.34,15000
2020-10-27 09:36:53.560,3.34,5000
2020-10-27 09:36:53.560,3.34,5000
2020-10-27 09:36:53.560,3.34,1000
2020-10-27 09:36:53.560,3.34,1200
2020-10-27 09:36:53.560,3.34,2000
2020-10-27 09:36:53.560,3.34,1200
2020-10-27 09:36:53.560,3.34,100
2020-10-27 09:36:53.560,3.34,4000
2020-10-27 09:36:53.560,3.34,21000
2020-10-27 09:36:53.560,3.34,100
2020-10-27 09:36:53.560,3.34,1000
2020-10-27 09:36:53.560,3.34,2000
2020-10-27 09:36:53.560,3.34,100
2020-10-27 09:36:53.560,3.34,300
2020-10-27 09:36:53.560,3.34,67500
2020-10-27 09:36:53.560,3.34,500
2020-10-27 09:36:53.560,3.34,3000
2020-10-27 09:36:53.560,3.34,2000
2020-10-27 09:36:53.560,3.34,15100
2020-10-27 09:36:53.560,3.34,15000
2020-10-27 09:36:53.560,3.34,3000
2020-10-27 09:36:53.560,3.34,5000
2020-10-27 09:36:53.560,3.34,1400
2020-10-27 09:36:53.560,3.34,200
2020-10-27 09:36:53.560,3.34,3000
2020-10-27 09:36:53.560,3.34,100
2020-10-27 09:36:53.560,3.34,5000
2020-10-27 09:36:53.560,3.34,10000
2020-10-27 09:36:53.560,3.34,1000
2020-10-27 09:36:53.560,3.34,1000
2020-10-27 09:36:53.560,3.34,1000
2020-10-27 09:36:53.560,3.34,5000
2020-10-27 09:36:53.560,3.34,5000
2020-10-27 09:36:53.560,3.34,100
2020-10-27 09:36:53.560,3.34,3700
2020-10-27 09:36:53.560,3.34,10000
2020-10-27 09:36:53.560,3.34,1000
2020-10-27 09:36:53.560,3.34,4000
2020-10-27 09:36:53.560,3.34,1000
2020-10-27 09:36:53.560,3.34,5000
2020-10-27 09:36:53.560,3.34,5000
2020-10-27 09:36:53.560,3.34,15400
2020-10-27 09:36:53.560,3.34,900
2020-10-27 09:36:53.560,3.34,1000
2020-10-27 09:36:53.560,3.34,900
2020-10-27 09:36:53.720,3.34,100
2020-10-27 09:36:54.000,3.339,5700
2020-10-27 09:36:54.070,3.34,1000
2020-10-27 09:36:54.100,3.339,8500
2020-10-27 09:36:54.100,3.339,700
2020-10-27 09:36:54.100,3.339,11000
2020-10-27 09:36:54.100,3.339,1000
2020-10-27 09:36:54.100,3.339,3000
2020-10-27 09:36:54.100,3.339,1000
2020-10-27 09:36:54.100,3.339,600
2020-10-27 09:36:54.100,3.339,1000
2020-10-27 09:36:54.100,3.339,200
2020-10-27 09:36:54.100,3.339,500
2020-10-27 09:36:54.100,3.339,600
2020-10-27 09:36:54.100,3.339,1000
2020-10-27 09:36:54.100,3.339,40000
2020-10-27 09:36:54.100,3.339,5000
2020-10-27 09:36:54.100,3.339,100
2020-10-27 09:36:54.100,3.339,4900
2020-10-27 09:36:54.100,3.339,1000
2020-10-27 09:36:54.100,3.339,1000
2020-10-27 09:36:54.100,3.339,100
2020-10-27 09:36:54.100,3.339,2900
2020-10-27 09:36:54.100,3.339,3000
2020-10-27 09:36:54.100,3.339,3000
2020-10-27 09:36:54.100,3.339,5000
2020-10-27 09:36:54.100,3.339,100
2020-10-27 09:36:54.100,3.339,5000
2020-10-27 09:36:54.100,3.339,5000
2020-10-27 09:36:54.100,3.339,3000
2020-10-27 09:36:54.100,3.339,10000
2020-10-27 09:36:54.100,3.339,500
2020-10-27 09:36:54.100,3.339,100
2020-10-27 09:36:54.100,3.339,500
2020-10-27 09:36:54.100,3.339,5000
2020-10-27 09:36:54.100,3.339,100
2020-10-27 09:36:54.100,3.339,5000
2020-10-27 09:36:54.100,3.339,6600
2020-10-27 09:36:54.100,3.339,4000
2020-10-27 09:36:54.100,3.339,4000
2020-10-27 09:36:54.100,3.339,200
2020-10-27 09:36:54.100,3.339,800
2020-10-27 09:36:54.100,3.339,2000
2020-10-27 09:36:54.100,3.339,500
2020-10-27 09:36:54.100,3.339,5000
2020-10-27 09:36:54.100,3.339,500
2020-10-27 09:36:54.100,3.339,2000
2020-10-27 09:36:54.100,3.339,1000
2020-10-27 09:36:54.100,3.339,5000
2020-10-27 09:36:54.100,3.339,100
2020-10-27 09:36:54.100,3.339,3000
2020-10-27 09:36:54.100,3.339,500
2020-10-27 09:36:54.100,3.339,1000
2020-10-27 09:36:54.100,3.339,1000
2020-10-27 09:36:54.100,3.339,6000
2020-10-27 09:36:54.310,3.339,10000
2020-10-27 09:36:54.370,3.339,800
2020-10-27 09:36:54.400,3.339,1000
2020-10-27 09:36:54.470,3.338,900
2020-10-27 09:36:54.470,3.338,200
2020-10-27 09:36:54.470,3.338,200
2020-10-27 09:36:54.470,3.338,2000
2020-10-27 09:36:54.470,3.338,10000
2020-10-27 09:36:54.470,3.338,3000
2020-10-27 09:36:54.470,3.338,300
2020-10-27 09:36:54.470,3.338,11000
2020-10-27 09:36:54.470,3.338,6000
2020-10-27 09:36:54.470,3.338,6000
2020-10-27 09:36:54.470,3.338,3200
2020-10-27 09:36:54.470,3.338,300
2020-10-27 09:36:54.470,3.338,30000
2020-10-27 09:36:54.470,3.338,20000
2020-10-27 09:36:54.470,3.338,1000
2020-10-27 09:36:54.470,3.338,200
2020-10-27 09:36:54.470,3.338,2000
2020-10-27 09:36:54.470,3.338,200
2020-10-27 09:36:54.470,3.338,1500
2020-10-27 09:36:54.470,3.338,5000
2020-10-27 09:36:54.470,3.338,600
2020-10-27 09:36:54.470,3.338,200
2020-10-27 09:36:54.470,3.338,3000
2020-10-27 09:36:54.470,3.338,300
2020-10-27 09:36:54.470,3.338,100
2020-10-27 09:36:54.470,3.338,100
2020-10-27 09:36:54.470,3.338,100
2020-10-27 09:36:54.470,3.338,5000
2020-10-27 09:36:54.470,3.338,1000
2020-10-27 09:36:54.470,3.338,5000
2020-10-27 09:36:54.470,3.338,100
2020-10-27 09:36:54.470,3.338,11500
2020-10-27 09:36:55.090,3.339,1000
2020-10-27 09:36:55.130,3.339,200
2020-10-27 09:36:55.660,3.339,1000
2020-10-27 09:36:55.720,3.339,1400
2020-10-27 09:36:56.190,3.339,300
2020-10-27 09:36:56.280,3.339,35000
2020-10-27 09:36:56.560,3.339,1200
2020-10-27 09:36:56.850,3.339,900
2020-10-27 09:36:56.880,3.339,50000
2020-10-27 09:36:57.500,3.339,100
2020-10-27 09:36:57.500,3.339,1000
2020-10-27 09:36:57.590,3.339,300
2020-10-27 09:36:57.760,3.339,1300
2020-10-27 09:36:58.240,3.339,21900
2020-10-27 09:36:58.240,3.34,15400
2020-10-27 09:36:58.240,3.34,12700
2020-10-27 09:36:58.270,3.34,20000
2020-10-27 09:36:58.500,3.34,20000
2020-10-27 09:36:58.670,3.34,900
2020-10-27 09:36:59.300,3.338,8500
2020-10-27 09:36:59.300,3.338,100
2020-10-27 09:36:59.300,3.338,1100
2020-10-27 09:36:59.300,3.338,100
2020-10-27 09:36:59.300,3.338,5000
2020-10-27 09:36:59.300,3.338,200
2020-10-27 09:36:59.300,3.338,2700
2020-10-27 09:36:59.300,3.338,10000
2020-10-27 09:36:59.300,3.338,100
2020-10-27 09:36:59.300,3.338,3000
2020-10-27 09:36:59.300,3.338,100
2020-10-27 09:36:59.300,3.338,100
2020-10-27 09:36:59.300,3.338,10000
2020-10-27 09:36:59.300,3.338,1000
2020-10-27 09:36:59.300,3.338,30000
2020-10-27 09:36:59.300,3.338,14300
2020-10-27 09:37:00.550,3.338,30000
2020-10-27 09:37:01.890,3.34,5000
2020-10-27 09:37:02.450,3.34,2800
2020-10-27 09:37:03.120,3.34,1000
2020-10-27 09:37:03.500,3.34,4000
2020-10-27 09:37:03.980,3.34,100
2020-10-27 09:37:05.060,3.34,200
2020-10-27 09:37:05.460,3.34,3400
2020-10-27 09:37:06.220,3.34,200
2020-10-27 09:37:06.320,3.34,700
2020-10-27 09:37:07.870,3.34,12600
2020-10-27 09:37:07.870,3.34,2400
2020-10-27 09:37:07.990,3.339,100
2020-10-27 09:37:08.330,3.34,3000
2020-10-27 09:37:08.660,3.34,10000
2020-10-27 09:37:10.640,3.34,400
2020-10-27 09:37:11.110,3.34,14200
2020-10-27 09:37:11.110,3.34,16800
2020-10-27 09:37:11.110,3.34,5800
2020-10-27 09:37:11.110,3.34,63200
2020-10-27 09:37:11.170,3.34,10000
2020-10-27 09:37:11.570,3.339,200
2020-10-27 09:37:11.570,3.339,100
2020-10-27 09:37:11.960,3.34,3000
2020-10-27 09:37:12.590,3.34,3800
2020-10-27 09:37:12.590,3.34,3200
2020-10-27 09:37:13.290,3.34,70000
2020-10-27 09:37:13.840,3.34,15400
2020-10-27 09:37:13.840,3.34,100
2020-10-27 09:37:14.220,3.34,3000
2020-10-27 09:37:14.310,3.34,100
2020-10-27 09:37:15.490,3.341,800
2020-10-27 09:37:21.750,3.341,10000
2020-10-27 09:37:22.390,3.341,1000
2020-10-27 09:37:22.450,3.34,200
2020-10-27 09:37:23.230,3.341,400
2020-10-27 09:37:23.440,3.341,2000
2020-10-27 09:37:23.980,3.341,1800
2020-10-27 09:37:24.200,3.341,200
2020-10-27 09:37:24.360,3.341,123100
2020-10-27 09:37:24.360,3.341,60000
2020-10-27 09:37:25.710,3.341,55600
2020-10-27 09:37:26.300,3.342,50000
2020-10-27 09:37:28.140,3.341,700
2020-10-27 09:37:30.280,3.342,1800
2020-10-27 09:37:32.290,3.341,100
2020-10-27 09:37:32.320,3.342,98000
2020-10-27 09:37:32.320,3.342,100
2020-10-27 09:37:32.320,3.342,10000
2020-10-27 09:37:32.320,3.342,60000
2020-10-27 09:37:33.500,3.342,1900
2020-10-27 09:37:33.500,3.342,58100
2020-10-27 09:37:35.860,3.342,20000
2020-10-27 09:37:35.860,3.342,125900
2020-10-27 09:37:36.080,3.342,200
2020-10-27 09:37:36.140,3.342,4500
2020-10-27 09:37:36.460,3.342,200
2020-10-27 09:37:36.980,3.343,100
2020-10-27 09:37:36.980,3.343,1900
2020-10-27 09:37:36.980,3.343,40000
2020-10-27 09:37:36.980,3.343,1500
2020-10-27 09:37:36.980,3.343,20200
2020-10-27 09:37:36.980,3.343,25000
2020-10-27 09:37:38.030,3.343,2000
2020-10-27 09:37:39.070,3.343,10000
2020-10-27 09:37:39.540,3.343,400
2020-10-27 09:37:40.640,3.343,2500
2020-10-27 09:37:40.840,3.343,4000
2020-10-27 09:37:41.980,3.343,8700
2020-10-27 09:37:42.290,3.344,13000
2020-10-27 09:37:42.290,3.344,1800
2020-10-27 09:37:43.190,3.343,5900
2020-10-27 09:37:43.870,3.344,100
2020-10-27 09:37:45.450,3.344,800
2020-10-27 09:37:46.790,3.344,100
2020-10-27 09:37:46.790,3.343,2500
2020-10-27 09:37:49.360,3.345,5000
2020-10-27 09:37:49.360,3.345,45000
2020-10-27 09:37:49.390,3.344,400
2020-10-27 09:37:49.850,3.345,5000
2020-10-27 09:37:49.850,3.345,45000
2020-10-27 09:37:50.010,3.345,3000
2020-10-27 09:37:52.990,3.344,1000
2020-10-27 09:37:52.990,3.344,1000
2020-10-27 09:37:53.130,3.344,200
2020-10-27 09:37:53.130,3.344,2800
2020-10-27 09:37:53.310,3.345,1000
2020-10-27 09:37:54.200,3.345,4000
2020-10-27 09:37:54.920,3.344,2200
2020-10-27 09:37:54.920,3.344,3000
2020-10-27 09:37:54.920,3.344,4000
2020-10-27 09:37:55.010,3.344,28500
2020-10-27 09:37:55.300,3.345,1000
2020-10-27 09:37:55.650,3.345,500
2020-10-27 09:37:57.740,3.345,100
2020-10-27 09:37:58.560,3.345,24600
2020-10-27 09:38:00.040,3.345,37300
2020-10-27 09:38:00.070,3.344,1600
2020-10-27 09:38:00.070,3.344,7200
2020-10-27 09:38:00.070,3.344,17300
2020-10-27 09:38:00.100,3.345,15000
2020-10-27 09:38:00.630,3.345,20000
2020-10-27 09:38:01.330,3.345,1500
2020-10-27 09:38:02.160,3.345,200
2020-10-27 09:38:04.790,3.344,22700
2020-10-27 09:38:04.790,3.344,5000
2020-10-27 09:38:04.790,3.344,10000
2020-10-27 09:38:04.790,3.344,2000
2020-10-27 09:38:04.790,3.344,1800
2020-10-27 09:38:05.340,3.343,700
2020-10-27 09:38:05.490,3.345,18800
2020-10-27 09:38:05.840,3.345,100
2020-10-27 09:38:06.090,3.344,2000
2020-10-27 09:38:06.460,3.344,10000
2020-10-27 09:38:06.550,3.344,5000
2020-10-27 09:38:06.870,3.344,4000
2020-10-27 09:38:07.980,3.344,200
2020-10-27 09:38:08.930,3.343,100000
2020-10-27 09:38:09.150,3.343,74600
2020-10-27 09:38:09.150,3.343,32800
2020-10-27 09:38:09.150,3.343,8200
2020-10-27 09:38:09.150,3.343,10000
2020-10-27 09:38:09.150,3.343,100
2020-10-27 09:38:09.150,3.343,500
2020-10-27 09:38:09.150,3.343,1000
2020-10-27 09:38:09.150,3.343,100
2020-10-27 09:38:09.150,3.343,3000
2020-10-27 09:38:09.150,3.343,15000
2020-10-27 09:38:09.150,3.343,500
2020-10-27 09:38:10.440,3.343,100
2020-10-27 09:38:10.800,3.343,100
2020-10-27 09:38:10.920,3.343,2000
2020-10-27 09:38:11.770,3.343,85500
2020-10-27 09:38:11.770,3.343,14500
2020-10-27 09:38:12.530,3.342,200
2020-10-27 09:38:12.530,3.342,285300
2020-10-27 09:38:14.820,3.343,300
2020-10-27 09:38:14.820,3.343,1000
2020-10-27 09:38:14.820,3.343,20000
2020-10-27 09:38:14.820,3.342,14700
2020-10-27 09:38:14.820,3.342,5000
2020-10-27 09:38:14.820,3.342,1300
2020-10-27 09:38:14.820,3.342,200
2020-10-27 09:38:14.820,3.342,1500
2020-10-27 09:38:14.820,3.342,1000
2020-10-27 09:38:14.820,3.342,700
2020-10-27 09:38:14.820,3.342,10000
2020-10-27 09:38:14.820,3.342,200
2020-10-27 09:38:14.820,3.342,300
2020-10-27 09:38:14.820,3.342,5000
2020-10-27 09:38:14.820,3.342,3000
2020-10-27 09:38:14.820,3.342,100
2020-10-27 09:38:14.820,3.342,6000
2020-10-27 09:38:14.820,3.342,2000
2020-10-27 09:38:14.820,3.342,20000
2020-10-27 09:38:14.820,3.342,11100
2020-10-27 09:38:16.980,3.343,700
2020-10-27 09:38:17.360,3.343,50000
2020-10-27 09:38:17.360,3.342,28900
2020-10-27 09:38:17.360,3.342,100
2020-10-27 09:38:17.360,3.342,11000
2020-10-27 09:38:18.100,3.344,1000
2020-10-27 09:38:19.140,3.344,15000
2020-10-27 09:38:19.140,3.344,5000
2020-10-27 09:38:19.380,3.344,7100
2020-10-27 09:38:19.470,3.344,27900
2020-10-27 09:38:21.650,3.345,20000
2020-10-27 09:38:21.810,3.345,160000
2020-10-27 09:38:22.500,3.345,59800
2020-10-27 09:38:22.800,3.345,2600
2020-10-27 09:38:22.800,3.345,1000
2020-10-27 09:38:22.800,3.345,15200
2020-10-27 09:38:22.800,3.345,1000
2020-10-27 09:38:22.800,3.345,400
2020-10-27 09:38:22.800,3.345,6000
2020-10-27 09:38:22.800,3.345,5900
2020-10-27 09:38:22.800,3.345,100
2020-10-27 09:38:22.800,3.345,1000
2020-10-27 09:38:22.800,3.345,25800
2020-10-27 09:38:22.800,3.345,8900
2020-10-27 09:38:23.420,3.345,2200
2020-10-27 09:38:25.080,3.346,5000
2020-10-27 09:38:25.080,3.346,2000
2020-10-27 09:38:25.080,3.346,5000
2020-10-27 09:38:25.080,3.346,3000
2020-10-27 09:38:25.080,3.346,5000
2020-10-27 09:38:25.290,3.345,10000
2020-10-27 09:38:27.050,3.345,10000
2020-10-27 09:38:27.310,3.345,100
2020-10-27 09:38:28.380,3.345,400
2020-10-27 09:38:29.070,3.346,5000
2020-10-27 09:38:29.750,3.346,3000
2020-10-27 09:38:30.190,3.346,3000
2020-10-27 09:38:30.250,3.346,34000
2020-10-27 09:38:30.250,3.346,11000
2020-10-27 09:38:30.250,3.346,10000
2020-10-27 09:38:30.250,3.346,300
2020-10-27 09:38:30.250,3.346,10000
2020-10-27 09:38:30.250,3.346,30000
2020-10-27 09:38:30.250,3.347,10000
2020-10-27 09:38:30.250,3.347,7100
2020-10-27 09:38:32.900,3.346,100
2020-10-27 09:38:34.940,3.345,21100
2020-10-27 09:38:35.890,3.346,1000
2020-10-27 09:38:36.790,3.346,3000
2020-10-27 09:38:36.860,3.345,90000
2020-10-27 09:38:37.050,3.345,1000
2020-10-27 09:38:37.050,3.345,23000
2020-10-27 09:38:37.460,3.346,10000
2020-10-27 09:38:37.810,3.346,500
2020-10-27 09:38:38.680,3.346,100
2020-10-27 09:38:39.170,3.346,20000
2020-10-27 09:38:39.400,3.346,25300
2020-10-27 09:38:39.400,3.346,273000
2020-10-27 09:38:39.680,3.345,74300
2020-10-27 09:38:39.680,3.345,200
2020-10-27 09:38:39.680,3.345,20000
2020-10-27 09:38:39.680,3.345,25500
2020-10-27 09:38:39.780,3.346,227000
2020-10-27 09:38:39.780,3.346,20000
2020-10-27 09:38:39.780,3.346,3000
2020-10-27 09:38:40.080,3.346,27000
2020-10-27 09:38:40.080,3.346,5000
2020-10-27 09:38:40.080,3.346,10000
2020-10-27 09:38:40.080,3.346,17000
2020-10-27 09:38:42.390,3.346,1000
2020-10-27 09:38:42.420,3.346,238300
2020-10-27 09:38:42.420,3.346,300100
2020-10-27 09:38:42.420,3.346,161600
2020-10-27 09:38:42.730,3.347,20000
2020-10-27 09:38:42.890,3.346,30000
2020-10-27 09:38:44.750,3.346,29000
2020-10-27 09:38:46.580,3.346,15000
2020-10-27 09:38:48.230,3.347,20000
2020-10-27 09:38:48.750,3.347,20000
2020-10-27 09:38:49.070,3.346,20000
2020-10-27 09:38:49.070,3.346,1000
2020-10-27 09:38:49.290,3.346,2000
2020-10-27 09:38:49.290,3.346,3000
2020-10-27 09:38:50.830,3.347,300
2020-10-27 09:38:51.270,3.347,25600
2020-10-27 09:38:51.270,3.347,10000
2020-10-27 09:38:51.270,3.347,11000
2020-10-27 09:38:51.270,3.347,100
2020-10-27 09:38:51.270,3.347,900
2020-10-27 09:38:51.270,3.347,3200
2020-10-27 09:38:51.270,3.347,10000
2020-10-27 09:38:51.380,3.348,100
2020-10-27 09:38:51.380,3.348,3900
2020-10-27 09:38:51.960,3.347,89800
2020-10-27 09:38:53.130,3.347,4800
2020-10-27 09:38:53.460,3.347,144600
2020-10-27 09:38:53.460,3.347,3000
2020-10-27 09:38:53.460,3.347,10000
2020-10-27 09:38:53.460,3.346,5000
2020-10-27 09:38:53.460,3.346,20000
2020-10-27 09:38:54.930,3.346,30000
2020-10-27 09:38:55.640,3.346,600
2020-10-27 09:38:56.300,3.346,3200
2020-10-27 09:38:56.390,3.346,5000
2020-10-27 09:38:56.690,3.346,20000
2020-10-27 09:38:57.460,3.346,100
2020-10-27 09:38:59.100,3.346,100
2020-10-27 09:38:59.340,3.346,140000
2020-10-27 09:38:59.670,3.346,20000
2020-10-27 09:39:00.020,3.346,600
2020-10-27 09:39:00.990,3.346,3600
2020-10-27 09:39:01.270,3.346,500
2020-10-27 09:39:01.360,3.346,93700
2020-10-27 09:39:01.360,3.346,7200
2020-10-27 09:39:02.540,3.346,1000
2020-10-27 09:39:03.220,3.346,1000
2020-10-27 09:39:03.340,3.346,3000
2020-10-27 09:39:03.370,3.347,1000
2020-10-27 09:39:04.300,3.346,7000
2020-10-27 09:39:05.120,3.347,20000
2020-10-27 09:39:06.970,3.347,69000
2020-10-27 09:39:06.970,3.347,300
2020-10-27 09:39:07.850,3.346,3000
2020-10-27 09:39:09.640,3.347,8900
2020-10-27 09:39:11.310,3.347,200
2020-10-27 09:39:13.330,3.347,1500
2020-10-27 09:39:13.860,3.348,2000
2020-10-27 09:39:16.210,3.348,1800
2020-10-27 09:39:16.540,3.348,100
2020-10-27 09:39:18.270,3.347,3900
2020-10-27 09:39:19.200,3.348,25000
2020-10-27 09:39:19.200,3.348,11000
2020-10-27 09:39:19.200,3.348,5000
2020-10-27 09:39:19.200,3.348,5000
2020-10-27 09:39:19.200,3.348,10000
2020-10-27 09:39:19.200,3.348,36000
2020-10-27 09:39:19.200,3.348,500
2020-10-27 09:39:19.200,3.348,205800
2020-10-27 09:39:19.540,3.348,7100
2020-10-27 09:39:19.690,3.348,287100
2020-10-27 09:39:19.690,3.348,7500
2020-10-27 09:39:19.690,3.348,1000
2020-10-27 09:39:19.720,3.349,2000
2020-10-27 09:39:19.720,3.349,10000
2020-10-27 09:39:19.720,3.349,1800
2020-10-27 09:39:19.720,3.349,11000
2020-10-27 09:39:19.720,3.349,3000
2020-10-27 09:39:19.720,3.349,3000
2020-10-27 09:39:19.720,3.349,800
2020-10-27 09:39:19.720,3.349,268400
2020-10-27 09:39:20.320,3.349,300000
2020-10-27 09:39:21.110,3.348,2700
2020-10-27 09:39:21.110,3.348,10700
2020-10-27 09:39:24.140,3.349,100
2020-10-27 09:39:24.140,3.349,5000
2020-10-27 09:39:24.140,3.349,1000
2020-10-27 09:39:24.140,3.349,2000
2020-10-27 09:39:24.140,3.349,5000
2020-10-27 09:39:24.660,3.349,5000
2020-10-27 09:39:25.860,3.35,700
2020-10-27 09:39:27.740,3.35,1000
2020-10-27 09:39:27.740,3.35,100
2020-10-27 09:39:27.740,3.35,3000
2020-10-27 09:39:27.740,3.35,1400
2020-10-27 09:39:27.740,3.35,4000
2020-10-27 09:39:27.740,3.35,11000
2020-10-27 09:39:27.740,3.35,15000
2020-10-27 09:39:27.740,3.35,800
2020-10-27 09:39:27.740,3.35,1000
2020-10-27 09:39:27.740,3.35,2500
2020-10-27 09:39:27.740,3.35,10200
2020-10-27 09:39:27.930,3.35,50000
2020-10-27 09:39:27.930,3.35,7300
2020-10-27 09:39:27.930,3.35,2000
2020-10-27 09:39:27.930,3.35,10000
2020-10-27 09:39:27.930,3.35,2000
2020-10-27 09:39:27.930,3.35,100
2020-10-27 09:39:27.930,3.35,1000
2020-10-27 09:39:28.230,3.35,1000
2020-10-27 09:39:28.290,3.35,2500
2020-10-27 09:39:31.040,3.351,8000
2020-10-27 09:39:36.510,3.35,200
2020-10-27 09:39:36.760,3.351,3000
2020-10-27 09:39:37.330,3.351,6600
2020-10-27 09:39:37.330,3.351,500
2020-10-27 09:39:37.330,3.351,2900
2020-10-27 09:39:38.090,3.35,5000
2020-10-27 09:39:39.160,3.351,300
2020-10-27 09:39:39.250,3.35,3000
2020-10-27 09:39:40.000,3.35,2900
2020-10-27 09:39:41.890,3.35,2000
2020-10-27 09:39:42.420,3.35,11000
2020-10-27 09:39:42.420,3.35,6300
2020-10-27 09:39:42.420,3.35,2700
2020-10-27 09:39:47.250,3.351,200
2020-10-27 09:39:47.560,3.351,600
2020-10-27 09:39:47.780,3.35,7200
2020-10-27 09:39:47.780,3.35,5000
2020-10-27 09:39:47.780,3.35,1000
2020-10-27 09:39:47.780,3.35,65700
2020-10-27 09:39:47.780,3.35,5000
2020-10-27 09:39:48.370,3.35,5000
2020-10-27 09:39:51.330,3.35,3800
2020-10-27 09:39:52.860,3.349,100
2020-10-27 09:39:52.860,3.349,3000
2020-10-27 09:39:52.860,3.349,3000
2020-10-27 09:39:52.860,3.349,2000
2020-10-27 09:39:52.860,3.349,30000
2020-10-27 09:39:53.140,3.349,3500
2020-10-27 09:39:53.490,3.349,500
2020-10-27 09:39:53.490,3.349,3000
2020-10-27 09:39:53.490,3.349,2000
2020-10-27 09:39:53.730,3.349,1000
2020-10-27 09:39:53.940,3.349,44700
2020-10-27 09:39:53.940,3.35,5300
2020-10-27 09:39:54.000,3.35,50000
2020-10-27 09:39:55.600,3.35,800
2020-10-27 09:39:57.320,3.35,205000
2020-10-27 09:39:58.370,3.349,5000
2020-10-27 09:39:58.370,3.349,3000
2020-10-27 09:39:58.370,3.349,6900
2020-10-27 09:39:58.890,3.35,2000
2020-10-27 09:39:58.980,3.349,1800
2020-10-27 09:39:59.300,3.35,900
2020-10-27 09:39:59.360,3.35,600
2020-10-27 09:39:59.740,3.35,100
2020-10-27 09:40:01.310,3.35,3200
2020-10-27 09:40:01.420,3.35,1000
2020-10-27 09:40:02.450,3.35,19000
2020-10-27 09:40:03.860,3.349,500
2020-10-27 09:40:04.150,3.35,30000
2020-10-27 09:40:04.410,3.35,1000
2020-10-27 09:40:05.820,3.35,7000
2020-10-27 09:40:06.140,3.349,900
2020-10-27 09:40:06.600,3.349,8600
2020-10-27 09:40:06.600,3.349,300
2020-10-27 09:40:06.600,3.349,4300
2020-10-27 09:40:06.600,3.349,4000
2020-10-27 09:40:07.900,3.348,600
2020-10-27 09:40:07.900,3.348,400
2020-10-27 09:40:08.490,3.349,13600
2020-10-27 09:40:09.800,3.349,2000
2020-10-27 09:40:10.060,3.349,1800
2020-10-27 09:40:11.580,3.349,100
2020-10-27 09:40:13.010,3.349,100
2020-10-27 09:40:13.600,3.349,3000
2020-10-27 09:40:13.920,3.349,100
2020-10-27 09:40:14.260,3.348,2600
2020-10-27 09:40:14.260,3.348,100000
2020-10-27 09:40:14.260,3.348,3000
2020-10-27 09:40:14.260,3.348,194400
2020-10-27 09:40:14.740,3.348,2000
2020-10-27 09:40:15.820,3.348,101900
2020-10-27 09:40:15.820,3.348,1000
2020-10-27 09:40:15.820,3.348,4500
2020-10-27 09:40:15.820,3.348,3000
2020-10-27 09:40:15.820,3.348,1800
2020-10-27 09:40:15.820,3.348,15000
2020-10-27 09:40:16.290,3.348,1200
2020-10-27 09:40:17.730,3.348,2000
2020-10-27 09:40:17.920,3.348,300
2020-10-27 09:40:18.610,3.348,149300
2020-10-27 09:40:20.630,3.349,15000
2020-10-27 09:40:20.630,3.348,300900
2020-10-27 09:40:21.640,3.348,30000
2020-10-27 09:40:22.020,3.349,3000
2020-10-27 09:40:22.280,3.349,1300
2020-10-27 09:40:22.810,3.348,10500
2020-10-27 09:40:23.620,3.349,2000
2020-10-27 09:40:23.830,3.348,9300
2020-10-27 09:40:23.830,3.348,100
2020-10-27 09:40:23.830,3.348,40600
2020-10-27 09:40:25.110,3.349,1000
2020-10-27 09:40:27.850,3.348,10000
2020-10-27 09:40:28.740,3.348,1500
2020-10-27 09:40:29.530,3.348,47900
2020-10-27 09:40:29.530,3.348,1000
2020-10-27 09:40:29.530,3.348,1100
2020-10-27 09:40:29.690,3.349,300
2020-10-27 09:40:30.310,3.348,14200
2020-10-27 09:40:30.460,3.349,149500
2020-10-27 09:40:30.460,3.349,7500
2020-10-27 09:40:30.460,3.349,133000
2020-10-27 09:40:31.030,3.349,298300
2020-10-27 09:40:31.550,3.348,4700
2020-10-27 09:40:31.550,3.348,100
2020-10-27 09:40:31.550,3.348,25200
2020-10-27 09:40:33.080,3.348,2500
2020-10-27 09:40:37.610,3.348,3700
2020-10-27 09:40:38.580,3.349,100
2020-10-27 09:40:40.760,3.348,5000
2020-10-27 09:40:45.360,3.348,100
2020-10-27 09:40:49.890,3.348,300
2020-10-27 09:40:51.130,3.348,1500
2020-10-27 09:40:52.690,3.349,5000
2020-10-27 09:40:52.720,3.348,400
2020-10-27 09:40:53.920,3.349,1000
2020-10-27 09:40:55.330,3.349,4000
2020-10-27 09:40:55.810,3.349,500
2020-10-27 09:40:56.250,3.349,6000
2020-10-27 09:40:57.940,3.348,6100
2020-10-27 09:40:57.940,3.348,500
2020-10-27 09:40:57.940,3.348,2000
2020-10-27 09:40:57.940,3.348,200
2020-10-27 09:40:57.940,3.348,600
2020-10-27 09:40:57.940,3.348,600
2020-10-27 09:41:00.720,3.349,52100
2020-10-27 09:41:00.720,3.349,1400
2020-10-27 09:41:00.720,3.349,65900
2020-10-27 09:41:04.550,3.348,50000
2020-10-27 09:41:05.580,3.349,1900
2020-10-27 09:41:06.170,3.349,3000
2020-10-27 09:41:06.450,3.349,100
2020-10-27 09:41:10.270,3.349,300
2020-10-27 09:41:13.540,3.348,7000
2020-10-27 09:41:15.170,3.349,600
2020-10-27 09:41:18.670,3.348,87500
2020-10-27 09:41:18.670,3.348,2500
2020-10-27 09:41:20.270,3.348,47500
2020-10-27 09:41:20.270,3.348,700
2020-10-27 09:41:20.270,3.348,51200
2020-10-27 09:41:20.270,3.348,1000
2020-10-27 09:41:20.270,3.348,1000
2020-10-27 09:41:20.270,3.348,1000
2020-10-27 09:41:20.270,3.348,800
2020-10-27 09:41:22.060,3.348,200
2020-10-27 09:41:23.410,3.348,1000
2020-10-27 09:41:23.610,3.348,3000
2020-10-27 09:41:36.710,3.348,800
2020-10-27 09:41:39.730,3.347,1000
2020-10-27 09:41:39.730,3.347,500
2020-10-27 09:41:39.730,3.347,8500
2020-10-27 09:41:40.450,3.347,11500
2020-10-27 09:41:40.450,3.347,100
2020-10-27 09:41:40.450,3.347,29900
2020-10-27 09:41:40.450,3.347,7000
2020-10-27 09:41:40.450,3.347,1000
2020-10-27 09:41:40.450,3.347,10000
2020-10-27 09:41:40.450,3.347,50000
2020-10-27 09:41:40.450,3.347,10000
2020-10-27 09:41:40.450,3.347,700
2020-10-27 09:41:42.190,3.347,300
2020-10-27 09:41:44.620,3.346,300
2020-10-27 09:41:44.620,3.346,5000
2020-10-27 09:41:44.620,3.346,2000
2020-10-27 09:41:44.620,3.346,20000
2020-10-27 09:41:44.620,3.346,300
2020-10-27 09:41:44.620,3.346,5000
2020-10-27 09:41:44.620,3.346,1000
2020-10-27 09:41:44.620,3.346,10000
2020-10-27 09:41:44.620,3.346,600
2020-10-27 09:41:44.620,3.346,45800
2020-10-27 09:41:47.620,3.347,10000
2020-10-27 09:41:48.230,3.346,1500
2020-10-27 09:41:49.370,3.347,500
2020-10-27 09:41:50.250,3.347,39300
2020-10-27 09:41:50.250,3.347,1000
2020-10-27 09:41:50.250,3.347,9000
2020-10-27 09:41:50.250,3.347,28000
2020-10-27 09:41:50.250,3.347,8000
2020-10-27 09:41:52.010,3.347,4700
2020-10-27 09:41:52.100,3.347,100
2020-10-27 09:41:53.730,3.347,12300
2020-10-27 09:41:54.900,3.346,2700
2020-10-27 09:41:54.900,3.346,1300
2020-10-27 09:41:56.450,3.346,300
2020-10-27 09:41:56.450,3.346,3000
2020-10-27 09:41:56.450,3.346,2300
2020-10-27 09:41:58.340,3.347,500
2020-10-27 09:41:58.470,3.346,17700
2020-10-27 09:41:58.470,3.346,300
2020-10-27 09:42:01.590,3.346,1000
2020-10-27 09:42:02.600,3.346,100
2020-10-27 09:42:03.830,3.346,3000
2020-10-27 09:42:03.930,3.346,20000
2020-10-27 09:42:04.290,3.346,48600
2020-10-27 09:42:04.290,3.346,2000
2020-10-27 09:42:04.290,3.346,300
2020-10-27 09:42:04.290,3.346,40100
2020-10-27 09:42:04.610,3.346,30000
2020-10-27 09:42:05.830,3.347,1400
2020-10-27 09:42:06.270,3.347,31000
2020-10-27 09:42:09.020,3.347,2000
2020-10-27 09:42:09.810,3.347,30000
2020-10-27 09:42:13.140,3.347,3000
2020-10-27 09:42:13.510,3.347,5000
2020-10-27 09:42:18.460,3.346,500
2020-10-27 09:42:20.100,3.346,9500
2020-10-27 09:42:20.100,3.346,3000
2020-10-27 09:42:20.100,3.346,800
2020-10-27 09:42:20.100,3.346,3000
2020-10-27 09:42:20.100,3.346,200
2020-10-27 09:42:22.900,3.346,5400
2020-10-27 09:42:23.860,3.346,100
2020-10-27 09:42:24.060,3.346,2900
2020-10-27 09:42:24.210,3.346,100
2020-10-27 09:42:29.590,3.345,1500
2020-10-27 09:42:29.590,3.345,1500
2020-10-27 09:42:29.590,3.345,13100
2020-10-27 09:42:29.590,3.345,284800
2020-10-27 09:42:29.590,3.345,15200
2020-10-27 09:42:29.590,3.345,5000
2020-10-27 09:42:29.590,3.345,5000
2020-10-27 09:42:29.590,3.345,2000
2020-10-27 09:42:29.590,3.345,5000
2020-10-27 09:42:29.590,3.345,300
2020-10-27 09:42:29.590,3.345,29900
2020-10-27 09:42:29.590,3.345,2900
2020-10-27 09:42:29.590,3.345,1000
2020-10-27 09:42:29.590,3.345,5000
2020-10-27 09:42:29.590,3.345,10000
2020-10-27 09:42:29.590,3.345,100
2020-10-27 09:42:29.590,3.345,100
2020-10-27 09:42:29.590,3.345,2700
2020-10-27 09:42:29.590,3.345,3000
2020-10-27 09:42:29.590,3.345,500
2020-10-27 09:42:29.590,3.345,8000
2020-10-27 09:42:29.590,3.345,20000
2020-10-27 09:42:29.590,3.345,20000
2020-10-27 09:42:29.590,3.345,5000
2020-10-27 09:42:29.590,3.345,200
2020-10-27 09:42:29.590,3.345,10000
2020-10-27 09:42:29.590,3.345,5000
2020-10-27 09:42:29.590,3.345,500
2020-10-27 09:42:29.590,3.345,3000
2020-10-27 09:42:29.590,3.344,200
2020-10-27 09:42:29.590,3.344,2000
2020-10-27 09:42:29.590,3.344,5000
2020-10-27 09:42:29.590,3.344,100
2020-10-27 09:42:29.590,3.344,1000
2020-10-27 09:42:29.590,3.344,2000
2020-10-27 09:42:29.590,3.344,10000
2020-10-27 09:42:29.590,3.344,5000
2020-10-27 09:42:29.590,3.344,10000
2020-10-27 09:42:29.590,3.344,100
2020-10-27 09:42:29.680,3.344,500
2020-10-27 09:42:30.400,3.344,10000
2020-10-27 09:42:30.550,3.344,4700
2020-10-27 09:42:30.700,3.346,3500
2020-10-27 09:42:31.440,3.344,1000
2020-10-27 09:42:33.120,3.345,500
2020-10-27 09:42:35.020,3.344,44300
2020-10-27 09:42:35.020,3.343,149600
2020-10-27 09:42:35.020,3.343,11700
2020-10-27 09:42:35.020,3.343,113600
2020-10-27 09:42:35.420,3.344,114500
2020-10-27 09:42:36.330,3.345,100
2020-10-27 09:42:37.290,3.346,200
2020-10-27 09:42:37.390,3.346,100
2020-10-27 09:42:39.190,3.345,15300
2020-10-27 09:42:43.180,3.345,1900
2020-10-27 09:42:43.480,3.345,300
2020-10-27 09:42:44.740,3.345,300
2020-10-27 09:42:45.330,3.346,2900
2020-10-27 09:42:45.980,3.345,100
2020-10-27 09:42:47.070,3.345,1200
2020-10-27 09:42:49.250,3.345,1000
2020-10-27 09:42:52.330,3.346,160200
2020-10-27 09:42:52.330,3.346,200
2020-10-27 09:42:52.330,3.346,10000
2020-10-27 09:42:52.330,3.346,3200
2020-10-27 09:42:52.330,3.346,6400
2020-10-27 09:42:52.700,3.346,85200
2020-10-27 09:42:52.700,3.346,5000
2020-10-27 09:42:52.700,3.346,174000
2020-10-27 09:42:52.700,3.346,100
2020-10-27 09:42:52.700,3.346,100
2020-10-27 09:42:52.700,3.346,2900
2020-10-27 09:42:53.070,3.347,100
2020-10-27 09:42:58.180,3.347,100
2020-10-27 09:42:58.180,3.347,1400
2020-10-27 09:42:58.180,3.347,200
2020-10-27 09:42:58.500,3.347,300
2020-10-27 09:43:04.020,3.347,200
2020-10-27 09:43:04.020,3.347,16900
2020-10-27 09:43:04.020,3.347,100
2020-10-27 09:43:07.080,3.347,2000
2020-10-27 09:43:13.240,3.347,1000
2020-10-27 09:43:16.560,3.347,10000
2020-10-27 09:43:19.710,3.347,10900
