Datetime,Price,Volume
2020-10-27 09:25:00.640,4.737,200
2020-10-27 09:25:00.640,4.737,5800
2020-10-27 09:25:00.640,4.737,700
2020-10-27 09:25:00.640,4.737,2000
2020-10-27 09:25:00.640,4.737,7000
2020-10-27 09:25:00.640,4.737,800
2020-10-27 09:25:00.640,4.737,6800
2020-10-27 09:25:00.640,4.737,6400
2020-10-27 09:25:00.640,4.737,400
2020-10-27 09:25:00.640,4.737,6800
2020-10-27 09:25:00.640,4.737,9000
2020-10-27 09:25:00.640,4.737,10500
2020-10-27 09:25:00.640,4.737,20700
2020-10-27 09:25:00.640,4.737,20700
2020-10-27 09:25:00.640,4.737,7400
2020-10-27 09:25:00.640,4.737,10000
2020-10-27 09:25:00.640,4.737,4000
2020-10-27 09:25:00.640,4.737,1000
2020-10-27 09:25:00.640,4.737,8500
2020-10-27 09:25:00.640,4.737,300
2020-10-27 09:25:00.640,4.737,1000
2020-10-27 09:25:00.640,4.737,50000
2020-10-27 09:25:00.640,4.737,10200
2020-10-27 09:25:00.640,4.737,25000
2020-10-27 09:25:00.640,4.737,14800
2020-10-27 09:25:00.640,4.737,16300
2020-10-27 09:25:00.640,4.737,20000
2020-10-27 09:25:00.640,4.737,6000
2020-10-27 09:25:00.640,4.737,4300
2020-10-27 09:25:00.640,4.737,500
2020-10-27 09:25:00.640,4.737,10000
2020-10-27 09:25:00.640,4.737,10000
2020-10-27 09:25:00.640,4.737,18100
2020-10-27 09:25:00.640,4.737,56900
2020-10-27 09:25:00.640,4.737,1000
2020-10-27 09:25:00.640,4.737,400
2020-10-27 09:25:00.640,4.737,1100
2020-10-27 09:25:00.640,4.737,100
2020-10-27 09:25:00.640,4.737,100
2020-10-27 09:25:00.640,4.737,200
2020-10-27 09:25:00.640,4.737,100
2020-10-27 09:25:00.640,4.737,600
2020-10-27 09:25:00.640,4.737,700
2020-10-27 09:25:00.640,4.737,100
2020-10-27 09:25:00.640,4.737,200
2020-10-27 09:25:00.640,4.737,1000
2020-10-27 09:25:00.640,4.737,300
2020-10-27 09:25:00.640,4.737,2000
2020-10-27 09:25:00.640,4.737,200
2020-10-27 09:25:00.640,4.737,200
2020-10-27 09:25:00.640,4.737,800
2020-10-27 09:25:00.640,4.737,100
2020-10-27 09:25:00.640,4.737,5200
2020-10-27 09:25:00.640,4.737,100
2020-10-27 09:25:00.640,4.737,100
2020-10-27 09:25:00.640,4.737,100
2020-10-27 09:25:00.640,4.737,1700
2020-10-27 09:25:00.640,4.737,6500
2020-10-27 09:25:00.640,4.737,100
2020-10-27 09:25:00.640,4.737,100
2020-10-27 09:25:00.640,4.737,200
2020-10-27 09:25:00.640,4.737,300
2020-10-27 09:25:00.640,4.737,100
2020-10-27 09:25:00.640,4.737,100
2020-10-27 09:25:00.640,4.737,100
2020-10-27 09:25:00.640,4.737,2500
2020-10-27 09:25:00.640,4.737,1500
2020-10-27 09:25:00.640,4.737,100
2020-10-27 09:25:00.640,4.737,200
2020-10-27 09:25:00.640,4.737,200
2020-10-27 09:25:00.640,4.737,200
2020-10-27 09:25:00.640,4.737,200
2020-10-27 09:25:00.640,4.737,200
2020-10-27 09:25:00.640,4.737,100
2020-10-27 09:25:00.640,4.737,12600
2020-10-27 09:25:00.640,4.737,200
2020-10-27 09:25:00.640,4.737,300
2020-10-27 09:25:00.640,4.737,200
2020-10-27 09:25:00.640,4.737,500
2020-10-27 09:25:00.640,4.737,100
2020-10-27 09:25:00.640,4.737,100
2020-10-27 09:25:00.640,4.737,100
2020-10-27 09:25:00.640,4.737,300
2020-10-27 09:25:00.640,4.737,200
2020-10-27 09:25:00.640,4.737,1000
2020-10-27 09:25:00.640,4.737,200
2020-10-27 09:25:00.640,4.737,500
2020-10-27 09:25:00.640,4.737,400
2020-10-27 09:25:00.640,4.737,100
2020-10-27 09:25:00.640,4.737,300
2020-10-27 09:25:00.640,4.737,100
2020-10-27 09:25:00.640,4.737,2900
2020-10-27 09:25:00.640,4.737,3100
2020-10-27 09:25:00.640,4.737,8000
2020-10-27 09:25:00.640,4.737,600
2020-10-27 09:25:00.640,4.737,200
2020-10-27 09:25:00.640,4.737,1000
2020-10-27 09:25:00.640,4.737,300
2020-10-27 09:25:00.640,4.737,200
2020-10-27 09:25:00.640,4.737,1000
2020-10-27 09:25:00.640,4.737,3300
2020-10-27 09:25:00.640,4.737,200
2020-10-27 09:25:00.640,4.737,100
2020-10-27 09:25:00.640,4.737,100
2020-10-27 09:25:00.640,4.737,200
2020-10-27 09:25:00.640,4.737,100
2020-10-27 09:25:00.640,4.737,300
2020-10-27 09:25:00.640,4.737,500
2020-10-27 09:25:00.640,4.737,100
2020-10-27 09:25:00.640,4.737,100
2020-10-27 09:25:00.640,4.737,800
2020-10-27 09:25:00.640,4.737,200
2020-10-27 09:25:00.640,4.737,200
2020-10-27 09:25:00.640,4.737,100
2020-10-27 09:25:00.640,4.737,200
2020-10-27 09:25:00.640,4.737,100
2020-10-27 09:25:00.640,4.737,300
2020-10-27 09:25:00.640,4.737,300
2020-10-27 09:25:00.640,4.737,300
2020-10-27 09:25:00.640,4.737,100
2020-10-27 09:25:00.640,4.737,100
2020-10-27 09:25:00.640,4.737,200
2020-10-27 09:25:00.640,4.737,2200
2020-10-27 09:25:00.640,4.737,100
2020-10-27 09:25:00.640,4.737,100
2020-10-27 09:25:00.640,4.737,300
2020-10-27 09:25:00.640,4.737,800
2020-10-27 09:25:00.640,4.737,100
2020-10-27 09:25:00.640,4.737,200
2020-10-27 09:25:00.640,4.737,600
2020-10-27 09:25:00.640,4.737,200
2020-10-27 09:25:00.640,4.737,100
2020-10-27 09:25:00.640,4.737,100
2020-10-27 09:25:00.640,4.737,500
2020-10-27 09:25:00.640,4.737,300
2020-10-27 09:25:00.640,4.737,100
2020-10-27 09:25:00.640,4.737,600
2020-10-27 09:25:00.640,4.737,1500
2020-10-27 09:25:00.640,4.737,200
2020-10-27 09:25:00.640,4.737,1100
2020-10-27 09:25:00.640,4.737,100
2020-10-27 09:25:00.640,4.737,1200
2020-10-27 09:25:00.640,4.737,100
2020-10-27 09:25:00.640,4.737,100
2020-10-27 09:25:00.640,4.737,200
2020-10-27 09:25:00.640,4.737,100
2020-10-27 09:25:00.640,4.737,1000
2020-10-27 09:25:00.640,4.737,200
2020-10-27 09:25:00.640,4.737,100
2020-10-27 09:25:00.640,4.737,100
2020-10-27 09:25:00.640,4.737,100
2020-10-27 09:25:00.640,4.737,100
2020-10-27 09:25:00.640,4.737,100
2020-10-27 09:25:00.640,4.737,200
2020-10-27 09:25:00.640,4.737,100
2020-10-27 09:25:00.640,4.737,100
2020-10-27 09:25:00.640,4.737,3300
2020-10-27 09:25:00.640,4.737,1000
2020-10-27 09:25:00.640,4.737,1500
2020-10-27 09:25:00.640,4.737,200
2020-10-27 09:25:00.640,4.737,1500
2020-10-27 09:25:00.640,4.737,7500
2020-10-27 09:25:00.640,4.737,3000
2020-10-27 09:25:00.640,4.737,5000
2020-10-27 09:25:00.640,4.737,500
2020-10-27 09:25:00.640,4.737,20000
2020-10-27 09:25:00.640,4.737,30000
2020-10-27 09:25:00.640,4.737,200
2020-10-27 09:25:00.640,4.737,2000
2020-10-27 09:25:00.640,4.737,200
2020-10-27 09:25:00.640,4.737,400
2020-10-27 09:25:00.640,4.737,100
2020-10-27 09:25:00.640,4.737,100
2020-10-27 09:25:00.640,4.737,500
2020-10-27 09:25:00.640,4.737,100
2020-10-27 09:25:00.640,4.737,100
2020-10-27 09:25:00.640,4.737,100
2020-10-27 09:25:00.640,4.737,600
2020-10-27 09:25:00.640,4.737,100
2020-10-27 09:25:00.640,4.737,1600
2020-10-27 09:25:00.640,4.737,700
2020-10-27 09:25:00.640,4.737,5000
2020-10-27 09:25:00.640,4.737,1000
2020-10-27 09:25:00.640,4.737,5300
2020-10-27 09:25:00.640,4.737,3000
2020-10-27 09:25:00.640,4.737,41700
2020-10-27 09:25:00.640,4.737,30000
2020-10-27 09:25:00.640,4.737,1000
2020-10-27 09:25:00.640,4.737,14800
2020-10-27 09:25:00.640,4.737,6400
2020-10-27 09:25:00.640,4.737,8000
2020-10-27 09:25:00.640,4.737,70800
2020-10-27 09:25:00.640,4.737,58700
2020-10-27 09:25:00.640,4.737,2500
2020-10-27 09:25:00.640,4.737,3000
2020-10-27 09:25:00.640,4.737,1700
2020-10-27 09:25:00.640,4.737,4000
2020-10-27 09:25:00.640,4.737,30100
2020-10-27 09:25:00.640,4.737,700
2020-10-27 09:25:00.640,4.737,700
2020-10-27 09:25:00.640,4.737,100
2020-10-27 09:25:00.640,4.737,500
2020-10-27 09:25:00.640,4.737,38200
2020-10-27 09:25:00.640,4.737,8000
2020-10-27 09:25:00.640,4.737,1500
2020-10-27 09:25:00.640,4.737,300
2020-10-27 09:25:00.640,4.737,1100
2020-10-27 09:25:00.640,4.737,20000
2020-10-27 09:25:00.640,4.737,300
2020-10-27 09:25:00.640,4.737,900
2020-10-27 09:25:00.640,4.737,900
2020-10-27 09:25:00.640,4.737,5100
2020-10-27 09:25:00.640,4.737,85200
2020-10-27 09:25:00.640,4.737,14800
2020-10-27 09:25:00.640,4.737,5200
2020-10-27 09:25:00.640,4.737,3500
2020-10-27 09:25:00.640,4.737,400
2020-10-27 09:25:00.640,4.737,100
2020-10-27 09:25:00.640,4.737,7800
2020-10-27 09:25:00.640,4.737,700
2020-10-27 09:25:00.640,4.737,200
2020-10-27 09:25:00.640,4.737,100
2020-10-27 09:25:00.640,4.737,1800
2020-10-27 09:25:00.640,4.737,100
2020-10-27 09:25:00.640,4.737,3000
2020-10-27 09:25:00.640,4.737,200
2020-10-27 09:25:00.640,4.737,2800
2020-10-27 09:25:00.640,4.737,2100
2020-10-27 09:25:00.640,4.737,2900
2020-10-27 09:25:00.640,4.737,1000
2020-10-27 09:25:00.640,4.737,1000
2020-10-27 09:25:00.640,4.737,600
2020-10-27 09:25:00.640,4.737,600
2020-10-27 09:25:00.640,4.737,300
2020-10-27 09:25:00.640,4.737,1000
2020-10-27 09:25:00.640,4.737,2200
2020-10-27 09:25:00.640,4.737,300
2020-10-27 09:25:00.640,4.737,100
2020-10-27 09:25:00.640,4.737,2100
2020-10-27 09:25:00.640,4.737,12800
2020-10-27 09:25:00.640,4.737,1000
2020-10-27 09:25:00.640,4.737,2000
2020-10-27 09:25:00.640,4.737,100
2020-10-27 09:25:00.640,4.737,1100
2020-10-27 09:25:00.640,4.737,10000
2020-10-27 09:25:00.640,4.737,28900
2020-10-27 09:25:00.640,4.737,1000
2020-10-27 09:25:00.640,4.737,600
2020-10-27 09:25:00.640,4.737,19500
2020-10-27 09:25:00.640,4.737,65500
2020-10-27 09:25:00.640,4.737,10000
2020-10-27 09:25:00.640,4.737,4000
2020-10-27 09:25:00.640,4.737,1000
2020-10-27 09:25:00.640,4.737,100
2020-10-27 09:25:00.640,4.737,20000
2020-10-27 09:25:00.640,4.737,10000
2020-10-27 09:25:00.640,4.737,5000
2020-10-27 09:25:00.640,4.737,2000
2020-10-27 09:25:00.640,4.737,1000
2020-10-27 09:25:00.640,4.737,46300
2020-10-27 09:25:00.640,4.737,14800
2020-10-27 09:25:00.640,4.737,21400
2020-10-27 09:25:00.640,4.737,6200
2020-10-27 09:25:00.640,4.737,47200
2020-10-27 09:25:00.640,4.737,19300
2020-10-27 09:25:00.640,4.737,5000
2020-10-27 09:25:00.640,4.737,75700
2020-10-27 09:25:00.640,4.737,2000
2020-10-27 09:25:00.640,4.737,90300
2020-10-27 09:25:00.640,4.737,200
2020-10-27 09:25:00.640,4.737,95600
2020-10-27 09:25:00.640,4.737,2900
2020-10-27 09:25:00.640,4.737,28300
2020-10-27 09:25:00.640,4.737,200
2020-10-27 09:25:00.640,4.737,97300
2020-10-27 09:25:00.640,4.737,20000
2020-10-27 09:25:00.640,4.737,1000
2020-10-27 09:25:00.640,4.737,1500
2020-10-27 09:25:00.640,4.737,100000
2020-10-27 09:25:00.640,4.737,1000
2020-10-27 09:25:00.640,4.737,1900
2020-10-27 09:25:00.640,4.737,2300
2020-10-27 09:25:00.640,4.737,100
2020-10-27 09:25:00.640,4.737,800
2020-10-27 09:25:00.640,4.737,4800
2020-10-27 09:25:00.640,4.737,40000
2020-10-27 09:25:00.640,4.737,2300
2020-10-27 09:25:00.640,4.737,10000
2020-10-27 09:25:00.640,4.737,42900
2020-10-27 09:25:00.640,4.737,14900
2020-10-27 09:25:00.640,4.737,2000
2020-10-27 09:25:00.640,4.737,10000
2020-10-27 09:25:00.640,4.737,11800
2020-10-27 09:25:00.640,4.737,64100
2020-10-27 09:25:00.640,4.737,10000
2020-10-27 09:25:00.640,4.737,5000
2020-10-27 09:25:00.640,4.737,35100
2020-10-27 09:25:00.640,4.737,300
2020-10-27 09:25:00.640,4.737,30000
2020-10-27 09:25:00.640,4.737,1000
2020-10-27 09:25:00.640,4.737,10000
2020-10-27 09:25:00.640,4.737,5000
2020-10-27 09:25:00.640,4.737,20000
2020-10-27 09:25:00.640,4.737,1000
2020-10-27 09:25:00.640,4.737,100
2020-10-27 09:25:00.640,4.737,27500
2020-10-27 09:25:00.640,4.737,1000
2020-10-27 09:25:00.640,4.737,26500
2020-10-27 09:25:00.640,4.737,20800
2020-10-27 09:25:00.640,4.737,2700
2020-10-27 09:25:00.640,4.737,4000
2020-10-27 09:25:00.640,4.737,13300
2020-10-27 09:25:00.640,4.737,8600
2020-10-27 09:30:00.080,4.738,29600
2020-10-27 09:30:00.080,4.738,20000
2020-10-27 09:30:00.080,4.737,18100
2020-10-27 09:30:00.080,4.737,1000
2020-10-27 09:30:00.080,4.737,2000
2020-10-27 09:30:00.080,4.736,700
2020-10-27 09:30:00.080,4.736,200
2020-10-27 09:30:00.080,4.738,700
2020-10-27 09:30:00.280,4.74,20000
2020-10-27 09:30:00.320,4.74,2600
2020-10-27 09:30:00.390,4.74,40900
2020-10-27 09:30:00.390,4.74,200
2020-10-27 09:30:00.390,4.74,20000
2020-10-27 09:30:00.400,4.74,5400
2020-10-27 09:30:00.510,4.74,200
2020-10-27 09:30:00.510,4.74,100
2020-10-27 09:30:00.510,4.74,300
2020-10-27 09:30:00.620,4.742,10000
2020-10-27 09:30:00.620,4.742,10000
2020-10-27 09:30:00.620,4.742,2300
2020-10-27 09:30:00.620,4.742,100
2020-10-27 09:30:00.620,4.742,2000
2020-10-27 09:30:00.750,4.742,12300
2020-10-27 09:30:00.750,4.742,4100
2020-10-27 09:30:00.750,4.744,140600
2020-10-27 09:30:00.750,4.744,10000
2020-10-27 09:30:00.860,4.745,100
2020-10-27 09:30:00.860,4.745,1000
2020-10-27 09:30:00.860,4.745,2200
2020-10-27 09:30:00.860,4.744,40000
2020-10-27 09:30:00.860,4.744,30000
2020-10-27 09:30:00.860,4.744,2000
2020-10-27 09:30:00.860,4.744,10000
2020-10-27 09:30:00.970,4.744,42200
2020-10-27 09:30:00.970,4.744,21200
2020-10-27 09:30:00.970,4.743,13500
2020-10-27 09:30:00.970,4.743,200
2020-10-27 09:30:00.970,4.743,1000
2020-10-27 09:30:01.080,4.743,4100
2020-10-27 09:30:01.080,4.743,200
2020-10-27 09:30:01.080,4.743,73000
2020-10-27 09:30:01.190,4.743,5000
2020-10-27 09:30:01.190,4.743,21800
2020-10-27 09:30:01.300,4.743,9900
2020-10-27 09:30:01.300,4.743,10000
2020-10-27 09:30:01.300,4.743,40000
2020-10-27 09:30:01.420,4.743,500
2020-10-27 09:30:01.420,4.743,20000
2020-10-27 09:30:01.530,4.743,1300
2020-10-27 09:30:01.530,4.743,2000
2020-10-27 09:30:01.530,4.743,10000
2020-10-27 09:30:01.530,4.743,200
2020-10-27 09:30:01.640,4.743,5000
2020-10-27 09:30:01.640,4.743,15000
2020-10-27 09:30:01.640,4.743,30000
2020-10-27 09:30:01.640,4.743,5000
2020-10-27 09:30:01.640,4.743,1900
2020-10-27 09:30:01.640,4.743,1500
2020-10-27 09:30:01.760,4.743,2000
2020-10-27 09:30:01.760,4.743,100
2020-10-27 09:30:01.880,4.743,10000
2020-10-27 09:30:01.880,4.743,100
2020-10-27 09:30:01.880,4.743,10000
2020-10-27 09:30:01.990,4.743,2000
2020-10-27 09:30:01.990,4.743,400
2020-10-27 09:30:01.990,4.743,300
2020-10-27 09:30:01.990,4.743,1000
2020-10-27 09:30:01.990,4.742,11100
2020-10-27 09:30:01.990,4.742,700
2020-10-27 09:30:02.110,4.742,500
2020-10-27 09:30:02.110,4.742,4800
2020-10-27 09:30:02.110,4.742,3000
2020-10-27 09:30:02.220,4.742,5000
2020-10-27 09:30:02.220,4.742,5000
2020-10-27 09:30:02.220,4.745,7800
2020-10-27 09:30:02.220,4.745,4000
2020-10-27 09:30:02.220,4.746,15000
2020-10-27 09:30:02.220,4.746,2600
2020-10-27 09:30:02.220,4.746,21900
2020-10-27 09:30:02.220,4.746,3700
2020-10-27 09:30:02.220,4.747,200
2020-10-27 09:30:02.220,4.748,4600
2020-10-27 09:30:02.220,4.748,15000
2020-10-27 09:30:02.220,4.748,200
2020-10-27 09:30:02.220,4.748,2000
2020-10-27 09:30:02.320,4.748,10000
2020-10-27 09:30:02.330,4.749,600
2020-10-27 09:30:02.330,4.748,8400
2020-10-27 09:30:02.330,4.748,5000
2020-10-27 09:30:02.510,4.748,1100
2020-10-27 09:30:02.510,4.748,198500
2020-10-27 09:30:02.510,4.742,24600
2020-10-27 09:30:02.510,4.742,1000
2020-10-27 09:30:02.510,4.746,300
2020-10-27 09:30:02.620,4.747,600
2020-10-27 09:30:02.620,4.748,900
2020-10-27 09:30:02.730,4.746,2200
2020-10-27 09:30:02.730,4.746,3500
2020-10-27 09:30:02.840,4.744,2000
2020-10-27 09:30:02.840,4.744,2000
2020-10-27 09:30:02.840,4.744,1000
2020-10-27 09:30:02.840,4.744,1200
2020-10-27 09:30:02.950,4.744,10000
2020-10-27 09:30:02.950,4.744,14200
2020-10-27 09:30:03.010,4.744,2000
2020-10-27 09:30:03.010,4.744,300
2020-10-27 09:30:03.010,4.744,2000
2020-10-27 09:30:03.120,4.744,20000
2020-10-27 09:30:03.120,4.744,2000
2020-10-27 09:30:03.120,4.744,81700
2020-10-27 09:30:03.120,4.742,296000
2020-10-27 09:30:03.120,4.741,10000
2020-10-27 09:30:03.120,4.741,5000
2020-10-27 09:30:03.120,4.74,31400
2020-10-27 09:30:03.120,4.74,2000
2020-10-27 09:30:03.120,4.74,173900
2020-10-27 09:30:03.120,4.74,14300
2020-10-27 09:30:03.120,4.74,10000
2020-10-27 09:30:03.480,4.741,5000
2020-10-27 09:30:03.480,4.74,14000
2020-10-27 09:30:03.610,4.74,21000
2020-10-27 09:30:03.610,4.74,34400
2020-10-27 09:30:03.720,4.74,700
2020-10-27 09:30:03.720,4.74,500
2020-10-27 09:30:03.720,4.74,7300
2020-10-27 09:30:03.810,4.74,5400
2020-10-27 09:30:03.810,4.744,20000
2020-10-27 09:30:03.810,4.745,1500
2020-10-27 09:30:03.810,4.745,2000
2020-10-27 09:30:03.810,4.745,300
2020-10-27 09:30:03.810,4.747,10000
2020-10-27 09:30:03.810,4.748,9100
2020-10-27 09:30:03.810,4.748,500
2020-10-27 09:30:03.810,4.749,400
2020-10-27 09:30:03.810,4.749,200
2020-10-27 09:30:03.810,4.749,1000
2020-10-27 09:30:03.810,4.749,3100
2020-10-27 09:30:03.920,4.745,2800
2020-10-27 09:30:03.920,4.745,20000
2020-10-27 09:30:03.920,4.745,7200
2020-10-27 09:30:03.920,4.744,10000
2020-10-27 09:30:03.920,4.744,15400
2020-10-27 09:30:04.150,4.744,1200
2020-10-27 09:30:04.150,4.744,20000
2020-10-27 09:30:04.150,4.744,3400
2020-10-27 09:30:04.150,4.741,6600
2020-10-27 09:30:04.150,4.741,10000
2020-10-27 09:30:04.150,4.741,2400
2020-10-27 09:30:04.260,4.741,1000
2020-10-27 09:30:04.260,4.74,1100
2020-10-27 09:30:04.260,4.74,800
2020-10-27 09:30:04.260,4.739,500
2020-10-27 09:30:04.260,4.739,6100
2020-10-27 09:30:04.260,4.739,10000
2020-10-27 09:30:04.260,4.739,30500
2020-10-27 09:30:04.260,4.739,20000
2020-10-27 09:30:04.260,4.741,20000
2020-10-27 09:30:04.370,4.741,6600
2020-10-27 09:30:04.370,4.748,29600
2020-10-27 09:30:04.370,4.749,500
2020-10-27 09:30:04.370,4.749,10000
2020-10-27 09:30:04.370,4.749,600
2020-10-27 09:30:04.370,4.749,2000
2020-10-27 09:30:04.370,4.749,137300
2020-10-27 09:30:04.490,4.741,2500
2020-10-27 09:30:04.590,4.742,5000
2020-10-27 09:30:04.750,4.742,2600
2020-10-27 09:30:04.790,4.742,1000
2020-10-27 09:30:04.900,4.742,700
2020-10-27 09:30:04.970,4.742,12300
2020-10-27 09:30:05.210,4.743,100
2020-10-27 09:30:05.210,4.743,10600
2020-10-27 09:30:05.330,4.746,500
2020-10-27 09:30:05.360,4.746,8100
2020-10-27 09:30:05.400,4.748,60000
2020-10-27 09:30:05.890,4.75,3600
2020-10-27 09:30:05.890,4.75,2000
2020-10-27 09:30:05.890,4.75,40000
2020-10-27 09:30:05.890,4.75,2000
2020-10-27 09:30:05.890,4.75,700
2020-10-27 09:30:05.890,4.75,8300
2020-10-27 09:30:05.890,4.75,29800
2020-10-27 09:30:05.890,4.75,3000
2020-10-27 09:30:05.890,4.75,200
2020-10-27 09:30:05.890,4.75,5000
2020-10-27 09:30:05.890,4.75,2000
2020-10-27 09:30:05.890,4.75,400
2020-10-27 09:30:05.890,4.75,4400
2020-10-27 09:30:05.890,4.75,200
2020-10-27 09:30:05.890,4.75,1000
2020-10-27 09:30:05.890,4.75,2000
2020-10-27 09:30:05.890,4.75,500
2020-10-27 09:30:05.890,4.75,6000
2020-10-27 09:30:05.890,4.75,3200
2020-10-27 09:30:06.190,4.748,40000
2020-10-27 09:30:06.280,4.748,40000
2020-10-27 09:30:06.350,4.748,36000
2020-10-27 09:30:06.570,4.748,9100
2020-10-27 09:30:09.000,4.749,60000
2020-10-27 09:30:09.000,4.75,46800
2020-10-27 09:30:09.000,4.75,37800
2020-10-27 09:30:09.000,4.75,40600
2020-10-27 09:30:09.000,4.75,2800
2020-10-27 09:30:09.000,4.75,15000
2020-10-27 09:30:09.000,4.75,6000
2020-10-27 09:30:09.000,4.75,12700
2020-10-27 09:30:09.000,4.75,12600
2020-10-27 09:30:09.000,4.75,6000
2020-10-27 09:30:09.000,4.75,200
2020-10-27 09:30:09.000,4.75,40300
2020-10-27 09:30:09.310,4.748,8100
2020-10-27 09:30:10.250,4.748,500
2020-10-27 09:30:11.460,4.748,10100
2020-10-27 09:30:11.820,4.749,60000
2020-10-27 09:30:11.820,4.75,9700
2020-10-27 09:30:11.820,4.75,10000
2020-10-27 09:30:11.820,4.75,100
2020-10-27 09:30:11.820,4.75,34700
2020-10-27 09:30:13.710,4.747,100
2020-10-27 09:30:14.010,4.747,3000
2020-10-27 09:30:14.070,4.747,800
2020-10-27 09:30:14.070,4.749,1700
2020-10-27 09:30:14.630,4.745,1000
2020-10-27 09:30:14.820,4.745,1000
2020-10-27 09:30:17.470,4.745,500
2020-10-27 09:30:17.630,4.746,2000
2020-10-27 09:30:18.990,4.745,10700
2020-10-27 09:30:19.060,4.746,2500
2020-10-27 09:30:20.110,4.746,500
2020-10-27 09:30:20.490,4.745,2000
2020-10-27 09:30:20.550,4.745,200000
2020-10-27 09:30:20.590,4.745,1000
2020-10-27 09:30:21.260,4.745,83800
2020-10-27 09:30:21.260,4.745,200
2020-10-27 09:30:21.260,4.745,400
2020-10-27 09:30:21.260,4.745,500
2020-10-27 09:30:25.830,4.745,100
2020-10-27 09:30:26.060,4.743,2000
2020-10-27 09:30:26.060,4.743,25000
2020-10-27 09:30:28.320,4.745,2500
2020-10-27 09:30:28.710,4.744,12800
2020-10-27 09:30:29.270,4.745,212500
2020-10-27 09:30:29.270,4.745,8000
2020-10-27 09:30:29.270,4.745,12100
2020-10-27 09:30:29.270,4.745,1200
2020-10-27 09:30:29.270,4.745,200
2020-10-27 09:30:29.270,4.745,6100
2020-10-27 09:30:29.270,4.745,6400
2020-10-27 09:30:29.270,4.745,1000
2020-10-27 09:30:29.270,4.745,16000
2020-10-27 09:30:29.270,4.746,25000
2020-10-27 09:30:29.680,4.746,10500
2020-10-27 09:30:30.090,4.746,1000
2020-10-27 09:30:30.090,4.744,100000
2020-10-27 09:30:30.090,4.743,47000
2020-10-27 09:30:30.510,4.745,1300
2020-10-27 09:30:31.150,4.746,4600
2020-10-27 09:30:33.080,4.748,202100
2020-10-27 09:30:33.080,4.748,4300
2020-10-27 09:30:33.080,4.748,60000
2020-10-27 09:30:33.080,4.749,6300
2020-10-27 09:30:33.080,4.749,8200
2020-10-27 09:30:34.110,4.749,14500
2020-10-27 09:30:34.200,4.745,5000
2020-10-27 09:30:34.200,4.745,45000
2020-10-27 09:30:35.780,4.747,1000
2020-10-27 09:30:35.780,4.745,1000
2020-10-27 09:30:36.260,4.746,2000
2020-10-27 09:30:38.330,4.748,52400
2020-10-27 09:30:38.720,4.746,10000
2020-10-27 09:30:38.810,4.748,1300
2020-10-27 09:30:39.990,4.748,1000
2020-10-27 09:30:40.030,4.748,5300
2020-10-27 09:30:40.030,4.749,500
2020-10-27 09:30:40.030,4.749,10000
2020-10-27 09:30:40.030,4.75,8000
2020-10-27 09:30:40.030,4.75,10000
2020-10-27 09:30:40.030,4.75,1500
2020-10-27 09:30:41.040,4.749,1000
2020-10-27 09:30:41.230,4.749,2000
2020-10-27 09:30:41.230,4.748,8000
2020-10-27 09:30:41.230,4.75,500
2020-10-27 09:30:41.230,4.75,21100
2020-10-27 09:30:41.230,4.75,200
2020-10-27 09:30:41.230,4.75,10000
2020-10-27 09:30:41.230,4.75,42500
2020-10-27 09:30:41.390,4.748,6700
2020-10-27 09:30:41.420,4.746,200000
2020-10-27 09:30:41.760,4.746,1000
2020-10-27 09:30:43.370,4.746,20000
2020-10-27 09:30:43.590,4.746,267100
2020-10-27 09:30:43.590,4.746,200
2020-10-27 09:30:43.590,4.746,500
2020-10-27 09:30:43.590,4.746,100
2020-10-27 09:30:43.590,4.746,100
2020-10-27 09:30:43.720,4.746,1100
2020-10-27 09:30:45.060,4.746,10000
2020-10-27 09:30:45.170,4.746,5000
2020-10-27 09:30:45.410,4.745,400
2020-10-27 09:30:45.480,4.746,200
2020-10-27 09:30:46.300,4.745,1100
2020-10-27 09:30:47.050,4.746,1000
2020-10-27 09:30:47.890,4.746,2600
2020-10-27 09:30:47.890,4.746,200
2020-10-27 09:30:47.890,4.746,300
2020-10-27 09:30:47.890,4.746,1900
2020-10-27 09:30:48.180,4.745,5900
2020-10-27 09:30:48.800,4.746,3100
2020-10-27 09:30:48.930,4.746,9800
2020-10-27 09:30:48.930,4.746,11500
2020-10-27 09:30:49.090,4.747,1500
2020-10-27 09:30:49.090,4.747,1000
2020-10-27 09:30:49.190,4.747,21100
2020-10-27 09:30:49.640,4.746,100000
2020-10-27 09:30:49.640,4.746,26100
2020-10-27 09:30:50.300,4.746,41100
2020-10-27 09:30:51.020,4.746,7100
2020-10-27 09:30:51.870,4.746,5000
2020-10-27 09:30:52.310,4.747,234700
2020-10-27 09:30:52.470,4.747,100
2020-10-27 09:30:52.560,4.747,72000
2020-10-27 09:30:54.420,4.748,60000
2020-10-27 09:30:54.420,4.748,1000
2020-10-27 09:30:54.420,4.748,10000
2020-10-27 09:30:54.420,4.748,28400
2020-10-27 09:30:55.580,4.748,100
2020-10-27 09:30:55.870,4.747,20000
2020-10-27 09:30:56.190,4.747,10600
2020-10-27 09:30:56.400,4.747,3000
2020-10-27 09:30:56.610,4.747,6500
2020-10-27 09:30:56.960,4.748,7800
2020-10-27 09:30:57.130,4.747,5000
2020-10-27 09:30:57.580,4.747,200
2020-10-27 09:30:57.770,4.747,47900
2020-10-27 09:30:57.770,4.747,500
2020-10-27 09:30:57.770,4.747,100
2020-10-27 09:30:57.770,4.747,32500
2020-10-27 09:30:58.940,4.748,5000
2020-10-27 09:30:59.480,4.748,4300
2020-10-27 09:30:59.510,4.747,17500
2020-10-27 09:30:59.510,4.747,1600
2020-10-27 09:31:00.360,4.747,24400
2020-10-27 09:31:00.360,4.748,12300
2020-10-27 09:31:00.360,4.748,60000
2020-10-27 09:31:00.360,4.748,1000
2020-10-27 09:31:00.360,4.748,2300
2020-10-27 09:31:00.460,4.748,1000
2020-10-27 09:31:00.460,4.748,1300
2020-10-27 09:31:00.960,4.748,100
2020-10-27 09:31:01.440,4.748,1600
2020-10-27 09:31:01.440,4.748,58400
2020-10-27 09:31:01.970,4.748,300
2020-10-27 09:31:02.510,4.748,46600
2020-10-27 09:31:02.510,4.748,13400
2020-10-27 09:31:03.700,4.749,200
2020-10-27 09:31:03.730,4.748,200
2020-10-27 09:31:04.170,4.748,6400
2020-10-27 09:31:04.170,4.748,1000
2020-10-27 09:31:04.170,4.748,500
2020-10-27 09:31:04.170,4.747,5000
2020-10-27 09:31:04.170,4.747,500
2020-10-27 09:31:04.670,4.746,5000
2020-10-27 09:31:04.670,4.746,100
2020-10-27 09:31:04.670,4.746,200
2020-10-27 09:31:04.670,4.746,100
2020-10-27 09:31:04.670,4.746,10000
2020-10-27 09:31:04.670,4.746,400
2020-10-27 09:31:04.670,4.746,1700
2020-10-27 09:31:04.670,4.746,62500
2020-10-27 09:31:04.850,4.747,3000
2020-10-27 09:31:04.910,4.747,69600
2020-10-27 09:31:04.910,4.749,1300
2020-10-27 09:31:04.910,4.749,1400
2020-10-27 09:31:04.910,4.749,27700
2020-10-27 09:31:05.610,4.748,100
2020-10-27 09:31:06.410,4.748,700
2020-10-27 09:31:06.410,4.748,100
2020-10-27 09:31:09.650,4.748,2100
2020-10-27 09:31:09.650,4.748,17900
2020-10-27 09:31:09.680,4.748,100
2020-10-27 09:31:09.750,4.748,83800
2020-10-27 09:31:09.870,4.748,29400
2020-10-27 09:31:09.870,4.748,60000
2020-10-27 09:31:09.870,4.748,210600
2020-10-27 09:31:10.350,4.748,3300
2020-10-27 09:31:10.840,4.748,500
2020-10-27 09:31:10.870,4.748,85600
2020-10-27 09:31:10.870,4.748,15700
2020-10-27 09:31:10.870,4.748,48800
2020-10-27 09:31:11.060,4.747,3000
2020-10-27 09:31:12.070,4.748,11200
2020-10-27 09:31:12.070,4.748,8800
2020-10-27 09:31:12.180,4.748,500
2020-10-27 09:31:12.770,4.748,5000
2020-10-27 09:31:13.330,4.748,2700
2020-10-27 09:31:13.330,4.748,300
2020-10-27 09:31:13.330,4.748,35000
2020-10-27 09:31:13.330,4.749,1700
2020-10-27 09:31:13.330,4.749,5000
2020-10-27 09:31:13.330,4.749,10000
2020-10-27 09:31:13.330,4.749,100
2020-10-27 09:31:13.330,4.749,5000
2020-10-27 09:31:13.330,4.75,10000
2020-10-27 09:31:13.330,4.75,10000
2020-10-27 09:31:13.330,4.75,2000
2020-10-27 09:31:13.330,4.75,1000
2020-10-27 09:31:13.330,4.75,3500
2020-10-27 09:31:13.330,4.75,10000
2020-10-27 09:31:13.330,4.75,500
2020-10-27 09:31:13.330,4.75,200
2020-10-27 09:31:13.330,4.75,17500
2020-10-27 09:31:15.160,4.747,2200
2020-10-27 09:31:15.160,4.747,200
2020-10-27 09:31:15.350,4.747,100
2020-10-27 09:31:16.230,4.747,2400
2020-10-27 09:31:16.700,4.747,100
2020-10-27 09:31:16.700,4.748,49900
2020-10-27 09:31:17.290,4.748,100
2020-10-27 09:31:17.480,4.748,1100
2020-10-27 09:31:17.520,4.748,2000
2020-10-27 09:31:17.550,4.748,2500
2020-10-27 09:31:18.600,4.748,4400
2020-10-27 09:31:18.600,4.748,5000
2020-10-27 09:31:18.600,4.748,1200
2020-10-27 09:31:18.600,4.747,4000
2020-10-27 09:31:19.560,4.747,1000
2020-10-27 09:31:19.560,4.746,28600
2020-10-27 09:31:20.100,4.746,1400
2020-10-27 09:31:20.100,4.746,8600
2020-10-27 09:31:20.160,4.748,1800
2020-10-27 09:31:20.160,4.748,4000
2020-10-27 09:31:20.160,4.748,700
2020-10-27 09:31:20.160,4.748,10000
2020-10-27 09:31:20.160,4.748,5000
2020-10-27 09:31:20.160,4.748,48500
2020-10-27 09:31:20.160,4.748,10000
2020-10-27 09:31:21.000,4.748,1500
2020-10-27 09:31:21.320,4.748,3700
2020-10-27 09:31:22.210,4.748,94800
2020-10-27 09:31:22.210,4.746,1400
2020-10-27 09:31:22.210,4.746,3800
2020-10-27 09:31:22.420,4.748,200
2020-10-27 09:31:22.510,4.746,800
2020-10-27 09:31:22.830,4.747,5000
2020-10-27 09:31:22.890,4.747,1500
2020-10-27 09:31:22.990,4.747,100
2020-10-27 09:31:23.600,4.747,100
2020-10-27 09:31:23.840,4.747,5300
2020-10-27 09:31:24.880,4.748,12100
2020-10-27 09:31:25.230,4.748,20000
2020-10-27 09:31:25.580,4.748,400
2020-10-27 09:31:25.610,4.748,1000
2020-10-27 09:31:25.640,4.748,21300
2020-10-27 09:31:25.920,4.748,100
2020-10-27 09:31:25.990,4.747,1600
2020-10-27 09:31:28.530,4.747,4000
2020-10-27 09:31:30.050,4.748,4900
2020-10-27 09:31:30.050,4.748,5100
2020-10-27 09:31:30.840,4.748,3000
2020-10-27 09:31:32.210,4.748,10000
2020-10-27 09:31:33.040,4.748,1900
2020-10-27 09:31:33.040,4.748,38100
2020-10-27 09:31:33.930,4.748,4100
2020-10-27 09:31:34.270,4.748,1000
2020-10-27 09:31:34.570,4.748,7000
2020-10-27 09:31:35.780,4.748,1000
2020-10-27 09:31:36.160,4.747,9100
2020-10-27 09:31:36.160,4.747,100000
2020-10-27 09:31:36.160,4.747,100000
2020-10-27 09:31:36.160,4.747,400
2020-10-27 09:31:36.670,4.747,90500
2020-10-27 09:31:36.670,4.747,1800
2020-10-27 09:31:36.670,4.748,8800
2020-10-27 09:31:36.670,4.748,500
2020-10-27 09:31:36.670,4.749,3000
2020-10-27 09:31:36.670,4.749,6900
2020-10-27 09:31:36.670,4.749,5000
2020-10-27 09:31:36.670,4.749,42700
2020-10-27 09:31:36.670,4.749,2800
2020-10-27 09:31:36.670,4.749,6000
2020-10-27 09:31:36.670,4.75,48500
2020-10-27 09:31:36.670,4.75,1000
2020-10-27 09:31:36.670,4.75,20000
2020-10-27 09:31:36.670,4.75,20000
2020-10-27 09:31:36.670,4.75,30000
2020-10-27 09:31:36.670,4.75,8000
2020-10-27 09:31:36.670,4.75,4000
2020-10-27 09:31:36.670,4.75,500
2020-10-27 09:31:38.310,4.747,2200
2020-10-27 09:31:38.310,4.747,5000
2020-10-27 09:31:38.310,4.746,22800
2020-10-27 09:31:38.400,4.748,100
2020-10-27 09:31:40.010,4.748,1000
2020-10-27 09:31:40.010,4.748,6800
2020-10-27 09:31:43.610,4.748,100
2020-10-27 09:31:44.200,4.748,200
2020-10-27 09:31:44.200,4.748,14000
2020-10-27 09:31:44.200,4.748,300
2020-10-27 09:31:44.200,4.748,2100
2020-10-27 09:31:44.200,4.748,100
2020-10-27 09:31:44.200,4.748,2000
2020-10-27 09:31:44.200,4.747,18800
2020-10-27 09:31:44.540,4.747,21000
2020-10-27 09:31:45.580,4.749,100
2020-10-27 09:31:45.720,4.749,100
2020-10-27 09:31:47.020,4.748,100000
2020-10-27 09:31:47.020,4.747,60200
2020-10-27 09:31:47.020,4.747,3000
2020-10-27 09:31:47.880,4.747,2000
2020-10-27 09:31:47.940,4.747,100
2020-10-27 09:31:48.290,4.747,100
2020-10-27 09:31:48.320,4.747,200
2020-10-27 09:31:49.230,4.746,50000
2020-10-27 09:31:49.900,4.747,1200
2020-10-27 09:31:49.990,4.746,20000
2020-10-27 09:31:50.400,4.747,3600
2020-10-27 09:31:51.410,4.747,1500
2020-10-27 09:31:51.580,4.747,600
2020-10-27 09:31:51.670,4.747,100
2020-10-27 09:31:51.770,4.746,7200
2020-10-27 09:31:51.770,4.746,14700
2020-10-27 09:31:52.020,4.747,100
2020-10-27 09:31:52.050,4.747,500
2020-10-27 09:31:52.790,4.747,300
2020-10-27 09:31:53.110,4.747,1000
2020-10-27 09:31:53.180,4.746,5000
2020-10-27 09:31:53.300,4.746,300
2020-10-27 09:31:53.300,4.746,1000
2020-10-27 09:31:53.300,4.746,100
2020-10-27 09:31:53.300,4.746,200
2020-10-27 09:31:53.300,4.746,2100
2020-10-27 09:31:53.330,4.746,1000
2020-10-27 09:31:53.710,4.746,1000
2020-10-27 09:31:54.810,4.746,3500
2020-10-27 09:31:55.000,4.746,63100
2020-10-27 09:31:55.560,4.745,246600
2020-10-27 09:31:55.560,4.745,1000
2020-10-27 09:31:55.560,4.745,1500
2020-10-27 09:31:55.560,4.745,5000
2020-10-27 09:31:55.560,4.745,200
2020-10-27 09:31:55.560,4.745,100
2020-10-27 09:31:55.560,4.745,5000
2020-10-27 09:31:55.560,4.745,5000
2020-10-27 09:31:55.560,4.745,2400
2020-10-27 09:31:55.560,4.745,1800
2020-10-27 09:31:55.560,4.745,2000
2020-10-27 09:31:55.630,4.745,29400
2020-10-27 09:31:55.630,4.746,70600
2020-10-27 09:31:56.250,4.745,200
2020-10-27 09:31:56.650,4.745,100
2020-10-27 09:31:57.640,4.745,40000
2020-10-27 09:31:57.660,4.745,40000
2020-10-27 09:31:57.830,4.745,500
2020-10-27 09:31:58.590,4.745,5000
2020-10-27 09:31:58.620,4.745,100000
2020-10-27 09:32:00.060,4.745,10000
2020-10-27 09:32:00.560,4.745,5300
2020-10-27 09:32:00.590,4.744,100
2020-10-27 09:32:00.590,4.744,60400
2020-10-27 09:32:00.910,4.745,98900
2020-10-27 09:32:00.910,4.746,123900
2020-10-27 09:32:01.680,4.744,3000
2020-10-27 09:32:01.920,4.746,33200
2020-10-27 09:32:01.920,4.746,2000
2020-10-27 09:32:01.920,4.746,3600
2020-10-27 09:32:02.300,4.746,2500
2020-10-27 09:32:02.300,4.747,5000
2020-10-27 09:32:02.390,4.746,6000
2020-10-27 09:32:02.640,4.746,12500
2020-10-27 09:32:03.070,4.746,200
2020-10-27 09:32:03.070,4.746,5500
2020-10-27 09:32:03.070,4.746,100
2020-10-27 09:32:03.110,4.745,1500
2020-10-27 09:32:03.110,4.744,28500
2020-10-27 09:32:04.730,4.744,3000
2020-10-27 09:32:05.010,4.745,1500
2020-10-27 09:32:05.010,4.744,39400
2020-10-27 09:32:05.170,4.746,100
2020-10-27 09:32:05.440,4.744,20900
2020-10-27 09:32:05.550,4.744,3700
2020-10-27 09:32:05.610,4.744,41100
2020-10-27 09:32:05.610,4.744,5000
2020-10-27 09:32:05.610,4.744,1800
2020-10-27 09:32:05.610,4.744,500
2020-10-27 09:32:06.160,4.744,1500
2020-10-27 09:32:06.240,4.744,50100
2020-10-27 09:32:06.240,4.745,49900
2020-10-27 09:32:06.300,4.745,2100
2020-10-27 09:32:06.300,4.744,1000
2020-10-27 09:32:06.630,4.744,3000
2020-10-27 09:32:06.990,4.744,5100
2020-10-27 09:32:06.990,4.743,500
2020-10-27 09:32:06.990,4.743,3300
2020-10-27 09:32:07.800,4.744,100
2020-10-27 09:32:08.310,4.744,400
2020-10-27 09:32:08.650,4.743,1700
2020-10-27 09:32:08.650,4.743,300
2020-10-27 09:32:08.650,4.743,100
2020-10-27 09:32:08.710,4.744,100
2020-10-27 09:32:08.770,4.743,2900
2020-10-27 09:32:08.770,4.743,1300
2020-10-27 09:32:08.840,4.743,300
2020-10-27 09:32:09.030,4.742,200
2020-10-27 09:32:09.030,4.742,39800
2020-10-27 09:32:10.170,4.742,10000
2020-10-27 09:32:10.250,4.742,8100
2020-10-27 09:32:11.260,4.742,42100
2020-10-27 09:32:11.500,4.742,10000
2020-10-27 09:32:12.540,4.742,100
2020-10-27 09:32:12.940,4.741,70900
2020-10-27 09:32:12.940,4.741,20000
2020-10-27 09:32:12.940,4.741,9100
2020-10-27 09:32:13.350,4.742,200
2020-10-27 09:32:14.350,4.742,5000
2020-10-27 09:32:17.250,4.741,90900
2020-10-27 09:32:17.250,4.741,3000
2020-10-27 09:32:17.250,4.74,50000
2020-10-27 09:32:17.250,4.74,2000
2020-10-27 09:32:17.250,4.74,100
2020-10-27 09:32:17.250,4.74,200
2020-10-27 09:32:17.250,4.74,500
2020-10-27 09:32:17.250,4.74,100
2020-10-27 09:32:17.250,4.74,3000
2020-10-27 09:32:17.250,4.74,15000
2020-10-27 09:32:17.250,4.74,2000
2020-10-27 09:32:17.250,4.74,7000
2020-10-27 09:32:17.250,4.74,30000
2020-10-27 09:32:17.250,4.74,300
2020-10-27 09:32:17.250,4.74,1000
2020-10-27 09:32:17.250,4.74,10000
2020-10-27 09:32:17.250,4.74,500
2020-10-27 09:32:17.250,4.74,6000
2020-10-27 09:32:17.250,4.74,6000
2020-10-27 09:32:17.250,4.74,10000
2020-10-27 09:32:17.250,4.74,100
2020-10-27 09:32:17.250,4.74,1000
2020-10-27 09:32:17.250,4.74,100
2020-10-27 09:32:17.500,4.74,10000
2020-10-27 09:32:17.560,4.74,1000
2020-10-27 09:32:17.750,4.74,100
2020-10-27 09:32:19.730,4.739,2000
2020-10-27 09:32:19.730,4.741,1000
2020-10-27 09:32:21.250,4.741,100
2020-10-27 09:32:22.190,4.74,4000
2020-10-27 09:32:22.350,4.742,2000
2020-10-27 09:32:22.350,4.742,2000
2020-10-27 09:32:22.660,4.742,200
2020-10-27 09:32:23.190,4.74,1200
2020-10-27 09:32:24.540,4.742,5000
2020-10-27 09:32:24.770,4.741,10000
2020-10-27 09:32:24.770,4.74,800
2020-10-27 09:32:24.770,4.74,1000
2020-10-27 09:32:24.770,4.74,2000
2020-10-27 09:32:24.770,4.74,3000
2020-10-27 09:32:24.830,4.74,10000
2020-10-27 09:32:25.110,4.74,1500
2020-10-27 09:32:25.110,4.74,1000
2020-10-27 09:32:25.330,4.74,700
2020-10-27 09:32:25.330,4.741,500
2020-10-27 09:32:26.090,4.74,5000
2020-10-27 09:32:26.150,4.74,21000
2020-10-27 09:32:30.390,4.74,4000
2020-10-27 09:32:30.390,4.74,500
2020-10-27 09:32:30.390,4.74,1000
2020-10-27 09:32:30.390,4.74,2600
2020-10-27 09:32:30.390,4.74,100
2020-10-27 09:32:30.390,4.739,24500
2020-10-27 09:32:30.390,4.739,1000
2020-10-27 09:32:30.390,4.739,2000
2020-10-27 09:32:31.640,4.739,40000
2020-10-27 09:32:32.190,4.739,10000
2020-10-27 09:32:32.250,4.739,500
2020-10-27 09:32:32.310,4.738,600
2020-10-27 09:32:32.310,4.738,1000
2020-10-27 09:32:32.310,4.738,900
2020-10-27 09:32:33.420,4.738,1200
2020-10-27 09:32:33.420,4.738,4000
2020-10-27 09:32:33.420,4.738,21100
2020-10-27 09:32:33.420,4.738,200
2020-10-27 09:32:33.420,4.738,500
2020-10-27 09:32:33.550,4.739,10000
2020-10-27 09:32:33.770,4.739,13000
2020-10-27 09:32:34.200,4.739,100
2020-10-27 09:32:34.600,4.739,200
2020-10-27 09:32:35.210,4.739,10000
2020-10-27 09:32:36.410,4.739,100
2020-10-27 09:32:36.510,4.739,100
2020-10-27 09:32:36.630,4.738,2000
2020-10-27 09:32:36.630,4.738,2100
2020-10-27 09:32:36.630,4.738,200
2020-10-27 09:32:36.890,4.739,15700
2020-10-27 09:32:36.930,4.738,9800
2020-10-27 09:32:36.930,4.738,200
2020-10-27 09:32:36.990,4.739,6500
2020-10-27 09:32:36.990,4.739,15000
2020-10-27 09:32:36.990,4.739,20000
2020-10-27 09:32:37.150,4.74,400
2020-10-27 09:32:37.280,4.739,300
2020-10-27 09:32:37.460,4.739,3100
2020-10-27 09:32:37.780,4.739,20000
2020-10-27 09:32:38.000,4.739,4000
2020-10-27 09:32:38.190,4.74,3000
2020-10-27 09:32:38.590,4.739,5300
2020-10-27 09:32:39.870,4.739,25800
2020-10-27 09:32:39.870,4.739,2500
2020-10-27 09:32:39.870,4.738,200
2020-10-27 09:32:39.870,4.738,10000
2020-10-27 09:32:39.870,4.738,200
2020-10-27 09:32:39.870,4.738,100
2020-10-27 09:32:39.870,4.738,200
2020-10-27 09:32:39.870,4.738,500
2020-10-27 09:32:39.870,4.738,10000
2020-10-27 09:32:39.870,4.738,31500
2020-10-27 09:32:40.090,4.739,1900
2020-10-27 09:32:40.090,4.738,2600
2020-10-27 09:32:40.120,4.739,100
2020-10-27 09:32:40.290,4.739,9200
2020-10-27 09:32:40.660,4.739,700
2020-10-27 09:32:40.660,4.738,4600
2020-10-27 09:32:41.250,4.739,400
2020-10-27 09:32:41.250,4.739,1800
2020-10-27 09:32:41.250,4.738,2300
2020-10-27 09:32:41.340,4.738,2900
2020-10-27 09:32:41.440,4.74,1000
2020-10-27 09:32:41.690,4.74,600
2020-10-27 09:32:41.690,4.74,400
2020-10-27 09:32:41.690,4.74,1000
2020-10-27 09:32:41.750,4.739,200
2020-10-27 09:32:41.750,4.738,1300
2020-10-27 09:32:42.820,4.738,400
2020-10-27 09:32:43.460,4.739,100
2020-10-27 09:32:44.540,4.739,2500
2020-10-27 09:32:45.070,4.74,5600
2020-10-27 09:32:45.070,4.74,1300
2020-10-27 09:32:45.070,4.74,3100
2020-10-27 09:32:45.070,4.74,6900
2020-10-27 09:32:45.070,4.74,50100
2020-10-27 09:32:45.070,4.74,15000
2020-10-27 09:32:45.070,4.74,100
2020-10-27 09:32:45.230,4.74,10000
2020-10-27 09:32:45.510,4.74,2000
2020-10-27 09:32:46.380,4.74,5000
2020-10-27 09:32:46.480,4.74,1600
2020-10-27 09:32:46.550,4.74,14700
2020-10-27 09:32:46.550,4.739,1300
2020-10-27 09:32:47.620,4.739,1100
2020-10-27 09:32:47.620,4.739,8900
2020-10-27 09:32:49.280,4.74,6000
2020-10-27 09:32:49.280,4.74,4000
2020-10-27 09:32:50.190,4.74,100
2020-10-27 09:32:50.490,4.739,13500
2020-10-27 09:32:50.590,4.739,200
2020-10-27 09:32:50.660,4.74,300
2020-10-27 09:32:50.750,4.739,17400
2020-10-27 09:32:50.750,4.739,2600
2020-10-27 09:32:51.040,4.74,600
2020-10-27 09:32:51.140,4.739,3000
2020-10-27 09:32:53.670,4.74,500
2020-10-27 09:32:53.950,4.74,37500
2020-10-27 09:32:53.950,4.74,10000
2020-10-27 09:32:53.950,4.74,7000
2020-10-27 09:32:53.950,4.74,6100
2020-10-27 09:32:53.950,4.74,2100
2020-10-27 09:32:53.950,4.74,10000
2020-10-27 09:32:53.950,4.74,4000
2020-10-27 09:32:54.860,4.74,10000
2020-10-27 09:32:55.530,4.74,4000
2020-10-27 09:32:56.430,4.74,4900
2020-10-27 09:32:56.590,4.74,4400
2020-10-27 09:32:56.590,4.74,100
2020-10-27 09:32:56.590,4.739,9300
2020-10-27 09:32:56.590,4.739,200
2020-10-27 09:32:56.590,4.739,400
2020-10-27 09:32:56.590,4.739,600
2020-10-27 09:32:56.590,4.739,300
2020-10-27 09:32:56.870,4.741,500
2020-10-27 09:32:57.500,4.74,3000
2020-10-27 09:32:58.080,4.74,100
2020-10-27 09:32:58.130,4.74,100
2020-10-27 09:32:58.190,4.739,4100
2020-10-27 09:32:58.190,4.739,100
2020-10-27 09:32:58.190,4.739,5000
2020-10-27 09:32:58.190,4.739,10000
2020-10-27 09:32:58.190,4.739,3000
2020-10-27 09:32:58.190,4.739,100
2020-10-27 09:32:58.190,4.739,95000
2020-10-27 09:32:58.380,4.74,100
2020-10-27 09:32:58.380,4.74,100
2020-10-27 09:32:59.200,4.739,5000
2020-10-27 09:32:59.200,4.739,50000
2020-10-27 09:32:59.200,4.739,10500
2020-10-27 09:32:59.200,4.739,500
2020-10-27 09:32:59.200,4.739,200
2020-10-27 09:32:59.200,4.739,5000
2020-10-27 09:32:59.200,4.739,3000
2020-10-27 09:32:59.200,4.739,20000
2020-10-27 09:32:59.200,4.738,17700
2020-10-27 09:32:59.200,4.738,1500
2020-10-27 09:32:59.200,4.738,10000
2020-10-27 09:32:59.200,4.738,500
2020-10-27 09:32:59.200,4.738,10000
2020-10-27 09:32:59.200,4.738,5000
2020-10-27 09:32:59.200,4.738,100
2020-10-27 09:32:59.200,4.738,200
2020-10-27 09:32:59.200,4.738,100
2020-10-27 09:32:59.200,4.738,6000
2020-10-27 09:32:59.200,4.738,10000
2020-10-27 09:32:59.200,4.738,100
2020-10-27 09:32:59.200,4.738,15000
2020-10-27 09:32:59.200,4.738,100
2020-10-27 09:32:59.200,4.738,300
2020-10-27 09:32:59.200,4.738,100
2020-10-27 09:32:59.200,4.738,100
2020-10-27 09:32:59.200,4.738,2100
2020-10-27 09:32:59.200,4.738,100
2020-10-27 09:32:59.200,4.738,200
2020-10-27 09:32:59.200,4.738,100
2020-10-27 09:32:59.200,4.738,200
2020-10-27 09:32:59.200,4.738,300
2020-10-27 09:32:59.200,4.738,126000
2020-10-27 09:32:59.710,4.739,900
2020-10-27 09:32:59.710,4.74,6600
2020-10-27 09:32:59.710,4.74,8900
2020-10-27 09:32:59.710,4.74,10000
2020-10-27 09:32:59.710,4.74,23600
2020-10-27 09:32:59.830,4.739,100
2020-10-27 09:32:59.830,4.738,73500
2020-10-27 09:32:59.830,4.738,1000
2020-10-27 09:32:59.830,4.738,1000
2020-10-27 09:32:59.830,4.738,100
2020-10-27 09:32:59.830,4.738,100
2020-10-27 09:32:59.830,4.738,5000
2020-10-27 09:32:59.830,4.738,7000
2020-10-27 09:32:59.830,4.738,10000
2020-10-27 09:32:59.830,4.738,3100
2020-10-27 09:32:59.830,4.738,200
2020-10-27 09:32:59.830,4.738,5000
2020-10-27 09:32:59.830,4.738,10000
2020-10-27 09:32:59.830,4.738,2800
2020-10-27 09:32:59.830,4.738,10000
2020-10-27 09:32:59.830,4.738,3000
2020-10-27 09:32:59.830,4.738,5000
2020-10-27 09:32:59.830,4.738,30000
2020-10-27 09:32:59.830,4.738,200
2020-10-27 09:32:59.830,4.738,500
2020-10-27 09:32:59.830,4.738,200
2020-10-27 09:32:59.830,4.738,500
2020-10-27 09:32:59.830,4.738,1800
2020-10-27 09:32:59.830,4.738,600
2020-10-27 09:32:59.830,4.738,1000
2020-10-27 09:32:59.830,4.738,1000
2020-10-27 09:33:01.700,4.738,1700
2020-10-27 09:33:02.450,4.738,500
2020-10-27 09:33:04.490,4.738,2800
2020-10-27 09:33:04.550,4.738,100
2020-10-27 09:33:04.710,4.738,3000
2020-10-27 09:33:04.870,4.738,500
2020-10-27 09:33:05.360,4.738,5000
2020-10-27 09:33:05.800,4.738,500
2020-10-27 09:33:05.800,4.738,11000
2020-10-27 09:33:05.860,4.737,1000
2020-10-27 09:33:05.860,4.737,10000
2020-10-27 09:33:05.860,4.737,1000
2020-10-27 09:33:05.860,4.737,200
2020-10-27 09:33:05.860,4.737,2000
2020-10-27 09:33:05.860,4.737,1000
2020-10-27 09:33:05.860,4.737,10000
2020-10-27 09:33:05.860,4.737,3000
2020-10-27 09:33:05.860,4.737,5000
2020-10-27 09:33:05.860,4.737,16800
2020-10-27 09:33:06.050,4.738,200
2020-10-27 09:33:06.690,4.738,9900
2020-10-27 09:33:06.820,4.738,2500
2020-10-27 09:33:07.010,4.738,20000
2020-10-27 09:33:07.040,4.738,100
2020-10-27 09:33:07.170,4.738,69500
2020-10-27 09:33:07.360,4.739,300
2020-10-27 09:33:07.360,4.739,1300
2020-10-27 09:33:07.360,4.739,1000
2020-10-27 09:33:07.360,4.74,5000
2020-10-27 09:33:07.360,4.74,1000
2020-10-27 09:33:07.360,4.74,41500
2020-10-27 09:33:08.280,4.74,5000
2020-10-27 09:33:08.830,4.74,100
2020-10-27 09:33:09.970,4.739,5000
2020-10-27 09:33:10.150,4.739,3000
2020-10-27 09:33:12.800,4.738,100000
2020-10-27 09:33:13.110,4.738,5000
2020-10-27 09:33:13.200,4.738,5000
2020-10-27 09:33:13.600,4.738,3000
2020-10-27 09:33:13.790,4.739,200
2020-10-27 09:33:15.230,4.739,1400
2020-10-27 09:33:16.420,4.739,4600
2020-10-27 09:33:16.420,4.739,6000
2020-10-27 09:33:16.670,4.739,70000
2020-10-27 09:33:16.730,4.739,79400
2020-10-27 09:33:16.730,4.739,70000
2020-10-27 09:33:16.800,4.738,60700
2020-10-27 09:33:16.800,4.738,15000
2020-10-27 09:33:16.800,4.738,1000
2020-10-27 09:33:16.800,4.738,100
2020-10-27 09:33:16.800,4.738,8200
2020-10-27 09:33:17.770,4.738,100
2020-10-27 09:33:17.830,4.739,100
2020-10-27 09:33:17.990,4.739,500
2020-10-27 09:33:18.220,4.739,10000
2020-10-27 09:33:18.260,4.739,100000
2020-10-27 09:33:18.260,4.739,20000
2020-10-27 09:33:18.260,4.739,20000
2020-10-27 09:33:18.430,4.739,24000
2020-10-27 09:33:18.430,4.739,19000
2020-10-27 09:33:18.430,4.739,1700
2020-10-27 09:33:18.430,4.739,300
2020-10-27 09:33:19.680,4.739,6000
2020-10-27 09:33:20.590,4.739,17100
2020-10-27 09:33:20.800,4.74,5000
2020-10-27 09:33:21.230,4.739,300
2020-10-27 09:33:22.040,4.74,500
2020-10-27 09:33:22.430,4.739,2100
2020-10-27 09:33:22.650,4.739,400
2020-10-27 09:33:22.960,4.74,600
2020-10-27 09:33:23.180,4.74,2100
2020-10-27 09:33:23.640,4.739,4100
2020-10-27 09:33:23.640,4.739,1000
2020-10-27 09:33:23.640,4.738,2100
2020-10-27 09:33:23.640,4.738,100
2020-10-27 09:33:23.640,4.738,200
2020-10-27 09:33:23.640,4.738,100
2020-10-27 09:33:23.640,4.738,1400
2020-10-27 09:33:24.100,4.74,1000
2020-10-27 09:33:24.280,4.74,500
2020-10-27 09:33:26.280,4.74,200
2020-10-27 09:33:26.450,4.74,5100
2020-10-27 09:33:26.450,4.74,500
2020-10-27 09:33:26.450,4.74,1000
2020-10-27 09:33:28.340,4.74,13400
2020-10-27 09:33:28.340,4.739,100
2020-10-27 09:33:28.340,4.739,30000
2020-10-27 09:33:28.340,4.739,40000
2020-10-27 09:33:28.500,4.739,2000
2020-10-27 09:33:28.710,4.739,1500
2020-10-27 09:33:28.970,4.739,30000
2020-10-27 09:33:29.290,4.738,1200
2020-10-27 09:33:29.880,4.738,100
2020-10-27 09:33:29.940,4.739,11600
2020-10-27 09:33:30.220,4.739,10000
2020-10-27 09:33:30.290,4.739,100000
2020-10-27 09:33:30.290,4.739,10000
2020-10-27 09:33:30.560,4.738,3000
2020-10-27 09:33:31.060,4.739,21400
2020-10-27 09:33:31.060,4.739,200
2020-10-27 09:33:31.060,4.739,13700
2020-10-27 09:33:31.220,4.74,3000
2020-10-27 09:33:32.170,4.74,7000
2020-10-27 09:33:32.170,4.738,4300
2020-10-27 09:33:32.170,4.738,800
2020-10-27 09:33:32.170,4.738,2500
2020-10-27 09:33:32.170,4.738,100
2020-10-27 09:33:32.170,4.738,5300
2020-10-27 09:33:32.740,4.74,400
2020-10-27 09:33:35.040,4.741,100
2020-10-27 09:33:35.730,4.74,300
2020-10-27 09:33:36.940,4.74,1400
2020-10-27 09:33:37.470,4.74,8300
2020-10-27 09:33:37.470,4.74,100000
2020-10-27 09:33:37.470,4.74,23000
2020-10-27 09:33:37.560,4.74,77000
2020-10-27 09:33:37.560,4.74,20000
2020-10-27 09:33:37.560,4.74,1000
2020-10-27 09:33:37.560,4.74,1000
2020-10-27 09:33:37.560,4.74,31000
2020-10-27 09:33:37.560,4.74,1300
2020-10-27 09:33:38.050,4.741,2900
2020-10-27 09:33:38.050,4.741,200
2020-10-27 09:33:38.050,4.741,200
2020-10-27 09:33:38.050,4.741,2500
2020-10-27 09:33:38.050,4.741,200
2020-10-27 09:33:38.050,4.741,500
2020-10-27 09:33:38.500,4.741,23500
2020-10-27 09:33:38.500,4.74,6500
2020-10-27 09:33:39.230,4.742,100000
2020-10-27 09:33:39.260,4.742,20000
2020-10-27 09:33:39.290,4.742,31100
2020-10-27 09:33:39.320,4.741,10600
2020-10-27 09:33:39.630,4.742,100000
2020-10-27 09:33:40.220,4.741,3000
2020-10-27 09:33:40.420,4.741,1000
2020-10-27 09:33:40.760,4.741,100
2020-10-27 09:33:41.610,4.741,12200
2020-10-27 09:33:43.470,4.742,3000
2020-10-27 09:33:44.830,4.743,2000
2020-10-27 09:33:44.860,4.742,4100
2020-10-27 09:33:45.350,4.742,12700
2020-10-27 09:33:45.940,4.742,1200
2020-10-27 09:33:45.940,4.742,100
2020-10-27 09:33:45.940,4.742,3000
2020-10-27 09:33:45.940,4.742,2500
2020-10-27 09:33:48.210,4.742,9800
2020-10-27 09:33:49.870,4.742,300
2020-10-27 09:33:50.300,4.743,8100
2020-10-27 09:33:50.300,4.743,1900
2020-10-27 09:33:51.000,4.743,100
2020-10-27 09:33:51.000,4.743,3000
2020-10-27 09:33:51.000,4.743,200
2020-10-27 09:33:51.000,4.743,7200
2020-10-27 09:33:51.960,4.743,3000
2020-10-27 09:33:52.510,4.741,1700
2020-10-27 09:33:52.770,4.743,10000
2020-10-27 09:33:52.860,4.742,5000
2020-10-27 09:33:52.980,4.743,10000
2020-10-27 09:33:53.410,4.743,10000
2020-10-27 09:33:53.620,4.743,10000
2020-10-27 09:33:54.300,4.742,5000
2020-10-27 09:33:55.090,4.742,300
2020-10-27 09:33:55.090,4.741,22700
2020-10-27 09:33:55.530,4.742,100
2020-10-27 09:33:56.130,4.741,2100
2020-10-27 09:33:56.870,4.742,200
2020-10-27 09:33:56.900,4.742,800
2020-10-27 09:33:57.140,4.742,4700
2020-10-27 09:33:57.510,4.742,200
2020-10-27 09:33:58.670,4.742,50000
2020-10-27 09:34:00.290,4.742,10000
2020-10-27 09:34:01.250,4.741,900
2020-10-27 09:34:02.150,4.742,100
2020-10-27 09:34:02.520,4.741,13100
2020-10-27 09:34:02.960,4.742,1000
2020-10-27 09:34:03.090,4.742,200
2020-10-27 09:34:03.250,4.742,1800
2020-10-27 09:34:03.250,4.742,200
2020-10-27 09:34:03.250,4.741,25500
2020-10-27 09:34:03.250,4.741,5000
2020-10-27 09:34:03.250,4.741,1100
2020-10-27 09:34:03.250,4.741,5000
2020-10-27 09:34:03.250,4.741,1000
2020-10-27 09:34:03.490,4.742,2000
2020-10-27 09:34:03.770,4.741,4000
2020-10-27 09:34:03.770,4.741,100
2020-10-27 09:34:03.770,4.741,5200
2020-10-27 09:34:03.770,4.741,7200
2020-10-27 09:34:04.020,4.741,500
2020-10-27 09:34:04.560,4.741,1000
2020-10-27 09:34:04.990,4.74,1100
2020-10-27 09:34:04.990,4.74,100
2020-10-27 09:34:04.990,4.74,400
2020-10-27 09:34:04.990,4.74,100
2020-10-27 09:34:04.990,4.74,3000
2020-10-27 09:34:04.990,4.74,5100
2020-10-27 09:34:04.990,4.74,10000
2020-10-27 09:34:04.990,4.74,1000
2020-10-27 09:34:04.990,4.74,1100
2020-10-27 09:34:04.990,4.74,500
2020-10-27 09:34:04.990,4.74,2000
2020-10-27 09:34:04.990,4.74,400
2020-10-27 09:34:04.990,4.74,3000
2020-10-27 09:34:04.990,4.74,3000
2020-10-27 09:34:04.990,4.74,2000
2020-10-27 09:34:04.990,4.74,4000
2020-10-27 09:34:04.990,4.74,4000
2020-10-27 09:34:04.990,4.74,2600
2020-10-27 09:34:04.990,4.739,200000
2020-10-27 09:34:04.990,4.739,22000
2020-10-27 09:34:04.990,4.739,1000
2020-10-27 09:34:04.990,4.739,5000
2020-10-27 09:34:04.990,4.739,5000
2020-10-27 09:34:04.990,4.739,2000
2020-10-27 09:34:04.990,4.739,500
2020-10-27 09:34:04.990,4.739,5300
2020-10-27 09:34:04.990,4.739,600
2020-10-27 09:34:04.990,4.739,5000
2020-10-27 09:34:04.990,4.739,500
2020-10-27 09:34:04.990,4.739,14700
2020-10-27 09:34:07.800,4.74,5000
2020-10-27 09:34:07.860,4.74,900
2020-10-27 09:34:07.860,4.74,5000
2020-10-27 09:34:08.800,4.74,500
2020-10-27 09:34:10.010,4.74,2500
2020-10-27 09:34:10.110,4.739,2500
2020-10-27 09:34:10.240,4.74,3000
2020-10-27 09:34:10.620,4.74,10000
2020-10-27 09:34:10.650,4.74,5000
2020-10-27 09:34:11.650,4.74,100
2020-10-27 09:34:12.530,4.74,1000
2020-10-27 09:34:12.880,4.739,12800
2020-10-27 09:34:12.880,4.739,300
2020-10-27 09:34:12.880,4.739,2400
2020-10-27 09:34:14.180,4.739,100
2020-10-27 09:34:14.180,4.739,2000
2020-10-27 09:34:14.910,4.739,5600
2020-10-27 09:34:15.220,4.739,100000
2020-10-27 09:34:15.220,4.739,20000
2020-10-27 09:34:17.170,4.739,100
2020-10-27 09:34:17.560,4.739,1500
2020-10-27 09:34:18.090,4.739,11000
2020-10-27 09:34:19.510,4.739,2600
2020-10-27 09:34:19.510,4.739,40000
2020-10-27 09:34:19.510,4.739,40000
2020-10-27 09:34:19.510,4.739,50000
2020-10-27 09:34:19.510,4.739,5000
2020-10-27 09:34:20.240,4.739,30000
2020-10-27 09:34:20.330,4.738,1000
2020-10-27 09:34:20.330,4.738,2500
2020-10-27 09:34:20.330,4.738,2600
2020-10-27 09:34:20.330,4.738,14900
2020-10-27 09:34:20.770,4.738,46100
2020-10-27 09:34:21.080,4.738,39000
2020-10-27 09:34:21.080,4.738,4900
2020-10-27 09:34:21.080,4.738,3000
2020-10-27 09:34:21.080,4.738,13200
2020-10-27 09:34:21.080,4.738,5000
2020-10-27 09:34:21.080,4.738,8000
2020-10-27 09:34:21.080,4.738,10000
2020-10-27 09:34:21.080,4.738,2600
2020-10-27 09:34:21.080,4.738,100
2020-10-27 09:34:21.080,4.738,6100
2020-10-27 09:34:21.140,4.739,600
2020-10-27 09:34:21.240,4.739,1000
2020-10-27 09:34:21.240,4.739,100000
2020-10-27 09:34:21.510,4.739,100
2020-10-27 09:34:23.630,4.74,17300
2020-10-27 09:34:24.600,4.739,500
2020-10-27 09:34:25.010,4.739,300
2020-10-27 09:34:25.170,4.74,60600
2020-10-27 09:34:25.170,4.74,19400
2020-10-27 09:34:25.210,4.74,40600
2020-10-27 09:34:25.210,4.74,2000
2020-10-27 09:34:25.210,4.74,11500
2020-10-27 09:34:25.210,4.74,1100
2020-10-27 09:34:25.210,4.74,400
2020-10-27 09:34:25.210,4.74,24400
2020-10-27 09:34:26.260,4.74,20000
2020-10-27 09:34:26.900,4.739,400
2020-10-27 09:34:26.900,4.739,20000
2020-10-27 09:34:26.900,4.739,2500
2020-10-27 09:34:26.900,4.739,68700
2020-10-27 09:34:27.640,4.74,40000
2020-10-27 09:34:28.170,4.74,90000
2020-10-27 09:34:28.200,4.74,100000
2020-10-27 09:34:28.200,4.74,50000
2020-10-27 09:34:28.580,4.74,500
2020-10-27 09:34:28.840,4.739,1300
2020-10-27 09:34:28.840,4.739,1700
2020-10-27 09:34:29.150,4.74,20100
2020-10-27 09:34:29.240,4.74,6000
2020-10-27 09:34:29.680,4.739,8000
2020-10-27 09:34:29.770,4.739,300
2020-10-27 09:34:29.840,4.74,100
2020-10-27 09:34:29.990,4.739,20000
2020-10-27 09:34:29.990,4.739,10000
2020-10-27 09:34:29.990,4.739,2000
2020-10-27 09:34:29.990,4.739,4900
2020-10-27 09:34:30.240,4.74,48900
2020-10-27 09:34:30.240,4.74,12500
2020-10-27 09:34:30.240,4.74,2000
2020-10-27 09:34:30.240,4.74,10200
2020-10-27 09:34:30.240,4.74,6400
2020-10-27 09:34:30.240,4.74,200
2020-10-27 09:34:30.500,4.739,700
2020-10-27 09:34:31.470,4.739,1400
2020-10-27 09:34:32.070,4.74,1000
2020-10-27 09:34:32.070,4.739,2000
2020-10-27 09:34:32.500,4.74,2000
2020-10-27 09:34:33.200,4.74,1000
2020-10-27 09:34:33.230,4.74,40000
2020-10-27 09:34:33.900,4.74,3700
2020-10-27 09:34:34.610,4.739,1200
2020-10-27 09:34:34.810,4.739,5200
2020-10-27 09:34:34.810,4.739,200
2020-10-27 09:34:34.810,4.739,600
2020-10-27 09:34:35.530,4.739,1400
2020-10-27 09:34:35.530,4.739,6600
2020-10-27 09:34:35.530,4.739,3000
2020-10-27 09:34:35.600,4.739,10500
2020-10-27 09:34:35.930,4.739,2200
2020-10-27 09:34:36.150,4.739,1100
2020-10-27 09:34:36.720,4.74,5700
2020-10-27 09:34:36.780,4.74,27100
2020-10-27 09:34:36.780,4.739,13200
2020-10-27 09:34:36.780,4.739,2100
2020-10-27 09:34:36.890,4.739,3000
2020-10-27 09:34:37.210,4.739,400
2020-10-27 09:34:37.490,4.74,5000
2020-10-27 09:34:38.050,4.739,1600
2020-10-27 09:34:38.050,4.739,500
2020-10-27 09:34:38.350,4.739,1400
2020-10-27 09:34:38.480,4.739,3000
2020-10-27 09:34:39.110,4.739,3500
2020-10-27 09:34:39.110,4.739,1200
2020-10-27 09:34:39.910,4.739,1000
2020-10-27 09:34:40.510,4.739,3700
2020-10-27 09:34:40.510,4.74,1100
2020-10-27 09:34:42.590,4.739,2600
2020-10-27 09:34:42.720,4.739,9100
2020-10-27 09:34:44.350,4.74,500
2020-10-27 09:34:44.540,4.739,4700
2020-10-27 09:34:45.270,4.74,200
2020-10-27 09:34:45.340,4.739,700
2020-10-27 09:34:46.200,4.74,4400
2020-10-27 09:34:46.360,4.739,700
2020-10-27 09:34:46.870,4.739,3000
2020-10-27 09:34:47.400,4.739,2400
2020-10-27 09:34:48.000,4.739,3000
2020-10-27 09:34:49.230,4.74,400
2020-10-27 09:34:49.260,4.739,1800
2020-10-27 09:34:49.380,4.739,700
2020-10-27 09:34:49.380,4.739,6500
2020-10-27 09:34:49.440,4.739,9900
2020-10-27 09:34:49.690,4.739,3600
2020-10-27 09:34:49.690,4.739,3000
2020-10-27 09:34:49.690,4.739,300
2020-10-27 09:34:50.410,4.739,200
2020-10-27 09:34:50.410,4.739,9800
2020-10-27 09:34:50.530,4.739,2000
2020-10-27 09:34:50.690,4.74,5000
2020-10-27 09:34:51.560,4.739,2100
2020-10-27 09:34:52.520,4.739,10000
2020-10-27 09:34:52.640,4.74,3000
2020-10-27 09:34:52.770,4.74,100
2020-10-27 09:34:52.840,4.74,10000
2020-10-27 09:34:54.180,4.74,30300
2020-10-27 09:34:54.180,4.74,500
2020-10-27 09:34:54.180,4.74,2000
2020-10-27 09:34:54.180,4.74,41800
2020-10-27 09:34:54.180,4.74,25400
2020-10-27 09:34:54.210,4.74,20000
2020-10-27 09:34:54.210,4.74,100000
2020-10-27 09:34:54.210,4.74,40000
2020-10-27 09:34:54.210,4.74,30000
2020-10-27 09:34:54.210,4.74,84600
2020-10-27 09:34:54.210,4.74,15400
2020-10-27 09:34:54.210,4.74,10200
2020-10-27 09:34:54.210,4.74,29800
2020-10-27 09:34:54.210,4.74,30000
2020-10-27 09:34:54.620,4.74,100
2020-10-27 09:34:55.450,4.74,60000
2020-10-27 09:34:56.410,4.74,2000
2020-10-27 09:34:56.430,4.74,3700
2020-10-27 09:34:56.430,4.74,2000
2020-10-27 09:34:56.490,4.74,32300
2020-10-27 09:34:56.490,4.74,27700
2020-10-27 09:34:56.530,4.74,32300
2020-10-27 09:34:56.530,4.74,1000
2020-10-27 09:34:57.900,4.739,176100
2020-10-27 09:34:57.900,4.739,11800
2020-10-27 09:34:57.900,4.739,2000
2020-10-27 09:34:57.900,4.739,400
2020-10-27 09:34:57.900,4.739,8000
2020-10-27 09:34:57.900,4.739,40000
2020-10-27 09:34:57.900,4.739,8000
2020-10-27 09:34:57.900,4.739,100
2020-10-27 09:34:57.900,4.739,2000
2020-10-27 09:34:57.900,4.739,300
2020-10-27 09:34:57.900,4.739,1000
2020-10-27 09:34:57.900,4.739,100
2020-10-27 09:34:57.900,4.739,200
2020-10-27 09:34:58.340,4.739,10000
2020-10-27 09:34:58.500,4.739,100
2020-10-27 09:34:58.740,4.739,500
2020-10-27 09:34:58.940,4.739,4000
2020-10-27 09:34:59.050,4.739,1000
2020-10-27 09:34:59.350,4.739,700
2020-10-27 09:34:59.350,4.739,2000
2020-10-27 09:34:59.700,4.739,300
2020-10-27 09:35:01.180,4.739,100
2020-10-27 09:35:01.210,4.739,1000
2020-10-27 09:35:01.370,4.739,100
2020-10-27 09:35:02.270,4.739,7000
2020-10-27 09:35:03.130,4.739,10000
2020-10-27 09:35:03.450,4.739,8000
2020-10-27 09:35:03.700,4.739,5200
2020-10-27 09:35:03.700,4.739,300
2020-10-27 09:35:03.700,4.739,600
2020-10-27 09:35:04.110,4.739,3900
2020-10-27 09:35:04.110,4.739,1600
2020-10-27 09:35:04.170,4.739,400
2020-10-27 09:35:04.170,4.738,1700
2020-10-27 09:35:04.600,4.739,200
2020-10-27 09:35:05.350,4.74,500
2020-10-27 09:35:05.670,4.739,300
2020-10-27 09:35:05.670,4.739,1700
2020-10-27 09:35:06.730,4.74,7500
2020-10-27 09:35:06.730,4.74,6500
2020-10-27 09:35:06.890,4.739,500
2020-10-27 09:35:07.110,4.74,400
2020-10-27 09:35:07.390,4.739,400
2020-10-27 09:35:08.300,4.739,100
2020-10-27 09:35:09.230,4.74,100
2020-10-27 09:35:09.230,4.74,19900
2020-10-27 09:35:09.230,4.74,20000
2020-10-27 09:35:09.800,4.74,2100
2020-10-27 09:35:11.560,4.74,20000
2020-10-27 09:35:12.210,4.74,10000
2020-10-27 09:35:13.620,4.74,10200
2020-10-27 09:35:13.680,4.74,100
2020-10-27 09:35:14.440,4.74,800
2020-10-27 09:35:14.910,4.741,500
2020-10-27 09:35:14.950,4.74,100
2020-10-27 09:35:16.290,4.74,2200
2020-10-27 09:35:16.320,4.74,3000
2020-10-27 09:35:19.910,4.74,1000
2020-10-27 09:35:20.970,4.74,3000
2020-10-27 09:35:21.850,4.74,20000
2020-10-27 09:35:23.560,4.741,100
2020-10-27 09:35:23.720,4.741,4400
2020-10-27 09:35:23.720,4.741,3000
2020-10-27 09:35:23.720,4.741,4000
2020-10-27 09:35:24.840,4.741,10000
2020-10-27 09:35:24.840,4.741,600
2020-10-27 09:35:25.000,4.741,3000
2020-10-27 09:35:25.470,4.741,4100
2020-10-27 09:35:26.900,4.741,19000
2020-10-27 09:35:27.740,4.742,100
2020-10-27 09:35:29.300,4.741,1000
2020-10-27 09:35:29.490,4.742,3900
2020-10-27 09:35:29.490,4.742,100
2020-10-27 09:35:29.490,4.742,4100
2020-10-27 09:35:30.170,4.742,900
2020-10-27 09:35:30.170,4.742,99100
2020-10-27 09:35:31.580,4.741,3300
2020-10-27 09:35:31.680,4.742,100
2020-10-27 09:35:32.340,4.742,2000
2020-10-27 09:35:32.710,4.742,2200
2020-10-27 09:35:33.040,4.742,10000
2020-10-27 09:35:33.470,4.741,26800
2020-10-27 09:35:34.840,4.743,2500
2020-10-27 09:35:34.840,4.743,3500
2020-10-27 09:35:34.840,4.743,6000
2020-10-27 09:35:34.840,4.743,1300
2020-10-27 09:35:34.840,4.743,5700
2020-10-27 09:35:35.180,4.742,5000
2020-10-27 09:35:35.250,4.742,800
2020-10-27 09:35:35.250,4.742,9200
2020-10-27 09:35:37.240,4.743,100
2020-10-27 09:35:37.240,4.743,100
2020-10-27 09:35:37.310,4.743,35100
2020-10-27 09:35:37.500,4.743,500
2020-10-27 09:35:39.060,4.742,2000
2020-10-27 09:35:40.330,4.743,300
2020-10-27 09:35:42.550,4.743,2400
2020-10-27 09:35:43.350,4.743,7600
2020-10-27 09:35:43.350,4.743,200
2020-10-27 09:35:43.350,4.743,2000
2020-10-27 09:35:43.350,4.742,10200
2020-10-27 09:35:43.600,4.742,8500
2020-10-27 09:35:43.850,4.742,1000
2020-10-27 09:35:45.490,4.744,400
2020-10-27 09:35:45.490,4.744,100
2020-10-27 09:35:48.530,4.744,100
2020-10-27 09:35:51.680,4.744,10000
2020-10-27 09:35:51.750,4.743,2800
2020-10-27 09:35:51.750,4.743,5000
2020-10-27 09:35:51.750,4.743,4700
2020-10-27 09:35:53.220,4.744,1000
2020-10-27 09:35:53.630,4.744,10500
2020-10-27 09:35:53.630,4.744,500
2020-10-27 09:35:53.630,4.744,7300
2020-10-27 09:35:54.260,4.743,300
2020-10-27 09:35:54.260,4.743,4700
2020-10-27 09:35:54.840,4.744,600
2020-10-27 09:35:55.530,4.744,300
2020-10-27 09:35:55.560,4.744,400
2020-10-27 09:35:56.370,4.743,10800
2020-10-27 09:35:56.560,4.744,18100
2020-10-27 09:35:56.960,4.744,1000
2020-10-27 09:35:58.950,4.744,10000
2020-10-27 09:35:58.950,4.743,4500
2020-10-27 09:35:58.950,4.743,7000
2020-10-27 09:35:59.650,4.744,40000
2020-10-27 09:35:59.690,4.744,2100
2020-10-27 09:35:59.720,4.744,300
2020-10-27 09:35:59.720,4.744,100
2020-10-27 09:36:03.980,4.744,500
2020-10-27 09:36:04.200,4.745,900
2020-10-27 09:36:05.130,4.745,100
2020-10-27 09:36:05.130,4.745,100
2020-10-27 09:36:05.130,4.745,300
2020-10-27 09:36:06.180,4.745,1100
2020-10-27 09:36:06.180,4.745,2000
2020-10-27 09:36:06.180,4.745,10000
2020-10-27 09:36:06.180,4.745,2000
2020-10-27 09:36:06.180,4.745,18100
2020-10-27 09:36:08.440,4.745,3000
2020-10-27 09:36:09.560,4.745,700
2020-10-27 09:36:10.240,4.746,3000
2020-10-27 09:36:10.240,4.746,7000
2020-10-27 09:36:10.310,4.746,4000
2020-10-27 09:36:10.310,4.746,2000
2020-10-27 09:36:11.110,4.747,500
2020-10-27 09:36:11.110,4.747,39500
2020-10-27 09:36:11.780,4.746,500
2020-10-27 09:36:14.220,4.747,500
2020-10-27 09:36:14.250,4.748,2200
2020-10-27 09:36:14.290,4.747,2500
2020-10-27 09:36:14.290,4.746,1700
2020-10-27 09:36:15.390,4.746,1800
2020-10-27 09:36:15.390,4.746,1300
2020-10-27 09:36:19.020,4.747,5800
2020-10-27 09:36:19.880,4.747,2000
2020-10-27 09:36:20.010,4.747,900
2020-10-27 09:36:21.110,4.747,500
2020-10-27 09:36:21.260,4.746,8700
2020-10-27 09:36:21.260,4.746,1000
2020-10-27 09:36:21.260,4.746,10000
2020-10-27 09:36:21.260,4.746,3000
2020-10-27 09:36:21.260,4.746,5000
2020-10-27 09:36:21.260,4.746,500
2020-10-27 09:36:21.260,4.746,5000
2020-10-27 09:36:21.260,4.746,100
2020-10-27 09:36:21.260,4.746,2000
2020-10-27 09:36:21.260,4.746,5000
2020-10-27 09:36:21.260,4.745,4000
2020-10-27 09:36:21.260,4.745,400
2020-10-27 09:36:21.260,4.745,5000
2020-10-27 09:36:21.260,4.745,200
2020-10-27 09:36:21.260,4.745,16400
2020-10-27 09:36:21.260,4.745,3000
2020-10-27 09:36:21.260,4.745,1000
2020-10-27 09:36:21.260,4.745,23200
2020-10-27 09:36:21.260,4.745,2000
2020-10-27 09:36:21.390,4.745,1000
2020-10-27 09:36:21.800,4.745,3000
2020-10-27 09:36:22.450,4.745,45000
2020-10-27 09:36:23.190,4.745,80000
2020-10-27 09:36:23.220,4.745,40000
2020-10-27 09:36:24.930,4.745,500
2020-10-27 09:36:25.030,4.745,80000
2020-10-27 09:36:25.030,4.745,80000
2020-10-27 09:36:25.030,4.745,50000
2020-10-27 09:36:25.240,4.745,1000
2020-10-27 09:36:25.440,4.745,1000
2020-10-27 09:36:26.960,4.746,200
2020-10-27 09:36:27.790,4.746,800
2020-10-27 09:36:27.790,4.746,9200
2020-10-27 09:36:28.910,4.746,100
2020-10-27 09:36:29.150,4.746,100000
2020-10-27 09:36:29.180,4.746,80000
2020-10-27 09:36:29.380,4.746,200
2020-10-27 09:36:30.280,4.746,50000
2020-10-27 09:36:33.770,4.746,4000
2020-10-27 09:36:33.770,4.746,900
2020-10-27 09:36:33.770,4.746,5000
2020-10-27 09:36:33.770,4.746,100
2020-10-27 09:36:33.770,4.746,3700
2020-10-27 09:36:34.400,4.746,500
2020-10-27 09:36:35.870,4.746,3300
2020-10-27 09:36:36.210,4.745,1500
2020-10-27 09:36:36.210,4.745,5000
2020-10-27 09:36:36.210,4.745,100
2020-10-27 09:36:36.210,4.745,5000
2020-10-27 09:36:36.210,4.745,500
2020-10-27 09:36:36.210,4.745,4000
2020-10-27 09:36:36.830,4.745,3000
2020-10-27 09:36:37.030,4.745,10000
2020-10-27 09:36:37.060,4.745,10000
2020-10-27 09:36:37.060,4.745,60000
2020-10-27 09:36:37.060,4.745,60000
2020-10-27 09:36:37.600,4.745,100
2020-10-27 09:36:38.040,4.745,500
2020-10-27 09:36:38.040,4.746,99500
2020-10-27 09:36:38.320,4.745,5300
2020-10-27 09:36:38.670,4.745,100
2020-10-27 09:36:38.980,4.745,28000
2020-10-27 09:36:39.590,4.746,500
2020-10-27 09:36:41.110,4.746,400
2020-10-27 09:36:42.900,4.746,9600
2020-10-27 09:36:42.900,4.746,50400
2020-10-27 09:36:43.140,4.746,100000
2020-10-27 09:36:43.560,4.745,800
2020-10-27 09:36:43.560,4.745,600
2020-10-27 09:36:43.810,4.745,5200
2020-10-27 09:36:43.930,4.745,13900
2020-10-27 09:36:43.930,4.745,200
2020-10-27 09:36:43.930,4.745,300
2020-10-27 09:36:44.020,4.745,4000
2020-10-27 09:36:44.970,4.745,20000
2020-10-27 09:36:45.000,4.745,1000
2020-10-27 09:36:45.750,4.745,10000
2020-10-27 09:36:46.230,4.745,2000
2020-10-27 09:36:46.450,4.744,2100
2020-10-27 09:36:46.450,4.744,300
2020-10-27 09:36:46.450,4.744,200
2020-10-27 09:36:46.450,4.744,200
2020-10-27 09:36:46.450,4.744,10000
2020-10-27 09:36:46.450,4.744,5000
2020-10-27 09:36:46.450,4.744,500
2020-10-27 09:36:46.450,4.744,100
2020-10-27 09:36:46.450,4.744,1300
2020-10-27 09:36:46.450,4.744,100
2020-10-27 09:36:46.450,4.744,2000
2020-10-27 09:36:46.450,4.744,2900
2020-10-27 09:36:46.450,4.744,200000
2020-10-27 09:36:46.450,4.744,1200
2020-10-27 09:36:46.450,4.744,600
2020-10-27 09:36:46.450,4.744,10000
2020-10-27 09:36:46.450,4.743,1000
2020-10-27 09:36:46.450,4.743,10000
2020-10-27 09:36:46.450,4.743,500
2020-10-27 09:36:46.450,4.743,500
2020-10-27 09:36:46.450,4.743,2000
2020-10-27 09:36:46.450,4.743,1000
2020-10-27 09:36:46.450,4.742,3000
2020-10-27 09:36:46.450,4.742,3000
2020-10-27 09:36:46.450,4.742,1000
2020-10-27 09:36:46.450,4.742,6400
2020-10-27 09:36:46.660,4.743,8000
2020-10-27 09:36:47.260,4.745,1000
2020-10-27 09:36:47.530,4.742,13600
2020-10-27 09:36:47.530,4.742,5000
2020-10-27 09:36:47.530,4.742,3400
2020-10-27 09:36:48.020,4.744,5000
2020-10-27 09:36:48.220,4.744,100
2020-10-27 09:36:50.240,4.744,100000
2020-10-27 09:36:51.640,4.743,200
2020-10-27 09:36:53.040,4.744,500
2020-10-27 09:36:54.690,4.744,2100
2020-10-27 09:36:54.920,4.744,3000
2020-10-27 09:36:55.960,4.744,100
2020-10-27 09:36:57.050,4.744,5000
2020-10-27 09:36:57.550,4.744,1000
2020-10-27 09:36:58.120,4.744,5000
2020-10-27 09:36:58.220,4.743,3400
2020-10-27 09:36:58.220,4.743,100
2020-10-27 09:36:58.220,4.743,100
2020-10-27 09:36:58.220,4.743,10000
2020-10-27 09:36:58.710,4.743,500
2020-10-27 09:36:59.240,4.743,3000
2020-10-27 09:36:59.430,4.743,1000
2020-10-27 09:37:00.160,4.743,1000
2020-10-27 09:37:00.340,4.742,16600
2020-10-27 09:37:00.340,4.742,1000
2020-10-27 09:37:00.340,4.742,2500
2020-10-27 09:37:00.340,4.742,5000
2020-10-27 09:37:00.340,4.742,500
2020-10-27 09:37:00.340,4.742,3000
2020-10-27 09:37:00.340,4.742,100000
2020-10-27 09:37:00.340,4.742,171400
2020-10-27 09:37:00.570,4.742,10000
2020-10-27 09:37:00.930,4.743,600
2020-10-27 09:37:00.930,4.743,100
2020-10-27 09:37:01.400,4.743,400
2020-10-27 09:37:01.460,4.743,1000
2020-10-27 09:37:01.930,4.743,1700
2020-10-27 09:37:02.270,4.742,18600
2020-10-27 09:37:02.270,4.742,3000
2020-10-27 09:37:02.270,4.742,150000
2020-10-27 09:37:02.270,4.742,5000
2020-10-27 09:37:02.270,4.742,23400
2020-10-27 09:37:02.270,4.743,1000
2020-10-27 09:37:02.770,4.742,51600
2020-10-27 09:37:02.830,4.743,100
2020-10-27 09:37:02.960,4.743,600
2020-10-27 09:37:03.460,4.743,2400
2020-10-27 09:37:05.500,4.743,2100
2020-10-27 09:37:05.500,4.743,1200
2020-10-27 09:37:05.610,4.742,700
2020-10-27 09:37:05.670,4.743,2000
2020-10-27 09:37:05.960,4.742,2500
2020-10-27 09:37:05.990,4.743,100
2020-10-27 09:37:06.870,4.743,3700
2020-10-27 09:37:06.870,4.743,300
2020-10-27 09:37:08.230,4.743,500
2020-10-27 09:37:09.370,4.743,1200
2020-10-27 09:37:09.370,4.743,8800
2020-10-27 09:37:09.770,4.743,500
2020-10-27 09:37:10.370,4.743,700
2020-10-27 09:37:10.370,4.743,1800
2020-10-27 09:37:10.370,4.743,19500
2020-10-27 09:37:11.310,4.743,5000
2020-10-27 09:37:11.830,4.743,400
2020-10-27 09:37:12.580,4.743,16900
2020-10-27 09:37:12.780,4.743,2000
2020-10-27 09:37:13.190,4.743,80000
2020-10-27 09:37:13.230,4.743,80000
2020-10-27 09:37:14.340,4.742,3000
2020-10-27 09:37:14.490,4.743,700
2020-10-27 09:37:15.050,4.743,500
2020-10-27 09:37:15.240,4.743,70000
2020-10-27 09:37:15.690,4.743,700
2020-10-27 09:37:16.080,4.743,1800
2020-10-27 09:37:16.790,4.743,15000
2020-10-27 09:37:16.970,4.743,7500
2020-10-27 09:37:16.970,4.743,10100
2020-10-27 09:37:16.970,4.743,50000
2020-10-27 09:37:17.650,4.744,400
2020-10-27 09:37:17.710,4.743,1500
2020-10-27 09:37:18.080,4.743,3700
2020-10-27 09:37:18.650,4.743,100
2020-10-27 09:37:19.680,4.743,5000
2020-10-27 09:37:21.780,4.743,2100
2020-10-27 09:37:22.550,4.743,200
2020-10-27 09:37:23.180,4.744,3000
2020-10-27 09:37:24.160,4.744,80000
2020-10-27 09:37:24.220,4.744,80000
2020-10-27 09:37:25.540,4.743,39400
2020-10-27 09:37:26.180,4.744,10000
2020-10-27 09:37:27.010,4.743,2500
2020-10-27 09:37:27.200,4.744,4800
2020-10-27 09:37:27.200,4.744,1100
2020-10-27 09:37:27.200,4.744,51000
2020-10-27 09:37:28.330,4.745,5000
2020-10-27 09:37:28.330,4.745,6100
2020-10-27 09:37:28.330,4.745,3000
2020-10-27 09:37:28.330,4.745,1000
2020-10-27 09:37:28.330,4.745,99400
2020-10-27 09:37:28.740,4.744,1000
2020-10-27 09:37:30.950,4.744,1000
2020-10-27 09:37:34.140,4.744,5000
2020-10-27 09:37:35.260,4.745,1000
2020-10-27 09:37:35.940,4.745,5000
2020-10-27 09:37:36.170,4.745,4100
2020-10-27 09:37:36.260,4.746,2000
2020-10-27 09:37:36.260,4.746,8000
2020-10-27 09:37:37.360,4.745,4000
2020-10-27 09:37:38.700,4.746,12000
2020-10-27 09:37:38.700,4.746,100
2020-10-27 09:37:38.700,4.746,2000
2020-10-27 09:37:39.220,4.746,4000
2020-10-27 09:37:39.440,4.746,1900
2020-10-27 09:37:39.440,4.745,1800
2020-10-27 09:37:40.970,4.747,2000
2020-10-27 09:37:41.130,4.745,2000
2020-10-27 09:37:44.260,4.745,7200
2020-10-27 09:37:44.770,4.745,6400
2020-10-27 09:37:45.860,4.746,200
2020-10-27 09:37:45.860,4.746,400
2020-10-27 09:37:45.860,4.745,8600
2020-10-27 09:37:45.860,4.745,200
2020-10-27 09:37:45.860,4.745,400
2020-10-27 09:37:45.860,4.745,1000
2020-10-27 09:37:45.860,4.745,100
2020-10-27 09:37:45.860,4.745,1100
2020-10-27 09:37:46.660,4.745,200
2020-10-27 09:37:49.500,4.747,2000
2020-10-27 09:37:49.650,4.746,700
2020-10-27 09:37:49.650,4.746,100
2020-10-27 09:37:49.960,4.746,2100
2020-10-27 09:37:50.080,4.746,10000
2020-10-27 09:37:50.770,4.745,100
2020-10-27 09:37:51.250,4.746,10000
2020-10-27 09:37:51.310,4.746,3000
2020-10-27 09:37:51.310,4.746,1000
2020-10-27 09:37:51.310,4.746,400
2020-10-27 09:37:52.410,4.747,8400
2020-10-27 09:37:53.130,4.747,300
2020-10-27 09:37:54.230,4.747,10000
2020-10-27 09:37:54.610,4.746,5000
2020-10-27 09:37:54.710,4.747,9600
2020-10-27 09:37:54.710,4.747,3500
2020-10-27 09:37:54.710,4.747,100
2020-10-27 09:37:55.030,4.747,1800
2020-10-27 09:37:57.250,4.748,7800
2020-10-27 09:37:57.250,4.748,2200
2020-10-27 09:38:01.050,4.747,5200
2020-10-27 09:38:01.050,4.747,3000
2020-10-27 09:38:01.050,4.747,2300
2020-10-27 09:38:01.050,4.747,14500
2020-10-27 09:38:01.050,4.748,8200
2020-10-27 09:38:01.050,4.748,100
2020-10-27 09:38:01.050,4.748,500
2020-10-27 09:38:01.050,4.748,100
2020-10-27 09:38:01.050,4.748,5000
2020-10-27 09:38:01.050,4.748,200
2020-10-27 09:38:01.050,4.748,172900
2020-10-27 09:38:01.430,4.747,40900
2020-10-27 09:38:03.920,4.748,14900
2020-10-27 09:38:05.270,4.747,69300
2020-10-27 09:38:05.270,4.747,800
2020-10-27 09:38:05.270,4.747,10000
2020-10-27 09:38:05.270,4.747,9200
2020-10-27 09:38:05.700,4.747,100
2020-10-27 09:38:05.760,4.746,2000
2020-10-27 09:38:05.760,4.746,300
2020-10-27 09:38:05.760,4.746,20000
2020-10-27 09:38:06.170,4.746,100
2020-10-27 09:38:06.480,4.746,1000
2020-10-27 09:38:06.810,4.746,2000
2020-10-27 09:38:07.090,4.746,200
2020-10-27 09:38:07.180,4.746,5000
2020-10-27 09:38:07.770,4.746,6300
2020-10-27 09:38:08.430,4.746,2600
2020-10-27 09:38:08.480,4.746,500
2020-10-27 09:38:09.360,4.745,100
2020-10-27 09:38:09.360,4.745,10000
2020-10-27 09:38:09.360,4.745,1000
2020-10-27 09:38:09.360,4.745,10000
2020-10-27 09:38:09.360,4.745,500
2020-10-27 09:38:09.360,4.745,1000
2020-10-27 09:38:09.360,4.745,50000
2020-10-27 09:38:09.360,4.745,1000
2020-10-27 09:38:09.360,4.745,15000
2020-10-27 09:38:09.360,4.745,2000
2020-10-27 09:38:09.360,4.745,6400
2020-10-27 09:38:09.580,4.745,200
2020-10-27 09:38:10.410,4.745,700
2020-10-27 09:38:10.450,4.745,10000
2020-10-27 09:38:10.470,4.745,5000
2020-10-27 09:38:11.790,4.745,200
2020-10-27 09:38:12.820,4.745,5000
2020-10-27 09:38:13.010,4.745,2500
2020-10-27 09:38:13.140,4.745,500
2020-10-27 09:38:13.200,4.745,80000
2020-10-27 09:38:13.260,4.745,1000
2020-10-27 09:38:13.640,4.745,40000
2020-10-27 09:38:15.220,4.745,40000
2020-10-27 09:38:15.250,4.745,17900
2020-10-27 09:38:15.820,4.746,2100
2020-10-27 09:38:15.970,4.746,1000
2020-10-27 09:38:16.630,4.746,2100
2020-10-27 09:38:20.640,4.747,20000
2020-10-27 09:38:20.640,4.747,20000
2020-10-27 09:38:20.710,4.747,60000
2020-10-27 09:38:20.710,4.747,100000
2020-10-27 09:38:20.710,4.747,60000
2020-10-27 09:38:21.000,4.746,100
2020-10-27 09:38:21.000,4.745,900
2020-10-27 09:38:21.000,4.745,4200
2020-10-27 09:38:21.000,4.745,10000
2020-10-27 09:38:21.000,4.745,5200
2020-10-27 09:38:21.000,4.745,2000
2020-10-27 09:38:21.000,4.745,300
2020-10-27 09:38:21.000,4.745,6700
2020-10-27 09:38:21.000,4.745,2100
2020-10-27 09:38:21.000,4.744,9500
2020-10-27 09:38:21.000,4.744,300
2020-10-27 09:38:21.000,4.744,5000
2020-10-27 09:38:21.000,4.744,100
2020-10-27 09:38:21.000,4.744,10000
2020-10-27 09:38:21.000,4.744,100
2020-10-27 09:38:21.000,4.744,39300
2020-10-27 09:38:21.000,4.744,8000
2020-10-27 09:38:21.000,4.744,30000
2020-10-27 09:38:21.000,4.744,2000
2020-10-27 09:38:21.000,4.744,5000
2020-10-27 09:38:21.000,4.744,40000
2020-10-27 09:38:21.000,4.744,30000
2020-10-27 09:38:21.000,4.744,89200
2020-10-27 09:38:21.730,4.746,30000
2020-10-27 09:38:21.770,4.746,10000
2020-10-27 09:38:21.870,4.745,18900
2020-10-27 09:38:22.350,4.746,10000
2020-10-27 09:38:25.640,4.746,400
2020-10-27 09:38:25.640,4.745,9600
2020-10-27 09:38:27.470,4.746,1500
2020-10-27 09:38:27.980,4.745,200
2020-10-27 09:38:27.980,4.745,400
2020-10-27 09:38:27.980,4.745,3000
2020-10-27 09:38:27.980,4.745,66800
2020-10-27 09:38:27.980,4.745,228100
2020-10-27 09:38:29.580,4.746,10000
2020-10-27 09:38:30.280,4.745,3000
2020-10-27 09:38:35.110,4.746,100
2020-10-27 09:38:35.110,4.746,100
2020-10-27 09:38:35.870,4.747,1600
2020-10-27 09:38:35.870,4.746,400
2020-10-27 09:38:35.870,4.746,300
2020-10-27 09:38:35.870,4.746,6600
2020-10-27 09:38:36.300,4.746,3400
2020-10-27 09:38:37.470,4.746,32300
2020-10-27 09:38:38.380,4.745,800
2020-10-27 09:38:38.790,4.746,7000
2020-10-27 09:38:38.830,4.745,10000
2020-10-27 09:38:38.830,4.746,10000
2020-10-27 09:38:38.830,4.746,100
2020-10-27 09:38:39.100,4.745,500
2020-10-27 09:38:39.230,4.746,100000
2020-10-27 09:38:39.230,4.746,100000
2020-10-27 09:38:39.260,4.746,3100
2020-10-27 09:38:39.260,4.746,10500
2020-10-27 09:38:39.320,4.745,1700
2020-10-27 09:38:39.320,4.746,20000
2020-10-27 09:38:39.320,4.746,20000
2020-10-27 09:38:39.770,4.746,1300
2020-10-27 09:38:40.260,4.746,24400
2020-10-27 09:38:41.080,4.746,2000
2020-10-27 09:38:42.250,4.746,40000
2020-10-27 09:38:42.340,4.746,100
2020-10-27 09:38:43.380,4.746,4600
2020-10-27 09:38:43.380,4.746,2100
2020-10-27 09:38:43.520,4.746,100
2020-10-27 09:38:45.750,4.745,50000
2020-10-27 09:38:46.170,4.746,3300
2020-10-27 09:38:46.170,4.746,2000
2020-10-27 09:38:46.170,4.746,100
2020-10-27 09:38:46.170,4.747,4600
2020-10-27 09:38:47.240,4.745,5900
2020-10-27 09:38:47.240,4.745,4100
2020-10-27 09:38:48.240,4.747,5400
2020-10-27 09:38:48.240,4.747,4600
2020-10-27 09:38:48.300,4.747,50000
2020-10-27 09:38:48.300,4.747,60000
2020-10-27 09:38:48.300,4.747,40000
2020-10-27 09:38:48.300,4.747,100000
2020-10-27 09:38:49.800,4.747,5000
2020-10-27 09:38:51.280,4.747,50000
2020-10-27 09:38:51.630,4.746,3000
2020-10-27 09:38:51.630,4.745,2000
2020-10-27 09:38:53.350,4.747,300
2020-10-27 09:38:53.510,4.746,2000
2020-10-27 09:38:54.250,4.746,2000
2020-10-27 09:38:55.920,4.746,7500
2020-10-27 09:38:56.520,4.747,4800
2020-10-27 09:38:58.320,4.746,157000
2020-10-27 09:38:58.320,4.746,400
2020-10-27 09:38:58.320,4.746,300
2020-10-27 09:38:59.170,4.746,100
2020-10-27 09:38:59.200,4.746,1900
2020-10-27 09:38:59.260,4.747,15300
2020-10-27 09:38:59.260,4.747,6000
2020-10-27 09:38:59.410,4.746,2000
2020-10-27 09:39:00.760,4.747,100
2020-10-27 09:39:00.850,4.747,2300
2020-10-27 09:39:01.020,4.747,2500
2020-10-27 09:39:03.300,4.747,5200
2020-10-27 09:39:03.300,4.747,400
2020-10-27 09:39:03.300,4.747,4400
2020-10-27 09:39:05.360,4.747,16000
2020-10-27 09:39:06.880,4.748,500
2020-10-27 09:39:08.550,4.748,100
2020-10-27 09:39:08.970,4.747,500
2020-10-27 09:39:12.410,4.748,200
2020-10-27 09:39:13.790,4.748,1000
2020-10-27 09:39:14.300,4.748,300
2020-10-27 09:39:14.300,4.748,900
2020-10-27 09:39:14.300,4.748,5000
2020-10-27 09:39:14.300,4.748,1000
2020-10-27 09:39:14.300,4.748,200
2020-10-27 09:39:14.300,4.749,500
2020-10-27 09:39:14.300,4.749,2000
2020-10-27 09:39:14.300,4.749,100
2020-10-27 09:39:14.300,4.749,10000
2020-10-27 09:39:14.300,4.749,4300
2020-10-27 09:39:14.300,4.749,100
2020-10-27 09:39:14.300,4.749,3700
2020-10-27 09:39:14.300,4.749,61000
2020-10-27 09:39:15.550,4.749,20000
2020-10-27 09:39:16.780,4.748,10000
2020-10-27 09:39:18.540,4.749,10000
2020-10-27 09:39:19.670,4.749,10000
2020-10-27 09:39:19.670,4.748,1000
2020-10-27 09:39:20.030,4.748,30000
2020-10-27 09:39:21.540,4.749,80000
2020-10-27 09:39:21.540,4.749,19000
2020-10-27 09:39:21.540,4.749,30000
2020-10-27 09:39:21.540,4.749,41000
2020-10-27 09:39:21.540,4.749,10000
2020-10-27 09:39:24.570,4.749,28400
2020-10-27 09:39:24.570,4.749,9000
2020-10-27 09:39:24.570,4.749,300
2020-10-27 09:39:24.570,4.749,2300
2020-10-27 09:39:26.030,4.749,5000
2020-10-27 09:39:27.610,4.749,2200
2020-10-27 09:39:27.610,4.749,500
2020-10-27 09:39:27.610,4.749,6000
2020-10-27 09:39:27.610,4.749,1300
2020-10-27 09:39:27.980,4.749,2000
2020-10-27 09:39:28.070,4.749,1700
2020-10-27 09:39:28.470,4.749,10000
2020-10-27 09:39:28.750,4.749,9300
2020-10-27 09:39:30.420,4.749,5800
2020-10-27 09:39:30.540,4.75,3500
2020-10-27 09:39:30.540,4.75,1100
2020-10-27 09:39:30.540,4.75,10000
2020-10-27 09:39:30.540,4.75,3000
2020-10-27 09:39:30.540,4.75,200
2020-10-27 09:39:30.540,4.75,700
2020-10-27 09:39:30.540,4.75,2600
2020-10-27 09:39:30.540,4.75,16800
2020-10-27 09:39:30.540,4.75,3000
2020-10-27 09:39:30.540,4.75,5000
2020-10-27 09:39:30.540,4.75,100
2020-10-27 09:39:30.540,4.75,10000
2020-10-27 09:39:30.540,4.75,15000
2020-10-27 09:39:30.540,4.75,6000
2020-10-27 09:39:30.540,4.75,2000
2020-10-27 09:39:30.540,4.75,10000
2020-10-27 09:39:30.540,4.75,10000
2020-10-27 09:39:30.540,4.75,500
2020-10-27 09:39:30.540,4.75,500
2020-10-27 09:39:30.540,4.75,5500
2020-10-27 09:39:30.540,4.75,100
2020-10-27 09:39:30.540,4.75,15000
2020-10-27 09:39:30.540,4.75,30000
2020-10-27 09:39:30.540,4.75,4000
2020-10-27 09:39:30.540,4.75,200
2020-10-27 09:39:30.540,4.75,100
2020-10-27 09:39:30.540,4.75,3000
2020-10-27 09:39:30.540,4.75,1700
2020-10-27 09:39:30.540,4.75,6400
2020-10-27 09:39:30.540,4.75,4000
2020-10-27 09:39:31.800,4.75,10000
2020-10-27 09:39:32.600,4.749,1000
2020-10-27 09:39:32.600,4.749,1000
2020-10-27 09:39:32.730,4.749,1000
2020-10-27 09:39:33.520,4.749,1000
2020-10-27 09:39:33.560,4.75,20000
2020-10-27 09:39:34.450,4.75,16000
2020-10-27 09:39:34.690,4.75,4000
2020-10-27 09:39:34.690,4.749,9200
2020-10-27 09:39:34.690,4.749,16800
2020-10-27 09:39:35.380,4.75,10000
2020-10-27 09:39:36.240,4.75,2000
2020-10-27 09:39:41.290,4.75,3000
2020-10-27 09:39:42.290,4.751,1400
2020-10-27 09:39:42.510,4.75,2000
2020-10-27 09:39:42.600,4.751,100
2020-10-27 09:39:44.800,4.751,100
2020-10-27 09:39:45.760,4.75,1300
2020-10-27 09:39:47.410,4.75,1700
2020-10-27 09:39:47.410,4.75,1000
2020-10-27 09:39:47.410,4.75,2300
2020-10-27 09:39:47.830,4.75,1000
2020-10-27 09:39:48.500,4.751,2200
2020-10-27 09:39:49.320,4.751,26200
2020-10-27 09:39:49.320,4.751,3000
2020-10-27 09:39:49.320,4.751,100
2020-10-27 09:39:49.320,4.751,6400
2020-10-27 09:39:49.320,4.751,23300
2020-10-27 09:39:49.480,4.751,2100
2020-10-27 09:39:49.780,4.75,4000
2020-10-27 09:39:51.030,4.751,2200
2020-10-27 09:39:51.590,4.751,10000
2020-10-27 09:39:51.590,4.751,1900
2020-10-27 09:39:51.590,4.751,9500
2020-10-27 09:39:52.260,4.75,14000
2020-10-27 09:39:52.260,4.75,10000
2020-10-27 09:39:52.260,4.75,1000
2020-10-27 09:39:52.260,4.75,1800
2020-10-27 09:39:52.260,4.75,2000
2020-10-27 09:39:52.260,4.75,5000
2020-10-27 09:39:52.260,4.75,1000
2020-10-27 09:39:52.260,4.75,600
2020-10-27 09:39:52.470,4.751,100
2020-10-27 09:39:53.410,4.75,400
2020-10-27 09:39:53.410,4.75,1000
2020-10-27 09:39:53.410,4.75,500
2020-10-27 09:39:53.410,4.75,1000
2020-10-27 09:39:53.410,4.75,12000
2020-10-27 09:39:53.410,4.75,5100
2020-10-27 09:39:55.560,4.751,3000
2020-10-27 09:39:55.560,4.751,100
2020-10-27 09:39:55.560,4.751,2500
2020-10-27 09:39:56.360,4.751,2500
2020-10-27 09:39:56.360,4.751,500
2020-10-27 09:39:56.380,4.751,600
2020-10-27 09:39:56.750,4.75,2500
2020-10-27 09:39:57.000,4.751,4200
2020-10-27 09:39:57.130,4.751,4700
2020-10-27 09:39:57.130,4.751,5300
2020-10-27 09:39:58.680,4.75,12400
2020-10-27 09:39:58.680,4.75,100
2020-10-27 09:39:58.830,4.75,11000
2020-10-27 09:39:59.080,4.75,500
2020-10-27 09:39:59.100,4.75,100
2020-10-27 09:40:00.890,4.75,1300
2020-10-27 09:40:01.960,4.75,5000
2020-10-27 09:40:02.160,4.75,100
2020-10-27 09:40:02.900,4.75,100
2020-10-27 09:40:03.420,4.75,100
2020-10-27 09:40:04.260,4.75,10000
2020-10-27 09:40:05.310,4.75,1000
2020-10-27 09:40:07.450,4.75,100
2020-10-27 09:40:07.580,4.749,1400
2020-10-27 09:40:07.580,4.749,100
2020-10-27 09:40:07.580,4.749,1000
2020-10-27 09:40:07.580,4.749,2000
2020-10-27 09:40:07.580,4.749,500
2020-10-27 09:40:07.580,4.749,2200
2020-10-27 09:40:07.580,4.749,600
2020-10-27 09:40:07.580,4.749,2200
2020-10-27 09:40:09.260,4.75,100
2020-10-27 09:40:09.350,4.75,8000
2020-10-27 09:40:09.410,4.75,100
2020-10-27 09:40:09.410,4.75,2000
2020-10-27 09:40:10.520,4.75,100
2020-10-27 09:40:10.550,4.749,2800
2020-10-27 09:40:10.550,4.749,200
2020-10-27 09:40:10.680,4.75,1900
2020-10-27 09:40:10.680,4.75,2100
2020-10-27 09:40:11.560,4.749,800
2020-10-27 09:40:11.560,4.749,4000
2020-10-27 09:40:11.560,4.749,1000
2020-10-27 09:40:11.560,4.749,700
2020-10-27 09:40:12.350,4.75,900
2020-10-27 09:40:12.470,4.749,5000
2020-10-27 09:40:13.180,4.75,2900
2020-10-27 09:40:13.620,4.75,1000
2020-10-27 09:40:14.470,4.749,4300
2020-10-27 09:40:14.470,4.749,500
2020-10-27 09:40:14.470,4.749,4500
2020-10-27 09:40:14.500,4.749,5500
2020-10-27 09:40:15.060,4.749,200
2020-10-27 09:40:15.260,4.748,100
2020-10-27 09:40:15.260,4.748,4000
2020-10-27 09:40:15.260,4.748,300
2020-10-27 09:40:15.260,4.748,500
2020-10-27 09:40:15.260,4.748,2000
2020-10-27 09:40:15.260,4.748,100
2020-10-27 09:40:15.260,4.748,2000
2020-10-27 09:40:15.260,4.748,1000
2020-10-27 09:40:15.740,4.748,4000
2020-10-27 09:40:15.740,4.748,20000
2020-10-27 09:40:16.340,4.749,200
2020-10-27 09:40:16.430,4.749,3000
2020-10-27 09:40:20.820,4.749,6100
2020-10-27 09:40:20.820,4.749,3900
2020-10-27 09:40:23.050,4.748,1400
2020-10-27 09:40:23.910,4.749,10000
2020-10-27 09:40:23.910,4.749,10000
2020-10-27 09:40:23.910,4.749,3800
2020-10-27 09:40:23.910,4.75,600
2020-10-27 09:40:23.910,4.75,175600
2020-10-27 09:40:26.810,4.748,8600
2020-10-27 09:40:26.810,4.748,1000
2020-10-27 09:40:26.810,4.748,200
2020-10-27 09:40:26.810,4.748,100
2020-10-27 09:40:27.110,4.749,7000
2020-10-27 09:40:27.930,4.748,10000
2020-10-27 09:40:29.030,4.749,700
2020-10-27 09:40:34.600,4.749,100
2020-10-27 09:40:35.270,4.749,5000
2020-10-27 09:40:37.450,4.748,100
2020-10-27 09:40:39.310,4.749,2000
2020-10-27 09:40:39.560,4.748,14900
2020-10-27 09:40:40.110,4.749,3100
2020-10-27 09:40:40.410,4.749,600
2020-10-27 09:40:40.470,4.749,100
2020-10-27 09:40:42.910,4.749,100
2020-10-27 09:40:43.260,4.748,16300
2020-10-27 09:40:43.260,4.748,200
2020-10-27 09:40:43.260,4.748,5700
2020-10-27 09:40:43.260,4.748,3500
2020-10-27 09:40:43.260,4.748,5000
2020-10-27 09:40:43.350,4.749,500
2020-10-27 09:40:44.540,4.748,200
2020-10-27 09:40:44.540,4.748,5000
2020-10-27 09:40:44.960,4.748,1000
2020-10-27 09:40:46.240,4.747,700
2020-10-27 09:40:46.240,4.747,9300
2020-10-27 09:40:46.450,4.748,100
2020-10-27 09:40:47.120,4.748,4300
2020-10-27 09:40:48.620,4.748,10000
2020-10-27 09:40:52.320,4.748,5000
2020-10-27 09:40:53.020,4.748,20000
2020-10-27 09:40:53.410,4.748,1000
2020-10-27 09:40:53.480,4.748,2200
2020-10-27 09:40:56.100,4.748,100
2020-10-27 09:40:56.100,4.747,200
2020-10-27 09:40:57.200,4.747,100
2020-10-27 09:40:59.150,4.748,10000
2020-10-27 09:41:03.250,4.748,10400
2020-10-27 09:41:03.250,4.748,42100
2020-10-27 09:41:03.470,4.747,2000
2020-10-27 09:41:06.020,4.747,1500
2020-10-27 09:41:06.540,4.747,10600
2020-10-27 09:41:06.540,4.747,400
2020-10-27 09:41:06.540,4.747,200
2020-10-27 09:41:06.540,4.747,100
2020-10-27 09:41:06.540,4.747,18700
2020-10-27 09:41:08.370,4.747,1300
2020-10-27 09:41:08.370,4.747,700
2020-10-27 09:41:08.810,4.748,10300
2020-10-27 09:41:08.970,4.748,69800
2020-10-27 09:41:09.250,4.748,100
2020-10-27 09:41:10.110,4.748,3000
2020-10-27 09:41:12.390,4.747,400
2020-10-27 09:41:14.170,4.747,10000
2020-10-27 09:41:15.220,4.747,10000
2020-10-27 09:41:15.540,4.747,10000
2020-10-27 09:41:15.680,4.747,5600
2020-10-27 09:41:16.090,4.748,1300
2020-10-27 09:41:16.120,4.747,1000
2020-10-27 09:41:16.250,4.747,5000
2020-10-27 09:41:16.800,4.748,200
2020-10-27 09:41:16.920,4.748,2000
2020-10-27 09:41:18.200,4.747,10000
2020-10-27 09:41:18.440,4.747,2000
2020-10-27 09:41:18.470,4.747,45300
2020-10-27 09:41:18.470,4.747,100
2020-10-27 09:41:18.470,4.747,300
2020-10-27 09:41:18.470,4.747,500
2020-10-27 09:41:18.470,4.747,7900
2020-10-27 09:41:18.470,4.747,1000
2020-10-27 09:41:19.810,4.747,5000
2020-10-27 09:41:19.960,4.747,5000
2020-10-27 09:41:20.180,4.747,10000
2020-10-27 09:41:21.020,4.746,1100
2020-10-27 09:41:21.020,4.746,100
2020-10-27 09:41:21.020,4.746,2000
2020-10-27 09:41:21.020,4.746,5000
2020-10-27 09:41:21.020,4.746,5000
2020-10-27 09:41:21.020,4.746,100
2020-10-27 09:41:21.020,4.746,30000
2020-10-27 09:41:21.020,4.746,4000
2020-10-27 09:41:21.020,4.745,100
2020-10-27 09:41:21.020,4.745,500
2020-10-27 09:41:21.020,4.745,1000
2020-10-27 09:41:21.020,4.745,100
2020-10-27 09:41:21.020,4.745,5000
2020-10-27 09:41:21.020,4.745,1000
2020-10-27 09:41:21.020,4.745,10000
2020-10-27 09:41:21.020,4.745,500
2020-10-27 09:41:21.020,4.745,1000
2020-10-27 09:41:21.020,4.745,100
2020-10-27 09:41:21.020,4.745,4000
2020-10-27 09:41:21.020,4.745,2000
2020-10-27 09:41:21.020,4.745,26000
2020-10-27 09:41:21.020,4.745,4700
2020-10-27 09:41:21.020,4.745,300
2020-10-27 09:41:21.020,4.745,200
2020-10-27 09:41:21.020,4.745,200
2020-10-27 09:41:21.020,4.745,200
2020-10-27 09:41:21.020,4.745,200
2020-10-27 09:41:21.020,4.745,200
2020-10-27 09:41:21.020,4.745,200
2020-10-27 09:41:21.020,4.745,200
2020-10-27 09:41:21.020,4.745,200
2020-10-27 09:41:21.020,4.745,200
2020-10-27 09:41:21.020,4.745,200
2020-10-27 09:41:21.020,4.745,200
2020-10-27 09:41:21.020,4.745,2700
2020-10-27 09:41:21.020,4.745,5000
2020-10-27 09:41:21.020,4.745,1000
2020-10-27 09:41:21.020,4.745,5000
2020-10-27 09:41:21.020,4.745,100
2020-10-27 09:41:21.020,4.745,1000
2020-10-27 09:41:21.020,4.745,1000
2020-10-27 09:41:21.020,4.745,20000
2020-10-27 09:41:21.020,4.745,3000
2020-10-27 09:41:21.020,4.745,6000
2020-10-27 09:41:21.020,4.745,100
2020-10-27 09:41:21.020,4.744,200
2020-10-27 09:41:21.020,4.744,500
2020-10-27 09:41:21.020,4.744,100
2020-10-27 09:41:21.020,4.744,1000
2020-10-27 09:41:21.020,4.744,5000
2020-10-27 09:41:21.020,4.744,31800
2020-10-27 09:41:22.470,4.745,1000
2020-10-27 09:41:22.470,4.744,46300
2020-10-27 09:41:22.470,4.744,21900
2020-10-27 09:41:22.470,4.744,5000
2020-10-27 09:41:22.470,4.744,1000
2020-10-27 09:41:22.470,4.744,100
2020-10-27 09:41:22.470,4.743,100
2020-10-27 09:41:22.470,4.743,4500
2020-10-27 09:41:22.470,4.743,500
2020-10-27 09:41:22.470,4.743,100
2020-10-27 09:41:22.470,4.743,1000
2020-10-27 09:41:22.470,4.743,1000
2020-10-27 09:41:22.470,4.743,500
2020-10-27 09:41:22.470,4.743,2000
2020-10-27 09:41:22.470,4.743,2400
2020-10-27 09:41:22.470,4.743,17000
2020-10-27 09:41:24.110,4.746,200
2020-10-27 09:41:25.270,4.746,2000
2020-10-27 09:41:26.160,4.746,20000
2020-10-27 09:41:26.340,4.746,500
2020-10-27 09:41:27.580,4.746,100
2020-10-27 09:41:28.920,4.744,500
2020-10-27 09:41:28.920,4.743,500
2020-10-27 09:41:30.250,4.746,100
2020-10-27 09:41:33.290,4.747,2100
2020-10-27 09:41:34.220,4.746,1200
2020-10-27 09:41:34.370,4.746,100
2020-10-27 09:41:39.260,4.746,2000
2020-10-27 09:41:40.450,4.746,300
2020-10-27 09:41:43.290,4.746,500
2020-10-27 09:41:45.280,4.746,100
2020-10-27 09:41:46.100,4.746,10000
2020-10-27 09:41:46.860,4.745,2600
2020-10-27 09:41:46.860,4.745,1000
2020-10-27 09:41:46.860,4.745,4900
2020-10-27 09:41:47.120,4.746,1400
2020-10-27 09:41:48.020,4.745,5100
2020-10-27 09:41:49.130,4.745,2900
2020-10-27 09:41:49.130,4.745,2100
2020-10-27 09:41:49.520,4.745,1000
2020-10-27 09:41:49.910,4.744,4000
2020-10-27 09:41:49.910,4.744,3000
2020-10-27 09:41:49.910,4.744,21700
2020-10-27 09:41:51.180,4.745,6900
2020-10-27 09:41:51.180,4.745,13100
2020-10-27 09:41:51.490,4.745,500
2020-10-27 09:41:51.490,4.744,8300
2020-10-27 09:41:51.490,4.744,500
2020-10-27 09:41:51.490,4.744,5000
2020-10-27 09:41:51.490,4.744,1100
2020-10-27 09:41:53.550,4.745,1100
2020-10-27 09:41:54.560,4.744,2000
2020-10-27 09:41:55.170,4.743,14300
2020-10-27 09:41:55.230,4.744,2000
2020-10-27 09:41:55.630,4.744,200
2020-10-27 09:41:56.010,4.744,3400
2020-10-27 09:41:56.280,4.744,30000
2020-10-27 09:41:56.880,4.743,268200
2020-10-27 09:41:56.880,4.743,1700
2020-10-27 09:41:56.880,4.743,3000
2020-10-27 09:41:56.880,4.743,100
2020-10-27 09:41:56.880,4.743,27000
2020-10-27 09:41:57.410,4.743,73000
2020-10-27 09:41:57.410,4.743,1100
2020-10-27 09:41:57.410,4.743,1000
2020-10-27 09:41:57.410,4.743,5000
2020-10-27 09:41:57.410,4.743,2400
2020-10-27 09:41:57.410,4.742,2100
2020-10-27 09:41:57.410,4.742,600
2020-10-27 09:41:57.410,4.742,1000
2020-10-27 09:41:57.410,4.742,1000
2020-10-27 09:41:57.410,4.742,300
2020-10-27 09:41:57.410,4.742,100
2020-10-27 09:41:57.410,4.742,80000
2020-10-27 09:41:57.410,4.742,1000
2020-10-27 09:41:57.410,4.742,500
2020-10-27 09:41:57.780,4.742,1300
2020-10-27 09:41:58.200,4.742,2500
2020-10-27 09:41:58.300,4.742,300
2020-10-27 09:42:00.580,4.742,80000
2020-10-27 09:42:00.580,4.742,20000
2020-10-27 09:42:01.000,4.742,200
2020-10-27 09:42:02.420,4.742,100
2020-10-27 09:42:02.830,4.742,20000
2020-10-27 09:42:03.010,4.742,100
2020-10-27 09:42:04.350,4.742,1000
2020-10-27 09:42:05.210,4.742,200
2020-10-27 09:42:05.240,4.742,500
2020-10-27 09:42:05.420,4.742,4700
2020-10-27 09:42:05.420,4.743,5300
2020-10-27 09:42:07.620,4.742,4300
2020-10-27 09:42:07.620,4.742,200
2020-10-27 09:42:07.620,4.742,2600
2020-10-27 09:42:07.680,4.742,1500
2020-10-27 09:42:08.440,4.742,1000
2020-10-27 09:42:09.490,4.742,4900
2020-10-27 09:42:09.490,4.742,1000
2020-10-27 09:42:09.490,4.741,200
2020-10-27 09:42:09.490,4.741,900
2020-10-27 09:42:10.090,4.743,5200
2020-10-27 09:42:11.090,4.743,200
2020-10-27 09:42:12.270,4.742,2900
2020-10-27 09:42:12.490,4.742,100
2020-10-27 09:42:15.900,4.742,7000
2020-10-27 09:42:15.900,4.742,3600
2020-10-27 09:42:15.900,4.742,1000
2020-10-27 09:42:15.900,4.742,2000
2020-10-27 09:42:15.900,4.742,1000
2020-10-27 09:42:15.900,4.742,2300
2020-10-27 09:42:15.900,4.742,3100
2020-10-27 09:42:16.060,4.743,200
2020-10-27 09:42:16.260,4.742,15300
2020-10-27 09:42:17.380,4.742,1600
2020-10-27 09:42:17.380,4.742,2000
2020-10-27 09:42:19.340,4.742,200
2020-10-27 09:42:19.340,4.742,2000
2020-10-27 09:42:19.340,4.743,9100
2020-10-27 09:42:19.340,4.743,300
2020-10-27 09:42:19.340,4.743,10400
2020-10-27 09:42:20.100,4.742,400
2020-10-27 09:42:20.100,4.742,500
2020-10-27 09:42:20.320,4.742,100
2020-10-27 09:42:25.290,4.742,500
2020-10-27 09:42:27.560,4.743,5000
2020-10-27 09:42:28.280,4.742,500
2020-10-27 09:42:28.280,4.742,100
2020-10-27 09:42:28.280,4.742,2000
2020-10-27 09:42:28.280,4.742,15000
2020-10-27 09:42:28.280,4.742,13000
2020-10-27 09:42:28.280,4.742,400
2020-10-27 09:42:28.280,4.742,3000
2020-10-27 09:42:28.960,4.742,3000
2020-10-27 09:42:29.130,4.742,500
2020-10-27 09:42:30.040,4.742,100
2020-10-27 09:42:30.140,4.742,1000
2020-10-27 09:42:31.070,4.742,300
2020-10-27 09:42:31.670,4.742,10000
2020-10-27 09:42:33.320,4.741,400
2020-10-27 09:42:35.080,4.741,700
2020-10-27 09:42:35.080,4.741,200
2020-10-27 09:42:35.080,4.741,500
2020-10-27 09:42:35.080,4.741,10000
2020-10-27 09:42:35.080,4.741,1000
2020-10-27 09:42:35.080,4.741,10000
2020-10-27 09:42:35.080,4.741,2000
2020-10-27 09:42:35.080,4.741,77100
2020-10-27 09:42:35.570,4.741,222900
2020-10-27 09:42:35.570,4.741,100
2020-10-27 09:42:35.570,4.741,100
2020-10-27 09:42:35.570,4.741,2000
2020-10-27 09:42:35.570,4.741,8000
2020-10-27 09:42:35.570,4.741,300
2020-10-27 09:42:35.570,4.741,500
2020-10-27 09:42:37.010,4.741,50000
2020-10-27 09:42:38.060,4.74,1200
2020-10-27 09:42:38.890,4.741,1000
2020-10-27 09:42:39.200,4.74,400
2020-10-27 09:42:39.200,4.74,4600
2020-10-27 09:42:39.860,4.741,100
2020-10-27 09:42:41.720,4.741,500
2020-10-27 09:42:42.190,4.74,400
2020-10-27 09:42:42.190,4.74,3000
2020-10-27 09:42:42.190,4.74,2000
2020-10-27 09:42:42.190,4.74,4200
2020-10-27 09:42:42.190,4.74,100
2020-10-27 09:42:42.190,4.74,200
2020-10-27 09:42:42.190,4.74,500
2020-10-27 09:42:42.190,4.74,3100
2020-10-27 09:42:44.130,4.74,6900
2020-10-27 09:42:44.130,4.74,3100
2020-10-27 09:42:44.190,4.74,2500
2020-10-27 09:42:44.670,4.741,14500
2020-10-27 09:42:44.670,4.741,15500
2020-10-27 09:42:45.660,4.741,10000
2020-10-27 09:42:45.730,4.74,3000
2020-10-27 09:42:45.730,4.74,7000
2020-10-27 09:42:46.010,4.741,40000
2020-10-27 09:42:46.010,4.741,100
2020-10-27 09:42:46.110,4.74,10000
2020-10-27 09:42:48.270,4.74,700
2020-10-27 09:42:48.370,4.74,5000
2020-10-27 09:42:48.430,4.74,300
2020-10-27 09:42:48.740,4.741,2000
2020-10-27 09:42:49.010,4.741,10000
2020-10-27 09:42:50.360,4.741,100
2020-10-27 09:42:50.570,4.74,100
2020-10-27 09:42:50.920,4.741,3800
2020-10-27 09:42:50.920,4.741,300
2020-10-27 09:42:50.920,4.741,4200
2020-10-27 09:42:52.420,4.741,200
2020-10-27 09:42:52.420,4.74,26900
2020-10-27 09:42:52.420,4.74,1500
2020-10-27 09:42:52.420,4.74,100
2020-10-27 09:42:52.420,4.74,300
2020-10-27 09:42:52.420,4.74,5100
2020-10-27 09:42:52.420,4.74,500
2020-10-27 09:42:52.420,4.74,200
2020-10-27 09:42:52.420,4.74,200
2020-10-27 09:42:52.420,4.74,2200
2020-10-27 09:42:52.420,4.74,400
2020-10-27 09:42:52.420,4.74,1000
2020-10-27 09:42:52.420,4.74,200
2020-10-27 09:42:52.420,4.74,100
2020-10-27 09:42:52.420,4.74,1000
2020-10-27 09:42:52.420,4.74,2000
2020-10-27 09:42:52.420,4.74,2000
2020-10-27 09:42:52.420,4.74,5000
2020-10-27 09:42:52.420,4.74,2100
2020-10-27 09:42:52.420,4.74,5000
2020-10-27 09:42:52.420,4.74,2000
2020-10-27 09:42:52.420,4.74,500
2020-10-27 09:42:52.420,4.74,500
2020-10-27 09:42:52.420,4.74,5000
2020-10-27 09:42:52.420,4.74,5000
2020-10-27 09:42:52.420,4.74,5200
2020-10-27 09:42:54.740,4.74,4800
2020-10-27 09:42:54.740,4.74,200
2020-10-27 09:42:56.360,4.74,300
2020-10-27 09:42:56.360,4.74,300
2020-10-27 09:42:56.360,4.74,4400
2020-10-27 09:42:59.590,4.742,5000
2020-10-27 09:43:00.420,4.741,1100
2020-10-27 09:43:03.130,4.741,600
2020-10-27 09:43:03.130,4.741,500
2020-10-27 09:43:03.130,4.741,20000
2020-10-27 09:43:03.130,4.741,10000
2020-10-27 09:43:03.130,4.741,6000
2020-10-27 09:43:03.130,4.741,500
2020-10-27 09:43:03.130,4.741,2100
2020-10-27 09:43:03.130,4.74,600
2020-10-27 09:43:03.130,4.74,200
2020-10-27 09:43:03.130,4.74,2000
2020-10-27 09:43:03.130,4.74,400
2020-10-27 09:43:03.130,4.74,3000
2020-10-27 09:43:03.130,4.74,1000
2020-10-27 09:43:03.130,4.74,500
2020-10-27 09:43:03.130,4.74,2000
2020-10-27 09:43:03.130,4.74,100
2020-10-27 09:43:03.130,4.74,200
2020-10-27 09:43:03.130,4.74,1000
2020-10-27 09:43:03.130,4.74,15000
2020-10-27 09:43:03.130,4.74,800
2020-10-27 09:43:03.130,4.74,10000
2020-10-27 09:43:03.130,4.74,1000
2020-10-27 09:43:03.130,4.74,100
2020-10-27 09:43:03.130,4.74,4300
2020-10-27 09:43:04.240,4.742,700
2020-10-27 09:43:04.240,4.742,400
2020-10-27 09:43:04.240,4.742,3900
2020-10-27 09:43:05.320,4.742,200
2020-10-27 09:43:07.740,4.741,1000
2020-10-27 09:43:07.740,4.741,6900
2020-10-27 09:43:07.980,4.742,100
2020-10-27 09:43:08.200,4.742,800
2020-10-27 09:43:09.700,4.743,25000
2020-10-27 09:43:09.700,4.743,5000
2020-10-27 09:43:09.700,4.742,8400
2020-10-27 09:43:09.730,4.743,3000
2020-10-27 09:43:09.730,4.743,4000
2020-10-27 09:43:09.730,4.743,2100
2020-10-27 09:43:09.730,4.743,1400
2020-10-27 09:43:10.300,4.742,1500
2020-10-27 09:43:10.700,4.742,17000
2020-10-27 09:43:11.900,4.742,200
2020-10-27 09:43:12.560,4.744,40000
2020-10-27 09:43:14.450,4.742,10200
2020-10-27 09:43:15.650,4.744,10000
2020-10-27 09:43:15.740,4.744,11500
2020-10-27 09:43:16.170,4.744,400
2020-10-27 09:43:16.770,4.744,4400
2020-10-27 09:43:17.200,4.743,400
2020-10-27 09:43:17.200,4.743,1400
2020-10-27 09:43:17.200,4.742,2600
2020-10-27 09:43:18.600,4.744,80000
2020-10-27 09:43:18.600,4.744,100000
2020-10-27 09:43:18.600,4.744,20000
2020-10-27 09:43:18.690,4.744,10000
2020-10-27 09:43:19.960,4.744,600
2020-10-27 09:43:21.910,4.745,300
2020-10-27 09:43:22.260,4.745,400
2020-10-27 09:43:22.570,4.743,4000
2020-10-27 09:43:22.570,4.742,100
2020-10-27 09:43:22.570,4.742,16400
2020-10-27 09:43:23.730,4.743,1000
2020-10-27 09:43:23.890,4.743,600
2020-10-27 09:43:23.890,4.743,1000
2020-10-27 09:43:24.380,4.743,3400
2020-10-27 09:43:24.570,4.743,20000
2020-10-27 09:43:24.890,4.743,6600
2020-10-27 09:43:26.330,4.744,100
2020-10-27 09:43:27.830,4.743,800
2020-10-27 09:43:31.100,4.744,400
2020-10-27 09:43:31.100,4.744,2900
2020-10-27 09:43:31.960,4.744,1100
2020-10-27 09:43:33.010,4.745,100
2020-10-27 09:43:38.900,4.744,1000
2020-10-27 09:43:38.900,4.744,400
2020-10-27 09:43:38.900,4.744,2500
2020-10-27 09:43:38.960,4.744,14500
2020-10-27 09:43:38.990,4.744,1700
2020-10-27 09:43:39.240,4.745,2400
2020-10-27 09:43:39.240,4.745,1100
2020-10-27 09:43:39.240,4.745,6500
2020-10-27 09:43:39.690,4.745,1100
2020-10-27 09:43:41.170,4.744,4300
2020-10-27 09:43:43.240,4.744,4200
2020-10-27 09:43:44.120,4.744,500
2020-10-27 09:43:45.070,4.744,1000
2020-10-27 09:43:47.810,4.744,1700
2020-10-27 09:43:47.810,4.744,300
2020-10-27 09:43:47.810,4.744,8000
2020-10-27 09:43:48.110,4.744,12000
2020-10-27 09:43:49.390,4.745,2400
2020-10-27 09:43:49.390,4.745,5000
2020-10-27 09:43:49.390,4.745,2600
2020-10-27 09:43:50.830,4.745,4300
2020-10-27 09:43:50.830,4.745,100
2020-10-27 09:43:50.830,4.745,5600
2020-10-27 09:43:52.380,4.745,4400
2020-10-27 09:43:52.380,4.745,2500
2020-10-27 09:43:52.380,4.745,14600
2020-10-27 09:43:53.790,4.745,80000
2020-10-27 09:43:53.820,4.745,80000
2020-10-27 09:43:53.820,4.745,10000
2020-10-27 09:43:53.820,4.745,10000
2020-10-27 09:43:53.820,4.745,80000
2020-10-27 09:43:53.820,4.745,80000
2020-10-27 09:43:54.210,4.744,500
2020-10-27 09:43:54.980,4.744,10200
2020-10-27 09:43:56.810,4.745,20000
2020-10-27 09:43:56.810,4.745,50000
2020-10-27 09:43:56.880,4.745,14000
2020-10-27 09:43:56.880,4.745,2400
2020-10-27 09:43:56.880,4.745,1100
2020-10-27 09:43:58.030,4.745,100
2020-10-27 09:43:58.030,4.744,1700
2020-10-27 09:44:00.010,4.745,100
2020-10-27 09:44:02.700,4.746,2900
2020-10-27 09:44:02.700,4.746,2400
2020-10-27 09:44:02.700,4.746,74700
2020-10-27 09:44:03.360,4.746,100
2020-10-27 09:44:03.700,4.746,25200
2020-10-27 09:44:03.700,4.746,2300
2020-10-27 09:44:03.700,4.746,100
2020-10-27 09:44:03.830,4.747,100
2020-10-27 09:44:04.540,4.746,60000
2020-10-27 09:44:09.700,4.746,1500
2020-10-27 09:44:09.900,4.747,300
2020-10-27 09:44:09.900,4.747,2000
2020-10-27 09:44:09.900,4.747,2200
2020-10-27 09:44:09.900,4.747,1000
2020-10-27 09:44:09.900,4.747,60000
2020-10-27 09:44:09.900,4.747,4500
2020-10-27 09:44:10.870,4.747,17500
2020-10-27 09:44:11.310,4.747,2900
2020-10-27 09:44:15.110,4.748,1300
2020-10-27 09:44:15.110,4.748,300
2020-10-27 09:44:15.110,4.749,8500
2020-10-27 09:44:15.110,4.749,800
2020-10-27 09:44:15.870,4.747,40000
2020-10-27 09:44:16.140,4.747,10000
2020-10-27 09:44:17.060,4.747,200
2020-10-27 09:44:17.490,4.747,300
2020-10-27 09:44:19.180,4.747,200
2020-10-27 09:44:26.420,4.749,200
2020-10-27 09:44:27.140,4.749,100
2020-10-27 09:44:27.890,4.748,1200
2020-10-27 09:44:28.450,4.748,3800
2020-10-27 09:44:28.450,4.748,5000
2020-10-27 09:44:28.450,4.747,3400
2020-10-27 09:44:28.450,4.747,2500
2020-10-27 09:44:28.450,4.747,3500
2020-10-27 09:44:28.450,4.747,9300
2020-10-27 09:44:30.990,4.747,3700
2020-10-27 09:44:30.990,4.747,2600
2020-10-27 09:44:30.990,4.747,200
2020-10-27 09:44:30.990,4.747,5000
2020-10-27 09:44:30.990,4.747,5600
2020-10-27 09:44:30.990,4.747,2800
2020-10-27 09:44:32.370,4.748,3000
2020-10-27 09:44:33.890,4.749,20900
2020-10-27 09:44:33.890,4.749,18000
2020-10-27 09:44:33.890,4.749,10000
2020-10-27 09:44:33.890,4.749,200
2020-10-27 09:44:33.890,4.749,2400
2020-10-27 09:44:33.890,4.749,5000
2020-10-27 09:44:33.890,4.749,2000
2020-10-27 09:44:33.890,4.749,1500
2020-10-27 09:44:34.010,4.749,18500
2020-10-27 09:44:35.070,4.749,100
2020-10-27 09:44:35.070,4.749,10000
2020-10-27 09:44:37.140,4.749,9900
2020-10-27 09:44:37.140,4.749,100
2020-10-27 09:44:39.340,4.748,600
2020-10-27 09:44:39.490,4.749,400
2020-10-27 09:44:40.600,4.749,200
2020-10-27 09:44:41.270,4.75,80000
2020-10-27 09:44:41.790,4.749,4000
2020-10-27 09:44:42.860,4.75,14000
2020-10-27 09:44:42.860,4.75,200
2020-10-27 09:44:42.860,4.75,10000
2020-10-27 09:44:42.860,4.75,10800
2020-10-27 09:44:42.860,4.75,1000
2020-10-27 09:44:42.860,4.75,500
2020-10-27 09:44:42.860,4.75,1000
2020-10-27 09:44:42.860,4.75,2400
2020-10-27 09:44:42.860,4.75,5000
2020-10-27 09:44:42.860,4.75,100
2020-10-27 09:44:42.860,4.75,9800
2020-10-27 09:44:42.860,4.75,4200
2020-10-27 09:44:42.860,4.75,100
2020-10-27 09:44:42.860,4.75,10000
2020-10-27 09:44:42.860,4.75,100
2020-10-27 09:44:42.860,4.75,800
2020-10-27 09:44:42.860,4.75,10000
2020-10-27 09:44:44.200,4.75,4200
2020-10-27 09:44:44.630,4.749,100
2020-10-27 09:44:45.870,4.75,800
2020-10-27 09:44:45.870,4.75,17500
2020-10-27 09:44:45.870,4.75,1200
2020-10-27 09:44:45.870,4.75,1000
2020-10-27 09:44:45.870,4.75,1000
2020-10-27 09:44:45.870,4.75,3700
2020-10-27 09:44:45.870,4.75,500
2020-10-27 09:44:45.870,4.75,4300
