Datetime,Price,Volume
2020-08-10 09:25:00.160,3.296,500
2020-08-10 09:25:00.160,3.296,900
2020-08-10 09:25:00.160,3.296,200
2020-08-10 09:25:00.160,3.296,1000
2020-08-10 09:25:00.160,3.296,500
2020-08-10 09:25:00.160,3.296,7400
2020-08-10 09:25:00.160,3.296,900
2020-08-10 09:25:00.160,3.296,2500
2020-08-10 09:25:00.160,3.296,900
2020-08-10 09:25:00.160,3.296,9100
2020-08-10 09:25:00.160,3.296,900
2020-08-10 09:25:00.160,3.296,6000
2020-08-10 09:25:00.160,3.296,500
2020-08-10 09:25:00.160,3.296,2600
2020-08-10 09:25:00.160,3.296,100
2020-08-10 09:25:00.160,3.296,100
2020-08-10 09:25:00.160,3.296,400
2020-08-10 09:25:00.160,3.296,10000
2020-08-10 09:25:00.160,3.296,10300
2020-08-10 09:25:00.160,3.296,200
2020-08-10 09:25:00.160,3.296,200
2020-08-10 09:25:00.160,3.296,5000
2020-08-10 09:25:00.160,3.296,30200
2020-08-10 09:25:00.160,3.296,5000
2020-08-10 09:25:00.160,3.296,17500
2020-08-10 09:25:00.160,3.296,2000
2020-08-10 09:25:00.160,3.296,13100
2020-08-10 09:25:00.160,3.296,52900
2020-08-10 09:25:00.160,3.296,1000
2020-08-10 09:25:00.160,3.296,3400
2020-08-10 09:25:00.160,3.296,700
2020-08-10 09:25:00.160,3.296,350000
2020-08-10 09:25:00.160,3.296,1000
2020-08-10 09:25:00.160,3.296,500
2020-08-10 09:25:00.160,3.296,200
2020-08-10 09:25:00.160,3.296,200
2020-08-10 09:25:00.160,3.296,200
2020-08-10 09:25:00.160,3.296,200
2020-08-10 09:25:00.160,3.296,200
2020-08-10 09:25:00.160,3.296,3400
2020-08-10 09:25:00.160,3.296,3000
2020-08-10 09:25:00.160,3.296,200
2020-08-10 09:25:00.160,3.296,100
2020-08-10 09:25:00.160,3.296,100
2020-08-10 09:25:00.160,3.296,200
2020-08-10 09:25:00.160,3.296,2400
2020-08-10 09:25:00.160,3.296,200
2020-08-10 09:25:00.160,3.296,1300
2020-08-10 09:25:00.160,3.296,200
2020-08-10 09:25:00.160,3.296,10000
2020-08-10 09:25:00.160,3.296,100
2020-08-10 09:25:00.160,3.296,100
2020-08-10 09:25:00.160,3.296,200
2020-08-10 09:25:00.160,3.296,200
2020-08-10 09:25:00.160,3.296,200
2020-08-10 09:25:00.160,3.296,200
2020-08-10 09:25:00.160,3.296,100
2020-08-10 09:25:00.160,3.296,100
2020-08-10 09:25:00.160,3.296,200
2020-08-10 09:25:00.160,3.296,20000
2020-08-10 09:25:00.160,3.296,33900
2020-08-10 09:25:00.160,3.296,100
2020-08-10 09:25:00.160,3.296,100
2020-08-10 09:25:00.160,3.296,700
2020-08-10 09:25:00.160,3.296,3000
2020-08-10 09:25:00.160,3.296,3000
2020-08-10 09:25:00.160,3.296,2500
2020-08-10 09:25:00.160,3.296,3000
2020-08-10 09:25:00.160,3.296,3400
2020-08-10 09:25:00.160,3.296,15100
2020-08-10 09:25:00.160,3.296,10000
2020-08-10 09:25:00.160,3.296,400
2020-08-10 09:25:00.160,3.296,600
2020-08-10 09:25:00.160,3.296,400
2020-08-10 09:25:00.160,3.296,10000
2020-08-10 09:25:00.160,3.296,500
2020-08-10 09:25:00.160,3.296,100
2020-08-10 09:25:00.160,3.296,100
2020-08-10 09:25:00.160,3.296,100
2020-08-10 09:25:00.160,3.296,100
2020-08-10 09:25:00.160,3.296,100
2020-08-10 09:25:00.160,3.296,11500
2020-08-10 09:25:00.160,3.296,1200
2020-08-10 09:25:00.160,3.296,3200
2020-08-10 09:25:00.160,3.296,100
2020-08-10 09:25:00.160,3.296,200
2020-08-10 09:25:00.160,3.296,100
2020-08-10 09:25:00.160,3.296,100
2020-08-10 09:25:00.160,3.296,100
2020-08-10 09:25:00.160,3.296,1500
2020-08-10 09:25:00.160,3.296,200
2020-08-10 09:25:00.160,3.296,10000
2020-08-10 09:25:00.160,3.296,500
2020-08-10 09:25:00.160,3.296,1200
2020-08-10 09:25:00.160,3.296,400
2020-08-10 09:25:00.160,3.296,300
2020-08-10 09:25:00.160,3.296,600
2020-08-10 09:25:00.160,3.296,100
2020-08-10 09:25:00.160,3.296,1100
2020-08-10 09:25:00.160,3.296,600
2020-08-10 09:25:00.160,3.296,300
2020-08-10 09:25:00.160,3.296,300
2020-08-10 09:25:00.160,3.296,100
2020-08-10 09:25:00.160,3.296,2
2020-08-10 09:25:00.160,3.296,98
2020-08-10 09:25:00.160,3.296,102
2020-08-10 09:25:00.160,3.296,200
2020-08-10 09:25:00.160,3.296,1198
2020-08-10 09:25:00.160,3.296,100
2020-08-10 09:25:00.160,3.296,100
2020-08-10 09:25:00.160,3.296,200
2020-08-10 09:25:00.160,3.296,200
2020-08-10 09:25:00.160,3.296,200
2020-08-10 09:25:00.160,3.296,100
2020-08-10 09:25:00.160,3.296,100
2020-08-10 09:25:00.160,3.296,100
2020-08-10 09:25:00.160,3.296,100
2020-08-10 09:25:00.160,3.296,200
2020-08-10 09:25:00.160,3.296,2000
2020-08-10 09:25:00.160,3.296,1000
2020-08-10 09:25:00.160,3.296,100
2020-08-10 09:25:00.160,3.296,5000
2020-08-10 09:25:00.160,3.296,50000
2020-08-10 09:25:00.160,3.296,100
2020-08-10 09:25:00.160,3.296,100
2020-08-10 09:25:00.160,3.296,200
2020-08-10 09:25:00.160,3.296,6100
2020-08-10 09:25:00.160,3.296,500
2020-08-10 09:25:00.160,3.296,1000
2020-08-10 09:25:00.160,3.296,5000
2020-08-10 09:25:00.160,3.296,300
2020-08-10 09:25:00.160,3.296,500
2020-08-10 09:25:00.160,3.296,500
2020-08-10 09:25:00.160,3.296,200
2020-08-10 09:25:00.160,3.296,1000
2020-08-10 09:25:00.160,3.296,223700
2020-08-10 09:25:00.160,3.296,102
2020-08-10 09:25:00.160,3.296,100
2020-08-10 09:25:00.160,3.296,100
2020-08-10 09:25:00.160,3.296,200
2020-08-10 09:25:00.160,3.296,3498
2020-08-10 09:25:00.160,3.296,5000
2020-08-10 09:25:00.160,3.296,100
2020-08-10 09:25:00.160,3.296,100
2020-08-10 09:25:00.160,3.296,200
2020-08-10 09:25:00.160,3.296,6100
2020-08-10 09:25:00.160,3.296,1000
2020-08-10 09:25:00.160,3.296,5000
2020-08-10 09:25:00.160,3.296,200
2020-08-10 09:25:00.160,3.296,1000
2020-08-10 09:25:00.160,3.296,7802
2020-08-10 09:25:00.160,3.296,198
2020-08-10 09:25:00.160,3.296,2
2020-08-10 09:25:00.160,3.296,4000
2020-08-10 09:25:00.160,3.296,200
2020-08-10 09:25:00.160,3.296,798
2020-08-10 09:25:00.160,3.296,5000
2020-08-10 09:25:00.160,3.296,100
2020-08-10 09:25:00.160,3.296,2000
2020-08-10 09:25:00.160,3.296,100
2020-08-10 09:25:00.160,3.296,1000
2020-08-10 09:25:00.160,3.296,100
2020-08-10 09:25:00.160,3.296,10000
2020-08-10 09:25:00.160,3.296,1000
2020-08-10 09:25:00.160,3.296,200
2020-08-10 09:25:00.160,3.296,6100
2020-08-10 09:25:00.160,3.296,1000
2020-08-10 09:25:00.160,3.296,1102
2020-08-10 09:25:00.160,3.296,4898
2020-08-10 09:25:00.160,3.296,2500
2020-08-10 09:25:00.160,3.296,10000
2020-08-10 09:25:00.160,3.296,2500
2020-08-10 09:25:00.160,3.296,100
2020-08-10 09:25:00.160,3.296,400
2020-08-10 09:25:00.160,3.296,3602
2020-08-10 09:25:00.160,3.296,70
2020-08-10 09:25:00.160,3.296,200
2020-08-10 09:25:00.160,3.296,16128
2020-08-10 09:25:00.160,3.296,1000
2020-08-10 09:25:00.160,3.296,5000
2020-08-10 09:25:00.160,3.296,15000
2020-08-10 09:25:00.160,3.296,5000
2020-08-10 09:25:00.160,3.296,1000
2020-08-10 09:25:00.160,3.296,1000
2020-08-10 09:25:00.160,3.296,100
2020-08-10 09:25:00.160,3.296,500
2020-08-10 09:25:00.160,3.296,5000
2020-08-10 09:25:00.160,3.296,90800
2020-08-10 09:25:00.160,3.296,200
2020-08-10 09:25:00.160,3.296,1000
2020-08-10 09:25:00.160,3.296,4000
2020-08-10 09:25:00.160,3.296,5000
2020-08-10 09:25:00.160,3.296,500
2020-08-10 09:25:00.160,3.296,100
2020-08-10 09:25:00.160,3.296,200
2020-08-10 09:25:00.160,3.296,6100
2020-08-10 09:25:00.160,3.296,1000
2020-08-10 09:25:00.160,3.296,1600
2020-08-10 09:25:00.160,3.296,5000
2020-08-10 09:25:00.160,3.296,200
2020-08-10 09:25:00.160,3.296,1000
2020-08-10 09:25:00.160,3.296,5000
2020-08-10 09:25:00.160,3.296,1000
2020-08-10 09:25:00.160,3.296,100
2020-08-10 09:25:00.160,3.296,500
2020-08-10 09:25:00.160,3.296,58000
2020-08-10 09:25:00.160,3.296,200
2020-08-10 09:25:00.160,3.296,6100
2020-08-10 09:25:00.160,3.296,1000
2020-08-10 09:25:00.160,3.296,5000
2020-08-10 09:30:00.200,3.296,300000
2020-08-10 09:30:00.270,3.296,357172
2020-08-10 09:30:00.270,3.296,480000
2020-08-10 09:30:00.270,3.296,15000
2020-08-10 09:30:00.270,3.297,100
2020-08-10 09:30:00.270,3.297,100
2020-08-10 09:30:00.270,3.297,200
2020-08-10 09:30:00.270,3.298,200
2020-08-10 09:30:00.270,3.298,8000
2020-08-10 09:30:00.270,3.298,139228
2020-08-10 09:30:00.310,3.295,900
2020-08-10 09:30:00.310,3.295,100
2020-08-10 09:30:00.310,3.295,5000
2020-08-10 09:30:00.310,3.295,500
2020-08-10 09:30:00.310,3.295,3000
2020-08-10 09:30:00.310,3.295,200
2020-08-10 09:30:00.310,3.295,20000
2020-08-10 09:30:00.310,3.295,2500
2020-08-10 09:30:00.310,3.295,1000
2020-08-10 09:30:00.310,3.295,4200
2020-08-10 09:30:00.310,3.295,10000
2020-08-10 09:30:00.310,3.295,100
2020-08-10 09:30:00.310,3.295,5000
2020-08-10 09:30:00.310,3.295,6800
2020-08-10 09:30:00.310,3.295,10700
2020-08-10 09:30:00.310,3.298,19800
2020-08-10 09:30:00.310,3.296,1400
2020-08-10 09:30:00.400,3.296,9000
2020-08-10 09:30:00.400,3.298,100
2020-08-10 09:30:00.680,3.297,5000
2020-08-10 09:30:00.750,3.298,500
2020-08-10 09:30:00.900,3.297,1000
2020-08-10 09:30:00.900,3.297,3000
2020-08-10 09:30:00.900,3.297,500
2020-08-10 09:30:00.900,3.297,21000
2020-08-10 09:30:00.980,3.298,25000
2020-08-10 09:30:01.140,3.297,200
2020-08-10 09:30:01.260,3.298,30500
2020-08-10 09:30:01.330,3.297,10000
2020-08-10 09:30:01.330,3.297,100
2020-08-10 09:30:01.330,3.296,4000
2020-08-10 09:30:01.330,3.296,1500
2020-08-10 09:30:01.400,3.296,14600
2020-08-10 09:30:01.400,3.296,100
2020-08-10 09:30:01.400,3.296,5000
2020-08-10 09:30:01.400,3.296,5000
2020-08-10 09:30:01.400,3.296,5000
2020-08-10 09:30:01.400,3.296,30000
2020-08-10 09:30:01.400,3.295,100
2020-08-10 09:30:01.460,3.295,33300
2020-08-10 09:30:01.460,3.296,6000
2020-08-10 09:30:01.460,3.296,700
2020-08-10 09:30:01.460,3.294,100
2020-08-10 09:30:01.460,3.294,100
2020-08-10 09:30:01.460,3.294,100
2020-08-10 09:30:01.550,3.295,4500
2020-08-10 09:30:01.550,3.295,5000
2020-08-10 09:30:01.630,3.294,100
2020-08-10 09:30:01.630,3.294,6100
2020-08-10 09:30:01.630,3.294,1000
2020-08-10 09:30:01.630,3.294,1500
2020-08-10 09:30:01.720,3.295,20000
2020-08-10 09:30:01.870,3.295,2000
2020-08-10 09:30:01.930,3.295,29800
2020-08-10 09:30:01.930,3.295,11000
2020-08-10 09:30:01.930,3.295,29800
2020-08-10 09:30:01.930,3.298,84872
2020-08-10 09:30:01.930,3.299,4000
2020-08-10 09:30:01.930,3.299,5000
2020-08-10 09:30:01.930,3.299,11600
2020-08-10 09:30:01.930,3.299,1300
2020-08-10 09:30:01.930,3.299,8200
2020-08-10 09:30:01.930,3.3,10000
2020-08-10 09:30:01.930,3.3,6000
2020-08-10 09:30:01.930,3.3,7500
2020-08-10 09:30:01.930,3.3,100
2020-08-10 09:30:01.930,3.3,100
2020-08-10 09:30:01.930,3.3,200
2020-08-10 09:30:01.930,3.3,300
2020-08-10 09:30:01.930,3.3,4800
2020-08-10 09:30:01.930,3.3,10200
2020-08-10 09:30:01.930,3.3,2000
2020-08-10 09:30:01.930,3.3,100
2020-08-10 09:30:01.930,3.3,7400
2020-08-10 09:30:01.930,3.3,90000
2020-08-10 09:30:01.930,3.3,300000
2020-08-10 09:30:01.930,3.3,500
2020-08-10 09:30:01.930,3.3,6900
2020-08-10 09:30:01.930,3.3,5000
2020-08-10 09:30:01.930,3.3,200
2020-08-10 09:30:01.930,3.3,3000
2020-08-10 09:30:01.930,3.3,1000
2020-08-10 09:30:01.930,3.3,100
2020-08-10 09:30:02.090,3.3,1000
2020-08-10 09:30:02.090,3.3,200
2020-08-10 09:30:02.090,3.3,50000
2020-08-10 09:30:02.210,3.3,5000
2020-08-10 09:30:02.210,3.3,1000
2020-08-10 09:30:02.350,3.3,800
2020-08-10 09:30:02.510,3.3,9900
2020-08-10 09:30:02.510,3.3,600
2020-08-10 09:30:02.560,3.3,3300
2020-08-10 09:30:02.560,3.3,187228
2020-08-10 09:30:02.560,3.3,12772
2020-08-10 09:30:02.560,3.3,500
2020-08-10 09:30:02.560,3.3,3800
2020-08-10 09:30:02.610,3.3,500
2020-08-10 09:30:02.610,3.3,2900
2020-08-10 09:30:02.810,3.3,400
2020-08-10 09:30:02.840,3.3,3900
2020-08-10 09:30:02.840,3.3,200
2020-08-10 09:30:02.900,3.3,5000
2020-08-10 09:30:03.240,3.3,2000
2020-08-10 09:30:03.240,3.3,2000
2020-08-10 09:30:03.370,3.3,20000
2020-08-10 09:30:03.370,3.3,63000
2020-08-10 09:30:03.370,3.3,8000
2020-08-10 09:30:03.370,3.3,100
2020-08-10 09:30:03.500,3.3,1000
2020-08-10 09:30:03.500,3.3,4000
2020-08-10 09:30:03.620,3.3,20000
2020-08-10 09:30:03.710,3.3,1000
2020-08-10 09:30:03.710,3.3,2000
2020-08-10 09:30:03.950,3.3,35000
2020-08-10 09:30:03.950,3.3,10000
2020-08-10 09:30:03.950,3.3,30000
2020-08-10 09:30:03.950,3.3,100
2020-08-10 09:30:04.080,3.3,10000
2020-08-10 09:30:04.080,3.3,3000
2020-08-10 09:30:04.200,3.3,20000
2020-08-10 09:30:04.200,3.3,10000
2020-08-10 09:30:04.200,3.3,1200
2020-08-10 09:30:04.460,3.3,5000
2020-08-10 09:30:04.460,3.3,100
2020-08-10 09:30:04.510,3.3,2900
2020-08-10 09:30:04.560,3.3,3000
2020-08-10 09:30:04.560,3.3,11700
2020-08-10 09:30:04.650,3.3,4928
2020-08-10 09:30:04.650,3.3,4072
2020-08-10 09:30:04.650,3.3,200
2020-08-10 09:30:04.850,3.3,3000
2020-08-10 09:30:04.980,3.3,100
2020-08-10 09:30:04.980,3.3,64300
2020-08-10 09:30:05.050,3.3,700
2020-08-10 09:30:05.150,3.3,20000
2020-08-10 09:30:05.240,3.3,20000
2020-08-10 09:30:05.380,3.3,100
2020-08-10 09:30:05.420,3.3,187528
2020-08-10 09:30:05.420,3.3,300000
2020-08-10 09:30:05.420,3.298,300000
2020-08-10 09:30:05.420,3.298,212472
2020-08-10 09:30:05.420,3.298,10000
2020-08-10 09:30:05.500,3.298,40000
2020-08-10 09:30:05.500,3.298,10000
2020-08-10 09:30:05.580,3.298,9000
2020-08-10 09:30:05.700,3.298,200
2020-08-10 09:30:05.740,3.298,10000
2020-08-10 09:30:05.740,3.299,900
2020-08-10 09:30:06.020,3.3,17800
2020-08-10 09:30:06.130,3.3,11400
2020-08-10 09:30:06.170,3.3,500
2020-08-10 09:30:06.280,3.3,1800
2020-08-10 09:30:06.370,3.301,200
2020-08-10 09:30:06.370,3.301,1500
2020-08-10 09:30:06.370,3.301,500
2020-08-10 09:30:06.370,3.301,4200
2020-08-10 09:30:06.430,3.301,2900
2020-08-10 09:30:06.430,3.301,20700
2020-08-10 09:30:06.430,3.3,6800
2020-08-10 09:30:06.670,3.3,3500
2020-08-10 09:30:06.670,3.3,12100
2020-08-10 09:30:06.670,3.3,3100
2020-08-10 09:30:06.800,3.3,12600
2020-08-10 09:30:06.850,3.3,14000
2020-08-10 09:30:07.180,3.3,6000
2020-08-10 09:30:07.180,3.3,2900
2020-08-10 09:30:07.210,3.3,4000
2020-08-10 09:30:07.250,3.3,5000
2020-08-10 09:30:07.290,3.3,700
2020-08-10 09:30:07.290,3.3,50000
2020-08-10 09:30:07.370,3.3,446900
2020-08-10 09:30:07.370,3.3,300000
2020-08-10 09:30:07.520,3.298,6000
2020-08-10 09:30:07.630,3.298,300
2020-08-10 09:30:07.750,3.298,2028
2020-08-10 09:30:07.790,3.296,2000
2020-08-10 09:30:07.790,3.296,1000
2020-08-10 09:30:08.090,3.296,7500
2020-08-10 09:30:08.210,3.296,1500
2020-08-10 09:30:08.210,3.296,100
2020-08-10 09:30:08.500,3.296,400
2020-08-10 09:30:08.500,3.296,1000
2020-08-10 09:30:08.500,3.296,2000
2020-08-10 09:30:08.500,3.296,200
2020-08-10 09:30:08.500,3.296,3400
2020-08-10 09:30:08.500,3.296,1000
2020-08-10 09:30:08.700,3.297,3000
2020-08-10 09:30:08.740,3.296,10000
2020-08-10 09:30:08.870,3.296,4000
2020-08-10 09:30:08.970,3.296,30000
2020-08-10 09:30:09.010,3.296,800
2020-08-10 09:30:09.120,3.297,100
2020-08-10 09:30:09.290,3.296,2000
2020-08-10 09:30:09.430,3.296,106000
2020-08-10 09:30:09.500,3.296,2200
2020-08-10 09:30:09.500,3.297,3300
2020-08-10 09:30:09.590,3.297,13600
2020-08-10 09:30:09.590,3.297,10000
2020-08-10 09:30:09.590,3.297,2000
2020-08-10 09:30:09.680,3.298,500
2020-08-10 09:30:09.870,3.297,1000
2020-08-10 09:30:09.960,3.297,3000
2020-08-10 09:30:09.960,3.297,4000
2020-08-10 09:30:10.090,3.298,300
2020-08-10 09:30:10.090,3.298,100
2020-08-10 09:30:10.090,3.297,10000
2020-08-10 09:30:10.290,3.297,500
2020-08-10 09:30:10.340,3.297,100
2020-08-10 09:30:10.450,3.297,4200
2020-08-10 09:30:10.490,3.297,30000
2020-08-10 09:30:10.490,3.297,200
2020-08-10 09:30:10.530,3.298,1572
2020-08-10 09:30:10.650,3.298,928
2020-08-10 09:30:10.650,3.297,2072
2020-08-10 09:30:10.650,3.297,200
2020-08-10 09:30:10.730,3.299,1000
2020-08-10 09:30:11.190,3.297,200
2020-08-10 09:30:11.230,3.299,700
2020-08-10 09:30:11.260,3.297,23700
2020-08-10 09:30:11.480,3.299,3000
2020-08-10 09:30:12.190,3.297,500
2020-08-10 09:30:12.300,3.297,13000
2020-08-10 09:30:12.590,3.298,1100
2020-08-10 09:30:12.720,3.298,6100
2020-08-10 09:30:13.990,3.299,248400
2020-08-10 09:30:13.990,3.299,9000
2020-08-10 09:30:13.990,3.299,42600
2020-08-10 09:30:15.450,3.298,2600
2020-08-10 09:30:15.680,3.298,5000
2020-08-10 09:30:16.220,3.299,60000
2020-08-10 09:30:16.310,3.298,600
2020-08-10 09:30:18.440,3.299,300000
2020-08-10 09:30:18.500,3.299,300000
2020-08-10 09:30:18.600,3.299,86000
2020-08-10 09:30:18.600,3.299,5000
2020-08-10 09:30:18.600,3.3,1200
2020-08-10 09:30:18.600,3.3,100
2020-08-10 09:30:18.600,3.3,100
2020-08-10 09:30:18.600,3.3,56900
2020-08-10 09:30:19.980,3.302,200
2020-08-10 09:30:19.980,3.302,2000
2020-08-10 09:30:19.980,3.302,3100
2020-08-10 09:30:20.150,3.299,11800
2020-08-10 09:30:20.960,3.299,1200
2020-08-10 09:30:22.730,3.299,6100
2020-08-10 09:30:22.730,3.299,24200
2020-08-10 09:30:22.730,3.298,1000
2020-08-10 09:30:22.730,3.298,15300
2020-08-10 09:30:23.050,3.3,7000
2020-08-10 09:30:24.600,3.3,27200
2020-08-10 09:30:27.580,3.302,3000
2020-08-10 09:30:29.270,3.302,300000
2020-08-10 09:30:30.150,3.3,1900
2020-08-10 09:30:30.580,3.302,5000
2020-08-10 09:30:30.680,3.302,22700
2020-08-10 09:30:30.890,3.302,46200
2020-08-10 09:30:30.890,3.302,8500
2020-08-10 09:30:30.890,3.302,6700
2020-08-10 09:30:30.950,3.302,4500
2020-08-10 09:30:31.200,3.302,43800
2020-08-10 09:30:32.640,3.302,10000
2020-08-10 09:30:32.790,3.302,1000
2020-08-10 09:30:33.010,3.302,20000
2020-08-10 09:30:33.730,3.302,10000
2020-08-10 09:30:34.950,3.303,2000
2020-08-10 09:30:34.950,3.303,200
2020-08-10 09:30:34.950,3.303,10000
2020-08-10 09:30:34.950,3.303,3000
2020-08-10 09:30:34.950,3.303,10000
2020-08-10 09:30:34.950,3.303,10000
2020-08-10 09:30:35.210,3.303,3000
2020-08-10 09:30:35.980,3.303,21900
2020-08-10 09:30:36.210,3.304,100
2020-08-10 09:30:36.210,3.304,100
2020-08-10 09:30:36.210,3.304,200
2020-08-10 09:30:36.210,3.305,200
2020-08-10 09:30:36.210,3.305,20000
2020-08-10 09:30:36.210,3.305,1000
2020-08-10 09:30:36.210,3.305,5000
2020-08-10 09:30:36.210,3.306,200
2020-08-10 09:30:36.210,3.306,10000
2020-08-10 09:30:36.210,3.306,6000
2020-08-10 09:30:36.210,3.306,1000
2020-08-10 09:30:36.210,3.306,5000
2020-08-10 09:30:36.210,3.306,2500
2020-08-10 09:30:37.620,3.306,47500
2020-08-10 09:30:38.160,3.303,600
2020-08-10 09:30:38.800,3.306,1000
2020-08-10 09:30:39.420,3.306,300
2020-08-10 09:30:39.740,3.305,500
2020-08-10 09:30:39.890,3.306,1700
2020-08-10 09:30:42.070,3.307,200
2020-08-10 09:30:42.070,3.307,200
2020-08-10 09:30:42.070,3.307,300
2020-08-10 09:30:42.070,3.307,800
2020-08-10 09:30:42.070,3.307,600
2020-08-10 09:30:42.070,3.307,5000
2020-08-10 09:30:42.070,3.307,100
2020-08-10 09:30:42.070,3.307,400
2020-08-10 09:30:42.070,3.307,100
2020-08-10 09:30:42.070,3.307,10000
2020-08-10 09:30:42.070,3.307,1300
2020-08-10 09:30:42.070,3.307,1100
2020-08-10 09:30:42.070,3.307,500
2020-08-10 09:30:42.070,3.307,100
2020-08-10 09:30:42.070,3.307,100
2020-08-10 09:30:42.070,3.307,100
2020-08-10 09:30:42.070,3.307,1000
2020-08-10 09:30:42.070,3.307,200
2020-08-10 09:30:42.070,3.307,5000
2020-08-10 09:30:42.070,3.307,300
2020-08-10 09:30:42.070,3.307,100
2020-08-10 09:30:42.070,3.307,17800
2020-08-10 09:30:42.070,3.307,100
2020-08-10 09:30:42.070,3.307,200
2020-08-10 09:30:42.070,3.307,10000
2020-08-10 09:30:42.070,3.307,7400
2020-08-10 09:30:42.070,3.307,9000
2020-08-10 09:30:42.070,3.307,5000
2020-08-10 09:30:42.070,3.307,10000
2020-08-10 09:30:42.440,3.307,5000
2020-08-10 09:30:42.480,3.307,7000
2020-08-10 09:30:43.540,3.308,1500
2020-08-10 09:30:43.540,3.308,300
2020-08-10 09:30:43.540,3.308,1000
2020-08-10 09:30:43.540,3.308,5200
2020-08-10 09:30:43.540,3.308,2700
2020-08-10 09:30:43.540,3.308,1000
2020-08-10 09:30:43.540,3.308,100
2020-08-10 09:30:43.540,3.308,600
2020-08-10 09:30:43.540,3.308,1200
2020-08-10 09:30:43.540,3.308,1800
2020-08-10 09:30:43.540,3.308,400
2020-08-10 09:30:43.540,3.308,400
2020-08-10 09:30:43.540,3.308,200
2020-08-10 09:30:43.540,3.308,1000
2020-08-10 09:30:43.540,3.308,300
2020-08-10 09:30:43.540,3.308,300
2020-08-10 09:30:43.540,3.308,2000
2020-08-10 09:30:43.850,3.308,2500
2020-08-10 09:30:43.850,3.308,800
2020-08-10 09:30:43.850,3.308,100
2020-08-10 09:30:43.850,3.308,200
2020-08-10 09:30:43.850,3.308,18000
2020-08-10 09:30:43.850,3.308,9100
2020-08-10 09:30:43.850,3.308,8300
2020-08-10 09:30:44.030,3.308,26300
2020-08-10 09:30:44.030,3.308,3000
2020-08-10 09:30:44.030,3.308,400
2020-08-10 09:30:44.030,3.308,6000
2020-08-10 09:30:44.030,3.308,5000
2020-08-10 09:30:44.030,3.308,29600
2020-08-10 09:30:44.030,3.308,9500
2020-08-10 09:30:44.030,3.308,1300
2020-08-10 09:30:44.030,3.308,5000
2020-08-10 09:30:44.030,3.309,200
2020-08-10 09:30:44.030,3.309,100
2020-08-10 09:30:44.030,3.309,3000
2020-08-10 09:30:44.030,3.309,2000
2020-08-10 09:30:44.030,3.309,100
2020-08-10 09:30:44.030,3.309,300
2020-08-10 09:30:44.030,3.309,3000
2020-08-10 09:30:44.030,3.309,1600
2020-08-10 09:30:44.030,3.309,5000
2020-08-10 09:30:44.030,3.309,7500
2020-08-10 09:30:44.030,3.31,1000
2020-08-10 09:30:44.030,3.31,1500
2020-08-10 09:30:44.030,3.31,200
2020-08-10 09:30:44.030,3.31,400
2020-08-10 09:30:44.030,3.31,3200
2020-08-10 09:30:44.030,3.31,17800
2020-08-10 09:30:44.030,3.31,100
2020-08-10 09:30:44.030,3.31,7300
2020-08-10 09:30:44.030,3.31,72300
2020-08-10 09:30:44.030,3.31,400
2020-08-10 09:30:44.030,3.31,27500
2020-08-10 09:30:44.030,3.31,6000
2020-08-10 09:30:44.030,3.31,3000
2020-08-10 09:30:44.030,3.31,10000
2020-08-10 09:30:44.030,3.31,2100
2020-08-10 09:30:44.030,3.31,38300
2020-08-10 09:30:44.430,3.307,10000
2020-08-10 09:30:45.210,3.307,5000
2020-08-10 09:30:46.720,3.307,800
2020-08-10 09:30:47.030,3.306,3000
2020-08-10 09:30:47.560,3.308,4000
2020-08-10 09:30:47.560,3.31,161700
2020-08-10 09:30:47.560,3.31,20000
2020-08-10 09:30:47.560,3.31,100
2020-08-10 09:30:47.560,3.31,10000
2020-08-10 09:30:47.560,3.31,1300
2020-08-10 09:30:47.560,3.31,3000
2020-08-10 09:30:47.560,3.31,200
2020-08-10 09:30:47.560,3.31,10200
2020-08-10 09:30:47.560,3.31,2000
2020-08-10 09:30:47.560,3.31,5000
2020-08-10 09:30:47.560,3.31,100
2020-08-10 09:30:47.560,3.31,1500
2020-08-10 09:30:47.560,3.31,1000
2020-08-10 09:30:47.560,3.31,18200
2020-08-10 09:30:47.560,3.31,1500
2020-08-10 09:30:47.560,3.31,5500
2020-08-10 09:30:47.560,3.31,3000
2020-08-10 09:30:47.560,3.31,200
2020-08-10 09:30:47.560,3.31,6000
2020-08-10 09:30:47.560,3.31,10000
2020-08-10 09:30:47.560,3.31,2900
2020-08-10 09:30:47.560,3.31,5000
2020-08-10 09:30:47.560,3.31,6800
2020-08-10 09:30:47.560,3.31,15000
2020-08-10 09:30:47.560,3.31,2000
2020-08-10 09:30:47.560,3.31,1000
2020-08-10 09:30:47.560,3.31,2800
2020-08-10 09:30:47.820,3.307,1000
2020-08-10 09:30:49.000,3.308,3200
2020-08-10 09:30:49.410,3.303,500
2020-08-10 09:30:52.750,3.304,5000
2020-08-10 09:30:53.680,3.306,100
2020-08-10 09:30:58.360,3.303,10000
2020-08-10 09:30:59.300,3.302,300
2020-08-10 09:30:59.300,3.302,200
2020-08-10 09:30:59.890,3.304,295000
2020-08-10 09:30:59.890,3.305,3000
2020-08-10 09:30:59.920,3.305,2000
2020-08-10 09:31:01.410,3.305,100
2020-08-10 09:31:04.840,3.304,8800
2020-08-10 09:31:06.050,3.305,4200
2020-08-10 09:31:06.050,3.306,9900
2020-08-10 09:31:06.050,3.306,2000
2020-08-10 09:31:06.050,3.306,500
2020-08-10 09:31:06.050,3.306,15000
2020-08-10 09:31:06.050,3.306,200
2020-08-10 09:31:06.050,3.306,48600
2020-08-10 09:31:08.080,3.304,10000
2020-08-10 09:31:08.450,3.304,3000
2020-08-10 09:31:08.940,3.304,500
2020-08-10 09:31:09.100,3.304,11000
2020-08-10 09:31:09.230,3.304,10000
2020-08-10 09:31:09.880,3.304,52400
2020-08-10 09:31:10.300,3.304,204300
2020-08-10 09:31:10.300,3.304,3000
2020-08-10 09:31:10.300,3.304,1900
2020-08-10 09:31:13.190,3.304,3000
2020-08-10 09:31:14.320,3.304,5000
2020-08-10 09:31:15.010,3.303,10000
2020-08-10 09:31:15.740,3.303,100
2020-08-10 09:31:15.740,3.301,2200
2020-08-10 09:31:15.740,3.301,5000
2020-08-10 09:31:15.740,3.301,299900
2020-08-10 09:31:16.620,3.3,2000
2020-08-10 09:31:16.620,3.3,8000
2020-08-10 09:31:16.810,3.3,7000
2020-08-10 09:31:17.210,3.304,1800
2020-08-10 09:31:17.430,3.3,5000
2020-08-10 09:31:17.550,3.304,1000
2020-08-10 09:31:17.760,3.303,1000
2020-08-10 09:31:17.760,3.3,17900
2020-08-10 09:31:17.760,3.3,15000
2020-08-10 09:31:17.760,3.3,6000
2020-08-10 09:31:17.760,3.3,20000
2020-08-10 09:31:17.760,3.3,2000
2020-08-10 09:31:17.760,3.3,3000
2020-08-10 09:31:18.740,3.299,500
2020-08-10 09:31:22.000,3.3,2200
2020-08-10 09:31:22.960,3.3,8800
2020-08-10 09:31:22.960,3.301,300
2020-08-10 09:31:22.960,3.303,87300
2020-08-10 09:31:23.830,3.3,100
2020-08-10 09:31:24.150,3.299,3300
2020-08-10 09:31:24.790,3.3,1900
2020-08-10 09:31:24.970,3.3,5000
2020-08-10 09:31:24.970,3.3,1400
2020-08-10 09:31:26.090,3.3,1700
2020-08-10 09:31:26.240,3.3,2300
2020-08-10 09:31:26.520,3.3,3300
2020-08-10 09:31:26.980,3.3,20400
2020-08-10 09:31:29.870,3.299,200
2020-08-10 09:31:29.870,3.299,200
2020-08-10 09:31:29.870,3.299,1000
2020-08-10 09:31:29.870,3.298,114700
2020-08-10 09:31:29.870,3.298,100
2020-08-10 09:31:29.870,3.298,200
2020-08-10 09:31:32.430,3.298,300
2020-08-10 09:31:32.620,3.298,3000
2020-08-10 09:31:32.740,3.298,2000
2020-08-10 09:31:33.200,3.298,10000
2020-08-10 09:31:33.770,3.298,30000
2020-08-10 09:31:33.960,3.298,246900
2020-08-10 09:31:33.960,3.298,5000
2020-08-10 09:31:34.560,3.299,2400
2020-08-10 09:31:34.560,3.299,600
2020-08-10 09:31:34.810,3.299,9400
2020-08-10 09:31:34.810,3.3,13500
2020-08-10 09:31:34.810,3.3,43900
2020-08-10 09:31:34.810,3.3,2000
2020-08-10 09:31:34.810,3.3,5000
2020-08-10 09:31:35.980,3.3,160400
2020-08-10 09:31:36.080,3.302,100
2020-08-10 09:31:36.720,3.3,6500
2020-08-10 09:31:36.790,3.3,200
2020-08-10 09:31:38.010,3.302,48100
2020-08-10 09:31:38.340,3.3,3000
2020-08-10 09:31:38.670,3.3,6100
2020-08-10 09:31:39.400,3.298,1600
2020-08-10 09:31:44.300,3.298,100
2020-08-10 09:31:45.380,3.3,300
2020-08-10 09:31:45.540,3.3,12500
2020-08-10 09:31:48.040,3.298,28300
2020-08-10 09:31:48.040,3.298,500
2020-08-10 09:31:48.040,3.298,20000
2020-08-10 09:31:48.040,3.298,20000
2020-08-10 09:31:48.040,3.298,3000
2020-08-10 09:31:48.040,3.298,1500
2020-08-10 09:31:48.040,3.298,10000
2020-08-10 09:31:48.460,3.297,1000
2020-08-10 09:31:48.460,3.297,5000
2020-08-10 09:31:48.460,3.297,5000
2020-08-10 09:31:48.460,3.297,200
2020-08-10 09:31:48.460,3.297,5000
2020-08-10 09:31:48.460,3.297,30000
2020-08-10 09:31:48.460,3.297,10000
2020-08-10 09:31:48.460,3.297,100
2020-08-10 09:31:48.460,3.297,1000
2020-08-10 09:31:48.460,3.297,10000
2020-08-10 09:31:48.460,3.297,8000
2020-08-10 09:31:48.950,3.298,5000
2020-08-10 09:31:49.380,3.296,20000
2020-08-10 09:31:49.380,3.296,400
2020-08-10 09:31:49.380,3.296,100
2020-08-10 09:31:49.380,3.296,500
2020-08-10 09:31:49.380,3.296,500
2020-08-10 09:31:49.380,3.296,2000
2020-08-10 09:31:49.380,3.296,10000
2020-08-10 09:31:49.380,3.296,1200
2020-08-10 09:31:49.380,3.296,3000
2020-08-10 09:31:49.380,3.296,5000
2020-08-10 09:31:49.380,3.296,200
2020-08-10 09:31:49.380,3.296,30000
2020-08-10 09:31:49.380,3.296,10000
2020-08-10 09:31:51.230,3.298,1200
2020-08-10 09:31:51.230,3.298,1800
2020-08-10 09:31:51.320,3.297,5000
2020-08-10 09:31:51.790,3.296,5000
2020-08-10 09:31:51.790,3.295,3000
2020-08-10 09:31:51.790,3.295,2000
2020-08-10 09:31:52.660,3.295,5500
2020-08-10 09:31:52.910,3.298,5000
2020-08-10 09:31:54.680,3.297,100000
2020-08-10 09:31:54.840,3.296,30000
2020-08-10 09:31:56.160,3.296,100
2020-08-10 09:31:56.580,3.296,1000
2020-08-10 09:31:57.370,3.296,48600
2020-08-10 09:31:57.870,3.296,500
2020-08-10 09:31:59.500,3.296,6600
2020-08-10 09:31:59.580,3.296,113200
2020-08-10 09:31:59.580,3.296,2600
2020-08-10 09:31:59.580,3.296,46200
2020-08-10 09:32:00.960,3.297,6600
2020-08-10 09:32:01.270,3.296,500
2020-08-10 09:32:02.000,3.297,51200
2020-08-10 09:32:02.710,3.298,3200
2020-08-10 09:32:02.710,3.298,3200
2020-08-10 09:32:02.810,3.298,4800
2020-08-10 09:32:06.700,3.297,15000
2020-08-10 09:32:06.930,3.298,12300
2020-08-10 09:32:06.930,3.298,15700
2020-08-10 09:32:06.930,3.298,1900
2020-08-10 09:32:06.930,3.298,100000
2020-08-10 09:32:06.930,3.298,7400
2020-08-10 09:32:06.930,3.298,400
2020-08-10 09:32:06.930,3.298,3900
2020-08-10 09:32:06.930,3.298,5000
2020-08-10 09:32:06.930,3.298,200
2020-08-10 09:32:07.130,3.298,200
2020-08-10 09:32:07.580,3.299,10000
2020-08-10 09:32:07.580,3.299,6000
2020-08-10 09:32:07.580,3.299,3000
2020-08-10 09:32:07.580,3.3,11100
2020-08-10 09:32:07.580,3.3,5000
2020-08-10 09:32:07.580,3.3,10000
2020-08-10 09:32:07.580,3.3,11700
2020-08-10 09:32:08.060,3.3,1500
2020-08-10 09:32:08.220,3.3,10000
2020-08-10 09:32:08.430,3.3,7800
2020-08-10 09:32:08.560,3.3,100
2020-08-10 09:32:10.800,3.301,1800
2020-08-10 09:32:10.800,3.301,30000
2020-08-10 09:32:10.800,3.301,9000
2020-08-10 09:32:10.800,3.301,8000
2020-08-10 09:32:10.800,3.301,3100
2020-08-10 09:32:13.860,3.302,1000
2020-08-10 09:32:13.860,3.302,2300
2020-08-10 09:32:13.860,3.302,10000
2020-08-10 09:32:15.200,3.302,5000
2020-08-10 09:32:15.370,3.3,18900
2020-08-10 09:32:15.490,3.3,100
2020-08-10 09:32:16.000,3.3,10000
2020-08-10 09:32:16.250,3.302,15000
2020-08-10 09:32:17.280,3.3,8000
2020-08-10 09:32:17.440,3.303,10000
2020-08-10 09:32:17.440,3.303,3100
2020-08-10 09:32:17.440,3.303,2000
2020-08-10 09:32:17.440,3.303,100
2020-08-10 09:32:17.500,3.303,52600
2020-08-10 09:32:18.180,3.3,3000
2020-08-10 09:32:18.180,3.3,26500
2020-08-10 09:32:18.590,3.3,300
2020-08-10 09:32:19.060,3.3,143000
2020-08-10 09:32:20.840,3.301,1000
2020-08-10 09:32:20.840,3.3,4000
2020-08-10 09:32:21.200,3.302,100
2020-08-10 09:32:21.400,3.302,400
2020-08-10 09:32:21.400,3.302,2800
2020-08-10 09:32:23.620,3.302,100
2020-08-10 09:32:24.900,3.302,500
2020-08-10 09:32:24.900,3.302,1000
2020-08-10 09:32:24.900,3.301,6500
2020-08-10 09:32:24.930,3.301,3500
2020-08-10 09:32:24.930,3.301,5800
2020-08-10 09:32:25.640,3.303,187400
2020-08-10 09:32:25.640,3.304,13800
2020-08-10 09:32:25.640,3.304,1200
2020-08-10 09:32:25.640,3.304,100
2020-08-10 09:32:25.640,3.304,14100
2020-08-10 09:32:25.640,3.304,10000
2020-08-10 09:32:25.640,3.304,100
2020-08-10 09:32:25.640,3.304,73300
2020-08-10 09:32:26.690,3.303,76400
2020-08-10 09:32:27.950,3.303,10000
2020-08-10 09:32:29.480,3.303,1000
2020-08-10 09:32:30.910,3.303,11000
2020-08-10 09:32:31.160,3.303,200
2020-08-10 09:32:32.720,3.304,30000
2020-08-10 09:32:32.720,3.304,2000
2020-08-10 09:32:32.720,3.305,2000
2020-08-10 09:32:32.720,3.305,2000
2020-08-10 09:32:32.720,3.305,2500
2020-08-10 09:32:32.720,3.305,3000
2020-08-10 09:32:32.720,3.305,12500
2020-08-10 09:32:32.720,3.305,1000
2020-08-10 09:32:32.720,3.305,1000
2020-08-10 09:32:32.720,3.305,10000
2020-08-10 09:32:32.720,3.305,4700
2020-08-10 09:32:32.720,3.305,100
2020-08-10 09:32:33.100,3.305,15000
2020-08-10 09:32:33.570,3.305,14200
2020-08-10 09:32:33.690,3.303,9000
2020-08-10 09:32:35.330,3.304,1000
2020-08-10 09:32:35.540,3.304,99000
2020-08-10 09:32:35.540,3.304,1500
2020-08-10 09:32:35.540,3.303,32400
2020-08-10 09:32:35.540,3.303,1300
2020-08-10 09:32:35.540,3.303,100000
2020-08-10 09:32:36.350,3.303,400
2020-08-10 09:32:37.400,3.302,1600
2020-08-10 09:32:37.620,3.302,1000
2020-08-10 09:32:37.810,3.303,1000
2020-08-10 09:32:39.880,3.302,51900
2020-08-10 09:32:41.140,3.303,500
2020-08-10 09:32:42.430,3.302,145500
2020-08-10 09:32:42.430,3.302,30000
2020-08-10 09:32:42.430,3.302,10000
2020-08-10 09:32:42.430,3.302,25000
2020-08-10 09:32:42.430,3.302,2800
2020-08-10 09:32:42.690,3.301,1400
2020-08-10 09:32:44.040,3.302,39600
2020-08-10 09:32:44.920,3.302,1000
2020-08-10 09:32:45.110,3.301,28600
2020-08-10 09:32:45.110,3.301,800
2020-08-10 09:32:45.400,3.301,10000
2020-08-10 09:32:45.740,3.301,200
2020-08-10 09:32:46.800,3.301,5000
2020-08-10 09:32:46.890,3.301,10000
2020-08-10 09:32:47.950,3.301,300
2020-08-10 09:32:49.180,3.301,9000
2020-08-10 09:32:49.570,3.301,100
2020-08-10 09:32:49.790,3.302,10000
2020-08-10 09:32:50.480,3.302,2000
2020-08-10 09:32:53.100,3.302,400
2020-08-10 09:32:53.950,3.302,2000
2020-08-10 09:32:54.180,3.301,900
2020-08-10 09:32:54.180,3.301,200
2020-08-10 09:32:54.180,3.3,29400
2020-08-10 09:32:55.010,3.301,1000
2020-08-10 09:32:55.150,3.301,2000
2020-08-10 09:32:55.370,3.3,100
2020-08-10 09:32:55.430,3.301,300
2020-08-10 09:32:55.430,3.302,9700
2020-08-10 09:32:57.200,3.301,5000
2020-08-10 09:32:59.010,3.302,100
2020-08-10 09:33:01.150,3.301,2600
2020-08-10 09:33:01.330,3.301,2400
2020-08-10 09:33:01.330,3.301,2000
2020-08-10 09:33:01.330,3.301,500
2020-08-10 09:33:01.630,3.301,5100
2020-08-10 09:33:01.630,3.302,21900
2020-08-10 09:33:01.630,3.302,5000
2020-08-10 09:33:01.630,3.302,4000
2020-08-10 09:33:01.630,3.302,3700
2020-08-10 09:33:01.780,3.302,300
2020-08-10 09:33:01.930,3.3,112500
2020-08-10 09:33:02.070,3.3,3500
2020-08-10 09:33:03.420,3.301,5000
2020-08-10 09:33:04.650,3.3,7500
2020-08-10 09:33:04.650,3.3,5000
2020-08-10 09:33:04.650,3.3,2700
2020-08-10 09:33:04.970,3.301,2000
2020-08-10 09:33:06.650,3.301,100
2020-08-10 09:33:09.990,3.301,297900
2020-08-10 09:33:09.990,3.301,2100
2020-08-10 09:33:10.400,3.301,18900
2020-08-10 09:33:10.610,3.302,5000
2020-08-10 09:33:11.320,3.301,579000
2020-08-10 09:33:11.320,3.301,5000
2020-08-10 09:33:11.320,3.301,18900
2020-08-10 09:33:11.820,3.301,4000
2020-08-10 09:33:11.940,3.301,35500
2020-08-10 09:33:12.240,3.301,1000
2020-08-10 09:33:14.750,3.301,1500
2020-08-10 09:33:14.940,3.301,39800
2020-08-10 09:33:15.310,3.301,123000
2020-08-10 09:33:16.180,3.301,3000
2020-08-10 09:33:16.180,3.301,100
2020-08-10 09:33:16.180,3.302,8600
2020-08-10 09:33:16.200,3.302,4400
2020-08-10 09:33:16.200,3.302,600
2020-08-10 09:33:17.070,3.301,2800
2020-08-10 09:33:17.070,3.302,100
2020-08-10 09:33:17.070,3.302,4100
2020-08-10 09:33:17.070,3.302,35000
2020-08-10 09:33:18.120,3.302,600
2020-08-10 09:33:22.560,3.302,10000
2020-08-10 09:33:22.790,3.302,3800
2020-08-10 09:33:23.450,3.302,1900
2020-08-10 09:33:25.080,3.302,2000
2020-08-10 09:33:25.080,3.302,6000
2020-08-10 09:33:25.080,3.301,600
2020-08-10 09:33:25.320,3.303,2000
2020-08-10 09:33:25.860,3.303,300
2020-08-10 09:33:26.010,3.303,27000
2020-08-10 09:33:26.010,3.303,2000
2020-08-10 09:33:26.010,3.304,6000
2020-08-10 09:33:26.330,3.304,5000
2020-08-10 09:33:26.900,3.301,1000
2020-08-10 09:33:27.680,3.301,300
2020-08-10 09:33:28.880,3.302,100
2020-08-10 09:33:28.880,3.302,4500
2020-08-10 09:33:29.860,3.303,25900
2020-08-10 09:33:30.040,3.303,9000
2020-08-10 09:33:30.620,3.303,200
2020-08-10 09:33:35.410,3.303,300
2020-08-10 09:33:36.180,3.303,5000
2020-08-10 09:33:36.180,3.303,23500
2020-08-10 09:33:36.540,3.302,300
2020-08-10 09:33:36.600,3.302,1000
2020-08-10 09:33:38.050,3.302,500
2020-08-10 09:33:38.200,3.302,3200
2020-08-10 09:33:38.200,3.303,1200
2020-08-10 09:33:38.200,3.303,3000
2020-08-10 09:33:38.200,3.303,1000
2020-08-10 09:33:38.200,3.304,35600
2020-08-10 09:33:38.590,3.304,700
2020-08-10 09:33:41.140,3.302,2000
2020-08-10 09:33:41.980,3.302,8000
2020-08-10 09:33:43.400,3.303,6000
2020-08-10 09:33:43.400,3.304,33700
2020-08-10 09:33:44.660,3.304,100
2020-08-10 09:33:45.060,3.303,8300
2020-08-10 09:33:45.060,3.303,50000
2020-08-10 09:33:45.280,3.302,600
2020-08-10 09:33:45.710,3.302,30000
2020-08-10 09:33:46.220,3.301,400
2020-08-10 09:33:46.900,3.301,2400
2020-08-10 09:33:47.560,3.302,1000
2020-08-10 09:33:47.590,3.301,500
2020-08-10 09:33:47.700,3.301,3700
2020-08-10 09:33:47.700,3.301,3000
2020-08-10 09:33:47.700,3.301,3200
2020-08-10 09:33:48.680,3.302,23500
2020-08-10 09:33:48.770,3.301,1800
2020-08-10 09:33:48.770,3.301,2400
2020-08-10 09:33:48.770,3.301,500
2020-08-10 09:33:48.770,3.301,10000
2020-08-10 09:33:48.770,3.301,2000
2020-08-10 09:33:48.770,3.301,13300
2020-08-10 09:33:49.060,3.302,1600
2020-08-10 09:33:51.500,3.302,5000
2020-08-10 09:33:51.760,3.302,40200
2020-08-10 09:33:52.520,3.302,290900
2020-08-10 09:33:52.520,3.302,1000
2020-08-10 09:33:52.520,3.302,158300
2020-08-10 09:33:52.520,3.302,300000
2020-08-10 09:33:52.520,3.302,10500
2020-08-10 09:33:52.520,3.302,3100
2020-08-10 09:33:53.430,3.302,100
2020-08-10 09:33:53.710,3.302,136100
2020-08-10 09:33:53.710,3.302,2100
2020-08-10 09:33:53.960,3.302,300
2020-08-10 09:33:57.370,3.302,10000
2020-08-10 09:33:57.650,3.302,5000
2020-08-10 09:33:57.900,3.301,3100
2020-08-10 09:33:58.120,3.302,1000
2020-08-10 09:33:59.240,3.302,2000
2020-08-10 09:33:59.530,3.302,3000
2020-08-10 09:33:59.590,3.302,1500
2020-08-10 09:34:00.260,3.301,3600
2020-08-10 09:34:00.260,3.301,2000
2020-08-10 09:34:00.260,3.301,6200
2020-08-10 09:34:00.260,3.301,1000
2020-08-10 09:34:00.260,3.301,2500
2020-08-10 09:34:01.000,3.302,6000
2020-08-10 09:34:01.120,3.301,30500
2020-08-10 09:34:03.160,3.302,271500
2020-08-10 09:34:06.640,3.303,122200
2020-08-10 09:34:06.790,3.302,100
2020-08-10 09:34:07.020,3.303,11400
2020-08-10 09:34:07.020,3.303,9000
2020-08-10 09:34:07.020,3.303,200
2020-08-10 09:34:07.850,3.303,30600
2020-08-10 09:34:07.850,3.302,28400
2020-08-10 09:34:07.850,3.302,40300
2020-08-10 09:34:07.850,3.302,700
2020-08-10 09:34:08.960,3.304,100
2020-08-10 09:34:09.240,3.304,118800
2020-08-10 09:34:09.240,3.304,5000
2020-08-10 09:34:09.240,3.304,400
2020-08-10 09:34:09.240,3.304,300000
2020-08-10 09:34:09.240,3.304,600
2020-08-10 09:34:09.240,3.304,10000
2020-08-10 09:34:09.240,3.304,10000
2020-08-10 09:34:09.240,3.304,10000
2020-08-10 09:34:09.270,3.303,300
2020-08-10 09:34:09.630,3.305,20000
2020-08-10 09:34:09.630,3.305,6800
2020-08-10 09:34:09.630,3.305,5000
2020-08-10 09:34:09.630,3.305,100
2020-08-10 09:34:09.630,3.305,1100
2020-08-10 09:34:09.630,3.305,300
2020-08-10 09:34:09.630,3.305,3100
2020-08-10 09:34:09.630,3.305,7000
2020-08-10 09:34:10.010,3.305,700
2020-08-10 09:34:10.430,3.305,1300
2020-08-10 09:34:10.430,3.305,22500
2020-08-10 09:34:10.920,3.305,100000
2020-08-10 09:34:11.160,3.305,4000
2020-08-10 09:34:11.190,3.305,100000
2020-08-10 09:34:11.300,3.305,1000
2020-08-10 09:34:11.560,3.305,22500
2020-08-10 09:34:11.560,3.304,177500
2020-08-10 09:34:11.890,3.304,300
2020-08-10 09:34:12.660,3.306,251400
2020-08-10 09:34:12.660,3.306,1000
2020-08-10 09:34:12.660,3.306,2000
2020-08-10 09:34:12.660,3.306,1500
2020-08-10 09:34:12.660,3.306,4600
2020-08-10 09:34:12.660,3.306,500
2020-08-10 09:34:12.660,3.306,10000
2020-08-10 09:34:12.660,3.306,500
2020-08-10 09:34:12.660,3.306,100
2020-08-10 09:34:12.660,3.306,1100
2020-08-10 09:34:12.660,3.306,93000
2020-08-10 09:34:12.660,3.306,200000
2020-08-10 09:34:13.760,3.307,10000
2020-08-10 09:34:13.760,3.307,100
2020-08-10 09:34:13.760,3.307,100
2020-08-10 09:34:13.760,3.307,16000
2020-08-10 09:34:13.760,3.307,2000
2020-08-10 09:34:13.760,3.307,2000
2020-08-10 09:34:13.760,3.307,5000
2020-08-10 09:34:13.760,3.307,2000
2020-08-10 09:34:13.760,3.307,200
2020-08-10 09:34:13.760,3.307,100
2020-08-10 09:34:15.180,3.308,5600
2020-08-10 09:34:15.180,3.308,3300
2020-08-10 09:34:15.180,3.308,7000
2020-08-10 09:34:15.180,3.308,1000
2020-08-10 09:34:15.180,3.308,1000
2020-08-10 09:34:15.180,3.308,10000
2020-08-10 09:34:15.180,3.308,200
2020-08-10 09:34:15.180,3.308,15200
2020-08-10 09:34:15.180,3.308,5000
2020-08-10 09:34:15.470,3.308,10000
2020-08-10 09:34:15.470,3.308,10600
2020-08-10 09:34:18.820,3.308,32700
2020-08-10 09:34:19.010,3.308,100
2020-08-10 09:34:19.520,3.308,91
2020-08-10 09:34:19.900,3.308,100
2020-08-10 09:34:21.410,3.308,98109
2020-08-10 09:34:23.270,3.308,400
2020-08-10 09:34:23.300,3.305,14500
2020-08-10 09:34:23.520,3.305,800
2020-08-10 09:34:24.090,3.308,3000
2020-08-10 09:34:24.590,3.308,200
2020-08-10 09:34:25.570,3.308,500
2020-08-10 09:34:26.120,3.307,400
2020-08-10 09:34:26.120,3.308,39900
2020-08-10 09:34:27.300,3.308,257891
2020-08-10 09:34:27.300,3.308,42109
2020-08-10 09:34:27.550,3.308,15400
2020-08-10 09:34:27.730,3.308,18000
2020-08-10 09:34:28.200,3.308,500
2020-08-10 09:34:28.290,3.308,600
2020-08-10 09:34:28.570,3.308,223391
2020-08-10 09:34:29.720,3.308,1300
2020-08-10 09:34:29.970,3.309,1000
2020-08-10 09:34:29.970,3.309,3000
2020-08-10 09:34:29.970,3.309,200
2020-08-10 09:34:29.970,3.309,800
2020-08-10 09:34:30.000,3.308,100
2020-08-10 09:34:31.350,3.308,1000
2020-08-10 09:34:31.900,3.308,700
2020-08-10 09:34:31.900,3.309,19200
2020-08-10 09:34:31.900,3.309,100
2020-08-10 09:34:31.900,3.309,5000
2020-08-10 09:34:31.900,3.309,1000
2020-08-10 09:34:31.900,3.309,6200
2020-08-10 09:34:32.330,3.309,700
2020-08-10 09:34:32.740,3.309,600
2020-08-10 09:34:33.030,3.309,500
2020-08-10 09:34:33.210,3.309,600
2020-08-10 09:34:33.730,3.309,600
2020-08-10 09:34:33.760,3.309,1500
2020-08-10 09:34:34.010,3.31,2200
2020-08-10 09:34:34.010,3.31,1000
2020-08-10 09:34:34.010,3.31,2000
2020-08-10 09:34:34.010,3.31,1000
2020-08-10 09:34:34.010,3.31,10000
2020-08-10 09:34:34.010,3.31,500
2020-08-10 09:34:34.010,3.31,4900
2020-08-10 09:34:34.010,3.31,15000
2020-08-10 09:34:34.010,3.31,200
2020-08-10 09:34:34.010,3.31,2000
2020-08-10 09:34:34.010,3.31,15000
2020-08-10 09:34:34.010,3.31,800
2020-08-10 09:34:34.010,3.31,10000
2020-08-10 09:34:34.010,3.31,300
2020-08-10 09:34:34.010,3.31,5000
2020-08-10 09:34:34.010,3.31,2000
2020-08-10 09:34:34.010,3.31,6000
2020-08-10 09:34:34.010,3.309,500
2020-08-10 09:34:34.010,3.308,7500
2020-08-10 09:34:35.260,3.309,500
2020-08-10 09:34:37.830,3.309,3000
2020-08-10 09:34:39.030,3.31,1300
2020-08-10 09:34:39.380,3.309,7300
2020-08-10 09:34:39.590,3.309,5600
2020-08-10 09:34:41.370,3.309,100
2020-08-10 09:34:43.590,3.309,3000
2020-08-10 09:34:44.000,3.309,300
2020-08-10 09:34:44.030,3.31,5600
2020-08-10 09:34:44.760,3.31,3100
2020-08-10 09:34:44.760,3.31,100
2020-08-10 09:34:44.760,3.31,26800
2020-08-10 09:34:45.110,3.31,500
2020-08-10 09:34:45.460,3.31,73500
2020-08-10 09:34:46.890,3.31,20000
2020-08-10 09:34:49.120,3.309,200
2020-08-10 09:34:49.120,3.309,3800
2020-08-10 09:34:49.460,3.308,66009
2020-08-10 09:34:49.460,3.308,30300
2020-08-10 09:34:49.460,3.308,500
2020-08-10 09:34:49.460,3.308,100
2020-08-10 09:34:49.460,3.308,10000
2020-08-10 09:34:49.460,3.308,2500
2020-08-10 09:34:49.460,3.308,100
2020-08-10 09:34:49.460,3.308,500
2020-08-10 09:34:49.460,3.308,1000
2020-08-10 09:34:49.480,3.308,10000
2020-08-10 09:34:49.510,3.307,4800
2020-08-10 09:34:49.850,3.308,200
2020-08-10 09:34:51.640,3.308,36900
2020-08-10 09:34:52.050,3.308,500
2020-08-10 09:34:52.300,3.308,31400
2020-08-10 09:34:52.750,3.308,109300
2020-08-10 09:34:53.370,3.308,891
2020-08-10 09:34:53.370,3.308,100
2020-08-10 09:34:53.370,3.308,4009
2020-08-10 09:34:53.910,3.309,200
2020-08-10 09:34:54.070,3.309,18300
2020-08-10 09:34:54.130,3.309,10000
2020-08-10 09:34:56.150,3.308,5900
2020-08-10 09:34:56.150,3.308,15300
2020-08-10 09:34:56.150,3.309,18800
2020-08-10 09:34:56.670,3.306,200
2020-08-10 09:34:58.380,3.306,2800
2020-08-10 09:34:58.380,3.306,200
2020-08-10 09:34:58.690,3.306,300
2020-08-10 09:34:58.840,3.306,400
2020-08-10 09:34:59.130,3.306,300
2020-08-10 09:34:59.270,3.306,3500
2020-08-10 09:35:00.100,3.306,500
2020-08-10 09:35:00.920,3.306,400
2020-08-10 09:35:00.920,3.306,400
2020-08-10 09:35:03.080,3.306,21000
2020-08-10 09:35:03.320,3.306,270200
2020-08-10 09:35:03.320,3.306,285700
2020-08-10 09:35:03.410,3.306,5000
2020-08-10 09:35:03.560,3.306,5000
2020-08-10 09:35:03.620,3.306,334100
2020-08-10 09:35:04.670,3.305,3600
2020-08-10 09:35:04.670,3.305,50000
2020-08-10 09:35:04.670,3.305,2000
2020-08-10 09:35:04.670,3.305,4400
2020-08-10 09:35:04.990,3.304,93000
2020-08-10 09:35:05.350,3.304,40400
2020-08-10 09:35:05.680,3.304,100
2020-08-10 09:35:05.680,3.304,100
2020-08-10 09:35:05.990,3.303,30000
2020-08-10 09:35:05.990,3.303,500
2020-08-10 09:35:08.740,3.303,3000
2020-08-10 09:35:08.910,3.303,297000
2020-08-10 09:35:08.910,3.304,47300
2020-08-10 09:35:08.910,3.304,300000
2020-08-10 09:35:09.460,3.305,1000
2020-08-10 09:35:09.530,3.304,255700
2020-08-10 09:35:09.530,3.304,1800
2020-08-10 09:35:09.780,3.303,19000
2020-08-10 09:35:10.080,3.304,1100
2020-08-10 09:35:11.210,3.304,12000
2020-08-10 09:35:11.440,3.304,900
2020-08-10 09:35:11.970,3.304,2000
2020-08-10 09:35:12.640,3.304,500
2020-08-10 09:35:13.330,3.306,500
2020-08-10 09:35:18.810,3.305,2500
2020-08-10 09:35:21.690,3.304,40500
2020-08-10 09:35:21.690,3.304,100
2020-08-10 09:35:21.800,3.304,200
2020-08-10 09:35:22.280,3.304,25000
2020-08-10 09:35:22.580,3.304,1000
2020-08-10 09:35:23.410,3.304,800
2020-08-10 09:35:24.550,3.304,32400
2020-08-10 09:35:24.830,3.304,6100
2020-08-10 09:35:24.830,3.305,249800
2020-08-10 09:35:24.830,3.305,5600
2020-08-10 09:35:25.160,3.306,100
2020-08-10 09:35:25.160,3.306,600
2020-08-10 09:35:26.670,3.305,1000
2020-08-10 09:35:27.460,3.305,3000
2020-08-10 09:35:28.530,3.305,5000
2020-08-10 09:35:30.130,3.305,500
2020-08-10 09:35:31.080,3.306,300
2020-08-10 09:35:31.360,3.305,2500
2020-08-10 09:35:32.500,3.306,300
2020-08-10 09:35:32.500,3.306,100
2020-08-10 09:35:33.280,3.305,26500
2020-08-10 09:35:33.280,3.305,600
2020-08-10 09:35:33.280,3.305,2000
2020-08-10 09:35:33.280,3.305,5000
2020-08-10 09:35:33.280,3.305,100
2020-08-10 09:35:33.280,3.304,100
2020-08-10 09:35:33.280,3.304,15700
2020-08-10 09:35:34.020,3.306,400
2020-08-10 09:35:34.470,3.305,6000
2020-08-10 09:35:34.500,3.305,1000
2020-08-10 09:35:37.110,3.305,300
2020-08-10 09:35:37.150,3.305,5600
2020-08-10 09:35:37.330,3.305,300
2020-08-10 09:35:37.670,3.304,2000
2020-08-10 09:35:37.670,3.304,100
2020-08-10 09:35:37.670,3.303,1000
2020-08-10 09:35:37.670,3.303,100
2020-08-10 09:35:37.670,3.303,2000
2020-08-10 09:35:37.670,3.303,300
2020-08-10 09:35:37.930,3.305,1700
2020-08-10 09:35:38.750,3.305,500
2020-08-10 09:35:39.050,3.304,400
2020-08-10 09:35:39.470,3.305,20000
2020-08-10 09:35:40.810,3.304,1500
2020-08-10 09:35:41.040,3.305,277800
2020-08-10 09:35:41.040,3.305,3400
2020-08-10 09:35:41.040,3.305,1000
2020-08-10 09:35:42.170,3.305,1000
2020-08-10 09:35:42.600,3.305,16800
2020-08-10 09:35:42.600,3.305,183200
2020-08-10 09:35:44.000,3.305,700
2020-08-10 09:35:44.170,3.305,51800
2020-08-10 09:35:45.050,3.305,300100
2020-08-10 09:35:45.260,3.305,10000
2020-08-10 09:35:45.300,3.305,54200
2020-08-10 09:35:45.300,3.305,300
2020-08-10 09:35:45.300,3.305,1700
2020-08-10 09:35:45.300,3.305,8300
2020-08-10 09:35:45.330,3.305,5000
2020-08-10 09:35:45.360,3.305,27300
2020-08-10 09:35:45.360,3.305,15000
2020-08-10 09:35:45.850,3.305,5000
2020-08-10 09:35:45.850,3.304,3600
2020-08-10 09:35:45.980,3.303,5000
2020-08-10 09:35:46.060,3.304,100
2020-08-10 09:35:48.120,3.304,10000
2020-08-10 09:35:50.420,3.304,600
2020-08-10 09:35:52.170,3.304,2500
2020-08-10 09:35:53.080,3.304,6100
2020-08-10 09:35:53.380,3.303,100
2020-08-10 09:35:53.380,3.303,100
2020-08-10 09:35:53.380,3.303,100
2020-08-10 09:35:53.380,3.303,100
2020-08-10 09:35:53.380,3.303,100
2020-08-10 09:35:53.380,3.303,100
2020-08-10 09:35:53.380,3.303,100
2020-08-10 09:35:53.380,3.303,100
2020-08-10 09:35:53.380,3.303,100
2020-08-10 09:35:53.380,3.303,100
2020-08-10 09:35:53.470,3.303,100
2020-08-10 09:35:53.470,3.303,100
2020-08-10 09:35:53.470,3.303,100
2020-08-10 09:35:53.470,3.303,100
2020-08-10 09:35:53.470,3.303,100
2020-08-10 09:35:53.470,3.303,100
2020-08-10 09:35:53.560,3.303,100
2020-08-10 09:35:53.560,3.303,100
2020-08-10 09:35:53.560,3.303,100
2020-08-10 09:35:53.560,3.303,100
2020-08-10 09:35:53.560,3.303,100
2020-08-10 09:35:53.560,3.303,100
2020-08-10 09:35:53.560,3.303,100
2020-08-10 09:35:53.560,3.303,100
2020-08-10 09:35:53.560,3.303,100
2020-08-10 09:35:53.560,3.303,100
2020-08-10 09:35:53.560,3.303,100
2020-08-10 09:35:53.560,3.303,100
2020-08-10 09:35:53.560,3.303,100
2020-08-10 09:35:53.560,3.303,100
2020-08-10 09:35:53.560,3.303,100
2020-08-10 09:35:53.560,3.303,100
2020-08-10 09:35:53.560,3.303,100
2020-08-10 09:35:53.560,3.303,100
2020-08-10 09:35:53.560,3.303,100
2020-08-10 09:35:53.560,3.303,100
2020-08-10 09:35:53.560,3.303,100
2020-08-10 09:35:53.560,3.303,100
2020-08-10 09:35:53.560,3.303,100
2020-08-10 09:35:53.560,3.303,100
2020-08-10 09:35:53.560,3.303,100
2020-08-10 09:35:53.560,3.303,100
2020-08-10 09:35:53.560,3.303,100
2020-08-10 09:35:53.560,3.303,100
2020-08-10 09:35:53.560,3.303,100
2020-08-10 09:35:53.560,3.303,100
2020-08-10 09:35:53.560,3.303,100
2020-08-10 09:35:53.620,3.303,100
2020-08-10 09:35:53.620,3.303,100
2020-08-10 09:35:53.620,3.303,100
2020-08-10 09:35:53.620,3.303,100
2020-08-10 09:35:53.620,3.303,100
2020-08-10 09:35:53.620,3.303,100
2020-08-10 09:35:53.650,3.303,100
2020-08-10 09:35:53.650,3.303,100
2020-08-10 09:35:53.650,3.303,100
2020-08-10 09:35:53.650,3.303,100
2020-08-10 09:35:53.700,3.303,100
2020-08-10 09:35:53.740,3.303,100
2020-08-10 09:35:53.740,3.303,100
2020-08-10 09:35:53.740,3.303,100
2020-08-10 09:35:53.800,3.303,100
2020-08-10 09:35:53.800,3.303,100
2020-08-10 09:35:53.800,3.303,100
2020-08-10 09:35:53.800,3.303,100
2020-08-10 09:35:53.800,3.303,100
2020-08-10 09:35:53.800,3.303,100
2020-08-10 09:35:53.800,3.303,100
2020-08-10 09:35:53.860,3.304,2000
2020-08-10 09:35:53.860,3.303,100
2020-08-10 09:35:53.860,3.303,100
2020-08-10 09:35:53.860,3.303,100
2020-08-10 09:35:53.860,3.303,100
2020-08-10 09:35:53.860,3.303,100
2020-08-10 09:35:53.860,3.303,100
2020-08-10 09:35:53.890,3.303,100
2020-08-10 09:35:53.890,3.303,100
2020-08-10 09:35:53.890,3.303,100
2020-08-10 09:35:53.890,3.303,100
2020-08-10 09:35:53.950,3.303,100
2020-08-10 09:35:53.950,3.303,100
2020-08-10 09:35:53.950,3.303,100
2020-08-10 09:35:53.950,3.303,100
2020-08-10 09:35:53.950,3.303,100
2020-08-10 09:35:54.000,3.303,100
2020-08-10 09:35:54.000,3.303,100
2020-08-10 09:35:54.000,3.303,100
2020-08-10 09:35:54.000,3.303,100
2020-08-10 09:35:54.000,3.303,100
2020-08-10 09:35:54.060,3.303,100
2020-08-10 09:35:54.060,3.303,100
2020-08-10 09:35:54.060,3.303,100
2020-08-10 09:35:54.060,3.303,100
2020-08-10 09:35:54.090,3.303,100
2020-08-10 09:35:54.090,3.303,100
2020-08-10 09:35:54.090,3.303,100
2020-08-10 09:35:54.090,3.303,100
2020-08-10 09:35:54.090,3.303,100
2020-08-10 09:35:54.090,3.303,100
2020-08-10 09:35:54.150,3.303,100
2020-08-10 09:35:54.150,3.303,100
2020-08-10 09:35:54.230,3.304,100
2020-08-10 09:35:56.880,3.304,500
2020-08-10 09:35:56.880,3.304,200
2020-08-10 09:35:56.880,3.304,9300
2020-08-10 09:35:57.290,3.304,10700
2020-08-10 09:36:00.090,3.304,1000
2020-08-10 09:36:00.090,3.304,2000
2020-08-10 09:36:03.170,3.303,10000
2020-08-10 09:36:04.170,3.303,20000
2020-08-10 09:36:04.980,3.304,2000
2020-08-10 09:36:04.980,3.304,1700
2020-08-10 09:36:06.050,3.304,4000
2020-08-10 09:36:07.240,3.304,1000
2020-08-10 09:36:07.330,3.304,20000
2020-08-10 09:36:09.050,3.304,300
2020-08-10 09:36:09.260,3.304,100
2020-08-10 09:36:10.330,3.304,300
2020-08-10 09:36:11.190,3.305,15100
2020-08-10 09:36:11.190,3.305,3000
2020-08-10 09:36:11.190,3.305,2000
2020-08-10 09:36:11.190,3.305,11700
2020-08-10 09:36:11.190,3.305,2000
2020-08-10 09:36:11.190,3.306,9600
2020-08-10 09:36:11.190,3.306,900
2020-08-10 09:36:11.190,3.306,6200
2020-08-10 09:36:11.190,3.306,2000
2020-08-10 09:36:11.190,3.306,1500
2020-08-10 09:36:11.190,3.306,5000
2020-08-10 09:36:11.190,3.306,151000
2020-08-10 09:36:11.280,3.304,6000
2020-08-10 09:36:12.190,3.305,1000
2020-08-10 09:36:12.190,3.304,44600
2020-08-10 09:36:12.190,3.304,14500
2020-08-10 09:36:12.650,3.306,6500
2020-08-10 09:36:12.650,3.306,100
2020-08-10 09:36:13.100,3.307,2000
2020-08-10 09:36:13.100,3.307,200
2020-08-10 09:36:13.760,3.306,4000
2020-08-10 09:36:14.750,3.306,2600
2020-08-10 09:36:14.980,3.306,100
2020-08-10 09:36:15.050,3.307,7800
2020-08-10 09:36:15.050,3.307,1000
2020-08-10 09:36:15.300,3.305,10000
2020-08-10 09:36:17.340,3.306,300000
2020-08-10 09:36:17.340,3.305,370900
2020-08-10 09:36:18.250,3.305,100
2020-08-10 09:36:20.020,3.305,100
2020-08-10 09:36:21.900,3.306,300
2020-08-10 09:36:23.720,3.305,200
2020-08-10 09:36:24.730,3.306,300
2020-08-10 09:36:24.730,3.306,8700
2020-08-10 09:36:24.730,3.306,31700
2020-08-10 09:36:24.940,3.305,6300
2020-08-10 09:36:26.180,3.306,6100
2020-08-10 09:36:28.030,3.305,28700
2020-08-10 09:36:28.670,3.306,37600
2020-08-10 09:36:28.810,3.305,320600
2020-08-10 09:36:31.030,3.306,11000
2020-08-10 09:36:32.740,3.305,163100
2020-08-10 09:36:32.740,3.305,3700
2020-08-10 09:36:32.740,3.305,8000
2020-08-10 09:36:32.740,3.305,100000
2020-08-10 09:36:33.070,3.304,100
2020-08-10 09:36:33.070,3.304,1000
2020-08-10 09:36:33.070,3.304,1300
2020-08-10 09:36:33.230,3.305,1000
2020-08-10 09:36:34.090,3.305,3000
2020-08-10 09:36:34.670,3.304,300200
2020-08-10 09:36:35.150,3.305,1600
2020-08-10 09:36:35.650,3.305,3000
2020-08-10 09:36:36.480,3.305,16615
2020-08-10 09:36:36.480,3.305,200
2020-08-10 09:36:36.480,3.305,23985
2020-08-10 09:36:37.610,3.305,100
2020-08-10 09:36:38.200,3.304,20800
2020-08-10 09:36:38.290,3.305,5000
2020-08-10 09:36:38.410,3.305,7000
2020-08-10 09:36:39.270,3.305,100
2020-08-10 09:36:39.780,3.304,51700
2020-08-10 09:36:40.250,3.305,3515
2020-08-10 09:36:40.250,3.305,11485
2020-08-10 09:36:41.430,3.304,300000
2020-08-10 09:36:41.520,3.305,20000
2020-08-10 09:36:43.800,3.305,800
2020-08-10 09:36:44.070,3.305,200
2020-08-10 09:36:44.250,3.305,232215
2020-08-10 09:36:44.250,3.305,4600
2020-08-10 09:36:44.250,3.305,187500
2020-08-10 09:36:44.250,3.305,46300
2020-08-10 09:36:44.250,3.305,4900
2020-08-10 09:36:44.250,3.305,6800
2020-08-10 09:36:46.010,3.305,300
2020-08-10 09:36:46.010,3.305,600
2020-08-10 09:36:46.320,3.306,7800
2020-08-10 09:36:46.880,3.306,9200
2020-08-10 09:36:47.290,3.306,7700
2020-08-10 09:36:47.320,3.306,100
2020-08-10 09:36:47.740,3.306,20000
2020-08-10 09:36:47.960,3.306,50000
2020-08-10 09:36:48.730,3.306,12600
2020-08-10 09:36:50.920,3.305,5300
2020-08-10 09:36:50.920,3.305,1000
2020-08-10 09:36:50.920,3.305,13700
2020-08-10 09:36:53.180,3.306,1000
2020-08-10 09:36:56.100,3.307,94000
2020-08-10 09:36:56.100,3.307,10000
2020-08-10 09:36:57.530,3.308,10000
2020-08-10 09:36:57.530,3.308,500
2020-08-10 09:36:57.530,3.308,19500
2020-08-10 09:37:00.020,3.307,200
2020-08-10 09:37:00.760,3.307,2900
2020-08-10 09:37:01.290,3.307,20000
2020-08-10 09:37:01.290,3.307,400
2020-08-10 09:37:02.010,3.307,15000
2020-08-10 09:37:02.220,3.307,10000
2020-08-10 09:37:02.960,3.308,20000
2020-08-10 09:37:04.880,3.307,400
2020-08-10 09:37:05.920,3.308,100
2020-08-10 09:37:06.560,3.307,147100
2020-08-10 09:37:06.560,3.307,100
2020-08-10 09:37:06.650,3.307,30100
2020-08-10 09:37:07.280,3.307,4800
2020-08-10 09:37:09.950,3.307,3100
2020-08-10 09:37:10.470,3.307,20000
2020-08-10 09:37:10.700,3.307,15200
2020-08-10 09:37:11.270,3.306,9000
2020-08-10 09:37:11.270,3.306,500
2020-08-10 09:37:12.700,3.306,80500
2020-08-10 09:37:18.270,3.307,7700
2020-08-10 09:37:21.710,3.305,700
2020-08-10 09:37:21.740,3.307,40900
2020-08-10 09:37:23.510,3.307,30000
2020-08-10 09:37:24.780,3.307,1000
2020-08-10 09:37:24.780,3.307,500
2020-08-10 09:37:24.780,3.307,2000
2020-08-10 09:37:24.780,3.307,16500
2020-08-10 09:37:25.050,3.306,1000
2020-08-10 09:37:25.840,3.306,10000
2020-08-10 09:37:26.180,3.305,3000
2020-08-10 09:37:27.340,3.305,1200
2020-08-10 09:37:28.900,3.306,10000
2020-08-10 09:37:30.140,3.306,100
2020-08-10 09:37:31.790,3.305,5000
2020-08-10 09:37:32.900,3.306,5800
2020-08-10 09:37:34.460,3.305,10100
2020-08-10 09:37:34.460,3.305,8600
2020-08-10 09:37:34.460,3.305,5600
2020-08-10 09:37:34.460,3.305,7500
2020-08-10 09:37:34.460,3.305,200
2020-08-10 09:37:34.460,3.305,1200
2020-08-10 09:37:34.460,3.305,4900
2020-08-10 09:37:34.460,3.305,600
2020-08-10 09:37:34.460,3.305,20000
2020-08-10 09:37:34.460,3.305,1000
2020-08-10 09:37:34.460,3.305,1000
2020-08-10 09:37:34.460,3.305,50000
2020-08-10 09:37:34.460,3.305,14000
2020-08-10 09:37:34.460,3.305,2000
2020-08-10 09:37:34.460,3.305,1100
2020-08-10 09:37:35.620,3.305,18100
2020-08-10 09:37:37.310,3.305,300
2020-08-10 09:37:37.650,3.305,600
2020-08-10 09:37:38.250,3.305,5000
2020-08-10 09:37:38.440,3.305,2000
2020-08-10 09:37:39.280,3.305,37600
2020-08-10 09:37:39.790,3.305,108600
2020-08-10 09:37:39.790,3.305,1700
2020-08-10 09:37:39.790,3.305,189700
2020-08-10 09:37:40.810,3.305,500
2020-08-10 09:37:41.030,3.305,5000
2020-08-10 09:37:43.180,3.305,10000
2020-08-10 09:37:44.610,3.304,2000
2020-08-10 09:37:47.150,3.304,10000
2020-08-10 09:37:49.160,3.305,10000
2020-08-10 09:37:50.470,3.304,3000
2020-08-10 09:37:50.750,3.304,600
2020-08-10 09:37:51.100,3.305,11200
2020-08-10 09:37:51.760,3.304,14400
2020-08-10 09:37:51.760,3.304,500
2020-08-10 09:37:51.760,3.304,1000
2020-08-10 09:37:51.760,3.304,18100
2020-08-10 09:37:51.760,3.304,100
2020-08-10 09:37:51.760,3.304,1000
2020-08-10 09:37:51.760,3.304,300
2020-08-10 09:37:52.730,3.303,6000
2020-08-10 09:37:53.340,3.304,11300
2020-08-10 09:37:55.280,3.304,12800
2020-08-10 09:37:55.310,3.304,1300
2020-08-10 09:37:57.020,3.304,3000
2020-08-10 09:37:59.610,3.304,3000
2020-08-10 09:38:00.450,3.304,1000
2020-08-10 09:38:00.990,3.304,98800
2020-08-10 09:38:00.990,3.304,2700
2020-08-10 09:38:00.990,3.304,2000
2020-08-10 09:38:00.990,3.304,100
2020-08-10 09:38:00.990,3.304,1000
2020-08-10 09:38:00.990,3.304,20000
2020-08-10 09:38:00.990,3.304,4900
2020-08-10 09:38:00.990,3.304,100
2020-08-10 09:38:00.990,3.304,10000
2020-08-10 09:38:01.850,3.305,1500
2020-08-10 09:38:02.020,3.305,200
2020-08-10 09:38:02.620,3.305,10000
2020-08-10 09:38:03.710,3.304,9000
2020-08-10 09:38:04.640,3.304,10000
2020-08-10 09:38:05.130,3.304,2000
2020-08-10 09:38:08.050,3.304,30000
2020-08-10 09:38:10.310,3.305,300000
2020-08-10 09:38:10.340,3.305,300000
2020-08-10 09:38:10.370,3.304,5000
2020-08-10 09:38:10.460,3.305,161900
2020-08-10 09:38:10.460,3.305,8500
2020-08-10 09:38:10.460,3.305,16500
2020-08-10 09:38:10.460,3.305,500
2020-08-10 09:38:10.980,3.305,10000
2020-08-10 09:38:11.130,3.305,3700
2020-08-10 09:38:11.440,3.305,100
2020-08-10 09:38:11.490,3.305,3000
2020-08-10 09:38:11.710,3.305,1500
2020-08-10 09:38:11.950,3.305,3300
2020-08-10 09:38:14.600,3.305,5000
2020-08-10 09:38:14.830,3.305,1400
2020-08-10 09:38:19.800,3.306,3000
2020-08-10 09:38:20.360,3.305,27100
2020-08-10 09:38:20.720,3.305,200
2020-08-10 09:38:22.630,3.306,31100
2020-08-10 09:38:22.630,3.306,9000
2020-08-10 09:38:24.420,3.306,1000
2020-08-10 09:38:24.820,3.306,1300
2020-08-10 09:38:25.240,3.306,100
2020-08-10 09:38:27.200,3.306,2100
2020-08-10 09:38:27.560,3.306,3100
2020-08-10 09:38:27.930,3.307,9200
2020-08-10 09:38:27.930,3.307,2000
2020-08-10 09:38:27.930,3.307,20000
2020-08-10 09:38:28.700,3.308,14600
2020-08-10 09:38:28.700,3.308,14000
2020-08-10 09:38:28.700,3.308,4400
2020-08-10 09:38:28.700,3.308,10000
2020-08-10 09:38:28.700,3.308,1500
2020-08-10 09:38:28.700,3.308,10000
2020-08-10 09:38:28.700,3.308,500
2020-08-10 09:38:28.700,3.308,3000
2020-08-10 09:38:28.700,3.308,50000
2020-08-10 09:38:28.700,3.308,1000
2020-08-10 09:38:28.700,3.308,36600
2020-08-10 09:38:28.700,3.308,400
2020-08-10 09:38:28.700,3.309,400
2020-08-10 09:38:28.700,3.309,200
2020-08-10 09:38:28.700,3.309,9400
2020-08-10 09:38:28.700,3.309,300
2020-08-10 09:38:28.700,3.309,300
2020-08-10 09:38:28.700,3.309,10000
2020-08-10 09:38:28.700,3.309,10000
2020-08-10 09:38:28.700,3.309,100
2020-08-10 09:38:28.700,3.309,5000
2020-08-10 09:38:28.700,3.309,28300
2020-08-10 09:38:29.270,3.307,1800
2020-08-10 09:38:30.490,3.307,200
2020-08-10 09:38:33.800,3.307,1000
2020-08-10 09:38:35.580,3.309,3000
2020-08-10 09:38:36.730,3.309,118700
2020-08-10 09:38:36.730,3.309,1000
2020-08-10 09:38:36.730,3.309,35300
2020-08-10 09:38:36.730,3.309,15000
2020-08-10 09:38:41.310,3.309,400
2020-08-10 09:38:41.960,3.309,300
2020-08-10 09:38:43.170,3.309,5300
2020-08-10 09:38:44.480,3.31,31500
2020-08-10 09:38:44.480,3.31,300
2020-08-10 09:38:44.480,3.31,18200
2020-08-10 09:38:44.620,3.31,11800
2020-08-10 09:38:44.620,3.31,1000
2020-08-10 09:38:44.620,3.31,5000
2020-08-10 09:38:44.620,3.31,8000
2020-08-10 09:38:44.620,3.31,1800
2020-08-10 09:38:44.620,3.31,100
2020-08-10 09:38:44.620,3.31,2200
2020-08-10 09:38:45.850,3.309,200
2020-08-10 09:38:47.250,3.31,1800
2020-08-10 09:38:47.250,3.31,6900
2020-08-10 09:38:47.250,3.31,10000
2020-08-10 09:38:47.250,3.31,20000
2020-08-10 09:38:47.250,3.31,800
2020-08-10 09:38:47.250,3.31,5000
2020-08-10 09:38:47.250,3.31,1000
2020-08-10 09:38:47.250,3.31,30000
2020-08-10 09:38:47.250,3.31,1000
2020-08-10 09:38:47.250,3.31,2500
2020-08-10 09:38:47.250,3.31,20000
2020-08-10 09:38:47.250,3.31,3700
2020-08-10 09:38:47.250,3.31,5100
2020-08-10 09:38:47.630,3.31,6400
2020-08-10 09:38:48.400,3.31,4900
2020-08-10 09:38:48.730,3.31,100
2020-08-10 09:38:48.760,3.311,1000
2020-08-10 09:38:48.760,3.311,200
2020-08-10 09:38:48.760,3.311,100
2020-08-10 09:38:48.760,3.311,100
2020-08-10 09:38:48.760,3.311,200
2020-08-10 09:38:48.760,3.311,100
2020-08-10 09:38:48.760,3.311,5000
2020-08-10 09:38:48.760,3.311,10000
2020-08-10 09:38:48.760,3.311,1000
2020-08-10 09:38:48.760,3.311,100
2020-08-10 09:38:48.760,3.311,10000
2020-08-10 09:38:48.760,3.311,10000
2020-08-10 09:38:48.760,3.311,7700
2020-08-10 09:38:48.760,3.311,400
2020-08-10 09:38:48.760,3.311,1700
2020-08-10 09:38:48.760,3.311,1000
2020-08-10 09:38:48.760,3.311,50000
2020-08-10 09:38:48.760,3.311,100
2020-08-10 09:38:48.760,3.311,120000
2020-08-10 09:38:48.760,3.311,100
2020-08-10 09:38:48.760,3.311,200
2020-08-10 09:38:48.820,3.311,500
2020-08-10 09:38:48.910,3.312,600
2020-08-10 09:38:48.910,3.312,3100
2020-08-10 09:38:48.910,3.312,1000
2020-08-10 09:38:48.910,3.312,200
2020-08-10 09:38:48.910,3.312,1000
2020-08-10 09:38:49.810,3.311,100
2020-08-10 09:38:50.880,3.311,20000
2020-08-10 09:38:53.160,3.311,20000
2020-08-10 09:38:54.260,3.312,5000
2020-08-10 09:38:54.380,3.311,2100
2020-08-10 09:38:55.600,3.312,53700
2020-08-10 09:38:55.860,3.311,10000
2020-08-10 09:38:55.920,3.311,11500
2020-08-10 09:38:56.270,3.311,16800
2020-08-10 09:38:56.270,3.31,8200
2020-08-10 09:38:56.900,3.31,55000
2020-08-10 09:38:58.370,3.311,1300
2020-08-10 09:38:58.890,3.312,3000
2020-08-10 09:38:58.950,3.312,2100
2020-08-10 09:38:59.120,3.312,18500
2020-08-10 09:39:00.060,3.311,8700
2020-08-10 09:39:00.140,3.31,1200
2020-08-10 09:39:00.380,3.31,20000
2020-08-10 09:39:02.570,3.311,200
2020-08-10 09:39:03.250,3.31,20000
2020-08-10 09:39:03.400,3.31,20000
2020-08-10 09:39:03.820,3.31,3000
2020-08-10 09:39:04.230,3.31,17600
2020-08-10 09:39:04.440,3.311,20000
2020-08-10 09:39:04.440,3.311,27100
2020-08-10 09:39:04.440,3.311,12900
2020-08-10 09:39:04.730,3.311,2000
2020-08-10 09:39:04.820,3.311,2000
2020-08-10 09:39:05.830,3.311,3100
2020-08-10 09:39:06.150,3.31,900
2020-08-10 09:39:10.740,3.31,10300
2020-08-10 09:39:13.350,3.31,3000
2020-08-10 09:39:13.760,3.31,6600
2020-08-10 09:39:13.760,3.31,1400
2020-08-10 09:39:13.760,3.31,100
2020-08-10 09:39:13.760,3.31,200
2020-08-10 09:39:13.760,3.31,5000
2020-08-10 09:39:13.760,3.31,2300
2020-08-10 09:39:13.760,3.31,1000
2020-08-10 09:39:13.760,3.31,1000
2020-08-10 09:39:17.210,3.31,400
2020-08-10 09:39:17.350,3.31,7000
2020-08-10 09:39:20.380,3.31,300
2020-08-10 09:39:20.410,3.31,100
2020-08-10 09:39:20.640,3.309,1400
2020-08-10 09:39:20.730,3.309,12400
2020-08-10 09:39:20.730,3.309,500
2020-08-10 09:39:20.730,3.309,100
2020-08-10 09:39:20.730,3.309,28100
2020-08-10 09:39:21.160,3.309,2200
2020-08-10 09:39:21.160,3.309,5000
2020-08-10 09:39:21.160,3.309,3000
2020-08-10 09:39:21.160,3.309,100
2020-08-10 09:39:22.260,3.31,100
2020-08-10 09:39:23.360,3.309,3000
2020-08-10 09:39:28.990,3.308,10000
2020-08-10 09:39:28.990,3.308,500
2020-08-10 09:39:29.630,3.308,500
2020-08-10 09:39:29.630,3.309,14500
2020-08-10 09:39:30.600,3.308,400
2020-08-10 09:39:32.900,3.308,1000
2020-08-10 09:39:35.700,3.308,20600
2020-08-10 09:39:36.120,3.307,2000
2020-08-10 09:39:36.120,3.307,15300
2020-08-10 09:39:38.070,3.308,10500
2020-08-10 09:39:39.920,3.307,10400
2020-08-10 09:39:39.920,3.307,300
2020-08-10 09:39:39.920,3.307,10000
2020-08-10 09:39:39.920,3.307,100
2020-08-10 09:39:39.920,3.307,300
2020-08-10 09:39:39.920,3.307,6700
2020-08-10 09:39:40.340,3.308,7500
2020-08-10 09:39:40.340,3.308,100000
2020-08-10 09:39:40.340,3.308,5000
2020-08-10 09:39:41.230,3.308,17700
2020-08-10 09:39:41.290,3.308,5000
2020-08-10 09:39:42.310,3.309,69000
2020-08-10 09:39:42.310,3.309,231000
2020-08-10 09:39:43.720,3.308,4900
2020-08-10 09:39:43.980,3.308,100
2020-08-10 09:39:44.880,3.308,2000
2020-08-10 09:39:46.350,3.309,99000
2020-08-10 09:39:46.350,3.309,100
2020-08-10 09:39:46.350,3.309,1000
2020-08-10 09:39:46.350,3.309,5000
2020-08-10 09:39:46.790,3.309,300
2020-08-10 09:39:48.280,3.309,5000
2020-08-10 09:39:50.070,3.309,20000
2020-08-10 09:39:50.310,3.309,2700
2020-08-10 09:39:55.770,3.309,130700
2020-08-10 09:39:56.130,3.309,36200
2020-08-10 09:39:56.130,3.309,3500
2020-08-10 09:39:56.130,3.309,4400
2020-08-10 09:39:56.310,3.309,5900
2020-08-10 09:39:56.310,3.31,14500
2020-08-10 09:39:56.310,3.31,7600
2020-08-10 09:39:56.380,3.31,2400
2020-08-10 09:39:56.380,3.31,2300
2020-08-10 09:39:56.380,3.31,5300
2020-08-10 09:39:57.020,3.309,4100
2020-08-10 09:39:57.020,3.309,31100
2020-08-10 09:39:57.020,3.31,14100
2020-08-10 09:39:57.060,3.31,7200
2020-08-10 09:39:58.710,3.309,800
2020-08-10 09:39:59.830,3.309,2200
2020-08-10 09:39:59.830,3.309,1000
2020-08-10 09:39:59.830,3.31,1800
2020-08-10 09:40:00.570,3.309,1600
2020-08-10 09:40:01.080,3.308,30000
2020-08-10 09:40:03.890,3.308,500
2020-08-10 09:40:04.650,3.309,900
2020-08-10 09:40:07.570,3.308,1000
2020-08-10 09:40:07.570,3.308,2000
2020-08-10 09:40:08.340,3.308,5000
2020-08-10 09:40:09.540,3.309,7600
2020-08-10 09:40:09.540,3.309,5000
2020-08-10 09:40:09.540,3.309,1500
2020-08-10 09:40:09.540,3.309,500
2020-08-10 09:40:09.540,3.309,500
2020-08-10 09:40:09.540,3.309,1100
2020-08-10 09:40:09.540,3.309,6200
2020-08-10 09:40:09.540,3.309,4500
2020-08-10 09:40:09.540,3.309,2000
2020-08-10 09:40:09.540,3.309,2500
2020-08-10 09:40:09.540,3.309,20000
2020-08-10 09:40:09.540,3.31,14600
2020-08-10 09:40:09.540,3.31,7200
2020-08-10 09:40:10.270,3.308,4000
2020-08-10 09:40:11.630,3.308,3000
2020-08-10 09:40:15.770,3.309,1000
2020-08-10 09:40:15.980,3.309,5000
2020-08-10 09:40:16.360,3.309,1000
2020-08-10 09:40:16.360,3.308,112300
2020-08-10 09:40:16.360,3.308,200
2020-08-10 09:40:16.360,3.308,700
2020-08-10 09:40:16.360,3.308,40500
2020-08-10 09:40:16.360,3.308,3100
2020-08-10 09:40:16.490,3.308,10000
2020-08-10 09:40:17.960,3.308,300
2020-08-10 09:40:21.660,3.308,100
2020-08-10 09:40:23.870,3.307,5900
2020-08-10 09:40:24.940,3.307,2500
2020-08-10 09:40:25.510,3.307,5000
2020-08-10 09:40:26.640,3.307,9600
2020-08-10 09:40:26.640,3.307,300
2020-08-10 09:40:27.060,3.308,3100
2020-08-10 09:40:28.100,3.308,4000
2020-08-10 09:40:29.190,3.307,100
2020-08-10 09:40:29.630,3.307,10300
2020-08-10 09:40:29.630,3.307,500
2020-08-10 09:40:31.470,3.306,10000
2020-08-10 09:40:31.470,3.306,1600
2020-08-10 09:40:32.030,3.307,4000
2020-08-10 09:40:33.640,3.306,1000
2020-08-10 09:40:34.430,3.307,100
2020-08-10 09:40:35.530,3.307,300
2020-08-10 09:40:36.060,3.307,84800
2020-08-10 09:40:36.060,3.307,7200
2020-08-10 09:40:37.570,3.307,10000
2020-08-10 09:40:38.820,3.307,34600
2020-08-10 09:40:39.140,3.307,5000
2020-08-10 09:40:39.530,3.307,10000
2020-08-10 09:40:42.090,3.307,15000
2020-08-10 09:40:42.280,3.308,500
2020-08-10 09:40:43.410,3.307,500
2020-08-10 09:40:44.240,3.307,5500
2020-08-10 09:40:46.700,3.307,3500
2020-08-10 09:40:46.910,3.308,10000
2020-08-10 09:40:47.270,3.307,1000
2020-08-10 09:40:47.530,3.307,5500
2020-08-10 09:40:48.420,3.307,50000
2020-08-10 09:40:48.830,3.308,5000
2020-08-10 09:40:49.630,3.307,5000
2020-08-10 09:40:50.370,3.307,8000
2020-08-10 09:40:51.580,3.307,51400
2020-08-10 09:40:51.580,3.307,5100
2020-08-10 09:40:51.580,3.307,1300
2020-08-10 09:40:51.580,3.307,14600
2020-08-10 09:40:51.580,3.307,60000
2020-08-10 09:40:51.580,3.307,3000
2020-08-10 09:40:52.250,3.307,31700
2020-08-10 09:40:54.240,3.307,50000
2020-08-10 09:40:55.000,3.307,400
2020-08-10 09:41:00.530,3.306,2400
2020-08-10 09:41:00.530,3.306,7600
2020-08-10 09:41:00.970,3.307,62500
2020-08-10 09:41:00.970,3.307,2000
2020-08-10 09:41:00.970,3.307,10000
2020-08-10 09:41:00.970,3.307,10100
2020-08-10 09:41:00.970,3.307,5000
2020-08-10 09:41:00.970,3.307,500
2020-08-10 09:41:02.860,3.307,3200
2020-08-10 09:41:04.770,3.307,14700
2020-08-10 09:41:04.930,3.308,109200
2020-08-10 09:41:04.930,3.308,12400
2020-08-10 09:41:04.930,3.308,1800
2020-08-10 09:41:04.930,3.308,100
2020-08-10 09:41:04.930,3.308,69300
2020-08-10 09:41:04.930,3.308,34700
2020-08-10 09:41:04.930,3.308,6000
2020-08-10 09:41:05.260,3.308,26500
2020-08-10 09:41:07.050,3.308,4000
2020-08-10 09:41:08.230,3.308,22200
2020-08-10 09:41:08.230,3.308,2100
2020-08-10 09:41:08.630,3.308,1100
2020-08-10 09:41:11.300,3.308,18900
2020-08-10 09:41:11.300,3.308,101100
2020-08-10 09:41:14.600,3.309,2000
2020-08-10 09:41:14.600,3.309,2000
2020-08-10 09:41:14.600,3.309,200
2020-08-10 09:41:14.600,3.309,1000
2020-08-10 09:41:14.600,3.309,25700
2020-08-10 09:41:14.600,3.309,10000
2020-08-10 09:41:14.600,3.309,15100
2020-08-10 09:41:14.600,3.309,9100
2020-08-10 09:41:14.600,3.309,1000
2020-08-10 09:41:14.600,3.309,10000
2020-08-10 09:41:15.520,3.309,2100
2020-08-10 09:41:19.760,3.309,2500
2020-08-10 09:41:20.390,3.309,700
2020-08-10 09:41:21.660,3.309,100
2020-08-10 09:41:21.660,3.309,400
2020-08-10 09:41:21.850,3.309,500
2020-08-10 09:41:22.370,3.31,22800
2020-08-10 09:41:22.370,3.31,2000
2020-08-10 09:41:22.370,3.31,400
2020-08-10 09:41:22.370,3.31,5000
2020-08-10 09:41:22.370,3.31,5000
2020-08-10 09:41:22.370,3.31,500
2020-08-10 09:41:22.370,3.31,3000
2020-08-10 09:41:22.370,3.31,2500
2020-08-10 09:41:22.370,3.31,1000
2020-08-10 09:41:22.370,3.31,157800
2020-08-10 09:41:22.480,3.309,100
2020-08-10 09:41:23.060,3.309,400
2020-08-10 09:41:23.420,3.31,42200
2020-08-10 09:41:23.420,3.31,1500
2020-08-10 09:41:23.420,3.31,5000
2020-08-10 09:41:23.420,3.31,200
2020-08-10 09:41:23.420,3.31,3000
2020-08-10 09:41:23.420,3.31,1800
2020-08-10 09:41:23.420,3.31,500
2020-08-10 09:41:23.420,3.31,1000
2020-08-10 09:41:23.420,3.31,500
2020-08-10 09:41:23.420,3.31,2500
2020-08-10 09:41:23.420,3.31,10000
2020-08-10 09:41:23.690,3.31,20000
2020-08-10 09:41:24.000,3.31,10000
2020-08-10 09:41:25.000,3.31,100
2020-08-10 09:41:25.000,3.31,10000
2020-08-10 09:41:26.180,3.31,500
2020-08-10 09:41:27.600,3.311,1000
2020-08-10 09:41:27.600,3.311,30000
2020-08-10 09:41:27.600,3.311,7700
2020-08-10 09:41:27.600,3.311,10000
2020-08-10 09:41:27.600,3.311,9100
2020-08-10 09:41:27.600,3.311,500
2020-08-10 09:41:27.600,3.311,1300
2020-08-10 09:41:27.600,3.311,1700
2020-08-10 09:41:27.600,3.311,5600
2020-08-10 09:41:27.600,3.311,10000
2020-08-10 09:41:27.600,3.311,10000
2020-08-10 09:41:27.600,3.311,100
2020-08-10 09:41:27.600,3.311,30000
2020-08-10 09:41:27.600,3.311,500
2020-08-10 09:41:27.600,3.311,4900
2020-08-10 09:41:27.890,3.311,8000
2020-08-10 09:41:28.110,3.312,222700
2020-08-10 09:41:28.110,3.312,200
2020-08-10 09:41:28.110,3.312,6000
2020-08-10 09:41:28.110,3.312,5000
2020-08-10 09:41:28.110,3.312,400
2020-08-10 09:41:28.110,3.312,1800
2020-08-10 09:41:28.110,3.312,1000
2020-08-10 09:41:28.110,3.312,1000
2020-08-10 09:41:28.110,3.312,40000
2020-08-10 09:41:28.110,3.312,21900
2020-08-10 09:41:28.110,3.312,18100
2020-08-10 09:41:28.110,3.312,9000
2020-08-10 09:41:28.110,3.312,30000
2020-08-10 09:41:28.110,3.312,4000
2020-08-10 09:41:28.110,3.312,500
2020-08-10 09:41:28.110,3.312,1000
2020-08-10 09:41:28.110,3.312,9100
2020-08-10 09:41:28.110,3.312,30000
2020-08-10 09:41:28.110,3.312,5000
2020-08-10 09:41:28.110,3.312,10000
2020-08-10 09:41:28.110,3.312,100
2020-08-10 09:41:28.110,3.312,10000
2020-08-10 09:41:28.110,3.312,173200
2020-08-10 09:41:28.670,3.311,20000
2020-08-10 09:41:29.240,3.311,6000
2020-08-10 09:41:29.330,3.311,700
2020-08-10 09:41:29.330,3.311,900
2020-08-10 09:41:30.530,3.312,9000
2020-08-10 09:41:30.800,3.313,200
2020-08-10 09:41:30.800,3.313,49800
2020-08-10 09:41:31.620,3.312,300
2020-08-10 09:41:32.480,3.312,500
2020-08-10 09:41:32.480,3.311,500
2020-08-10 09:41:34.580,3.311,50000
2020-08-10 09:41:34.830,3.312,7500
2020-08-10 09:41:34.830,3.311,47500
2020-08-10 09:41:35.920,3.311,100
2020-08-10 09:41:36.610,3.313,200
2020-08-10 09:41:36.610,3.313,200
2020-08-10 09:41:36.610,3.313,100
2020-08-10 09:41:36.610,3.313,19500
2020-08-10 09:41:37.460,3.311,5000
2020-08-10 09:41:37.670,3.312,300
2020-08-10 09:41:37.670,3.313,30700
2020-08-10 09:41:41.960,3.312,2000
2020-08-10 09:41:41.960,3.312,1000
2020-08-10 09:41:43.090,3.313,500
2020-08-10 09:41:43.830,3.313,50000
2020-08-10 09:41:43.940,3.313,100
2020-08-10 09:41:44.750,3.313,2000
2020-08-10 09:41:45.010,3.313,100
2020-08-10 09:41:45.880,3.313,15500
2020-08-10 09:41:46.150,3.311,200
2020-08-10 09:41:46.150,3.311,2000
2020-08-10 09:41:46.150,3.311,100
2020-08-10 09:41:47.950,3.312,3900
2020-08-10 09:41:47.950,3.311,2100
2020-08-10 09:41:49.580,3.313,16900
2020-08-10 09:41:51.010,3.311,100
2020-08-10 09:41:51.340,3.311,5000
2020-08-10 09:41:51.640,3.312,4000
2020-08-10 09:41:52.740,3.312,1000
2020-08-10 09:41:53.040,3.311,100
2020-08-10 09:41:53.460,3.311,1900
2020-08-10 09:41:55.850,3.311,2000
2020-08-10 09:41:57.320,3.311,400
2020-08-10 09:41:57.990,3.31,2300
2020-08-10 09:42:01.040,3.31,900
2020-08-10 09:42:02.100,3.311,100
2020-08-10 09:42:02.100,3.311,300
2020-08-10 09:42:02.100,3.311,400
2020-08-10 09:42:02.100,3.311,2600
2020-08-10 09:42:02.100,3.312,5600
2020-08-10 09:42:03.540,3.311,1400
2020-08-10 09:42:03.540,3.311,100
2020-08-10 09:42:03.540,3.312,1500
2020-08-10 09:42:04.180,3.312,700
2020-08-10 09:42:04.870,3.31,58100
2020-08-10 09:42:06.340,3.311,400
2020-08-10 09:42:07.000,3.31,8900
2020-08-10 09:42:07.530,3.311,60000
2020-08-10 09:42:08.560,3.31,1000
2020-08-10 09:42:09.110,3.311,6000
2020-08-10 09:42:09.610,3.31,71800
2020-08-10 09:42:09.610,3.31,30000
2020-08-10 09:42:09.610,3.31,3100
2020-08-10 09:42:09.610,3.31,45100
2020-08-10 09:42:10.350,3.31,4900
2020-08-10 09:42:10.350,3.31,5100
2020-08-10 09:42:11.370,3.31,4900
2020-08-10 09:42:11.370,3.31,500
2020-08-10 09:42:11.370,3.31,800
2020-08-10 09:42:12.600,3.31,10000
2020-08-10 09:42:12.980,3.311,3000
2020-08-10 09:42:14.220,3.31,2300
2020-08-10 09:42:15.350,3.31,500
2020-08-10 09:42:16.530,3.31,6400
2020-08-10 09:42:16.530,3.31,5000
2020-08-10 09:42:18.660,3.31,500
2020-08-10 09:42:23.290,3.309,3000
2020-08-10 09:42:23.570,3.309,100
2020-08-10 09:42:25.470,3.309,4500
2020-08-10 09:42:25.840,3.309,200
2020-08-10 09:42:26.850,3.309,1000
2020-08-10 09:42:27.110,3.31,5000
2020-08-10 09:42:29.470,3.31,24700
2020-08-10 09:42:29.470,3.31,20000
2020-08-10 09:42:29.470,3.31,300
2020-08-10 09:42:29.790,3.31,1000
2020-08-10 09:42:30.280,3.31,200
2020-08-10 09:42:30.550,3.31,600
2020-08-10 09:42:31.800,3.31,2000
2020-08-10 09:42:33.470,3.31,1000
2020-08-10 09:42:34.020,3.31,10600
2020-08-10 09:42:34.700,3.309,134300
2020-08-10 09:42:34.700,3.309,900
2020-08-10 09:42:34.700,3.309,200
2020-08-10 09:42:34.700,3.309,30000
2020-08-10 09:42:34.700,3.309,500
2020-08-10 09:42:34.700,3.309,30100
2020-08-10 09:42:37.080,3.308,2500
2020-08-10 09:42:40.500,3.309,500
2020-08-10 09:42:43.310,3.308,10000
2020-08-10 09:42:43.520,3.308,4500
2020-08-10 09:42:46.680,3.308,200
2020-08-10 09:42:47.250,3.308,100
2020-08-10 09:42:48.190,3.309,15000
2020-08-10 09:42:49.670,3.309,2000
2020-08-10 09:42:49.940,3.309,10000
2020-08-10 09:42:50.390,3.308,12700
2020-08-10 09:42:50.390,3.308,400
2020-08-10 09:42:50.390,3.308,5200
2020-08-10 09:42:50.390,3.308,4000
2020-08-10 09:42:50.790,3.308,26000
2020-08-10 09:42:50.790,3.308,3000
2020-08-10 09:42:50.790,3.308,7300
2020-08-10 09:42:50.790,3.308,2100
2020-08-10 09:42:51.260,3.307,9900
2020-08-10 09:42:52.380,3.307,1600
2020-08-10 09:42:52.380,3.307,50000
2020-08-10 09:42:52.380,3.307,5200
2020-08-10 09:42:59.070,3.306,1300
2020-08-10 09:42:59.560,3.307,10900
2020-08-10 09:42:59.940,3.307,22000
2020-08-10 09:43:00.150,3.307,500
2020-08-10 09:43:00.560,3.306,1100
2020-08-10 09:43:00.560,3.306,1000
2020-08-10 09:43:04.400,3.307,300
2020-08-10 09:43:07.900,3.308,4000
2020-08-10 09:43:09.120,3.308,1600
2020-08-10 09:43:10.010,3.308,5000
2020-08-10 09:43:10.610,3.308,800
2020-08-10 09:43:13.900,3.308,5000
2020-08-10 09:43:14.910,3.308,294200
2020-08-10 09:43:14.910,3.308,3000
2020-08-10 09:43:15.810,3.308,400
2020-08-10 09:43:17.990,3.308,1000
2020-08-10 09:43:19.000,3.308,200
2020-08-10 09:43:21.410,3.307,1700
2020-08-10 09:43:21.410,3.307,1000
2020-08-10 09:43:21.410,3.307,32200
2020-08-10 09:43:21.760,3.306,4000
2020-08-10 09:43:21.760,3.306,5900
2020-08-10 09:43:21.760,3.306,10400
2020-08-10 09:43:21.760,3.306,1000
2020-08-10 09:43:21.760,3.306,3800
2020-08-10 09:43:23.530,3.307,6000
2020-08-10 09:43:23.850,3.307,3400
2020-08-10 09:43:26.940,3.306,100
2020-08-10 09:43:28.400,3.306,6800
2020-08-10 09:43:31.130,3.306,600
2020-08-10 09:43:31.130,3.306,500
2020-08-10 09:43:31.130,3.306,2000
2020-08-10 09:43:31.130,3.306,200
2020-08-10 09:43:31.130,3.306,100
2020-08-10 09:43:32.110,3.306,200
2020-08-10 09:43:33.490,3.306,100
2020-08-10 09:43:35.160,3.305,500
2020-08-10 09:43:35.160,3.305,5000
2020-08-10 09:43:35.160,3.305,100
2020-08-10 09:43:35.160,3.305,6000
2020-08-10 09:43:36.960,3.305,14000
2020-08-10 09:43:36.960,3.305,6000
2020-08-10 09:43:42.200,3.306,5300
2020-08-10 09:43:42.200,3.306,800
2020-08-10 09:43:42.200,3.306,200
2020-08-10 09:43:42.200,3.306,3700
2020-08-10 09:43:42.290,3.305,1300
2020-08-10 09:43:49.900,3.305,5000
2020-08-10 09:43:50.980,3.306,4700
2020-08-10 09:43:50.980,3.306,300
2020-08-10 09:43:51.310,3.306,200
2020-08-10 09:43:51.310,3.306,1000
2020-08-10 09:43:51.310,3.306,8000
2020-08-10 09:43:51.990,3.305,5000
2020-08-10 09:43:53.710,3.305,2000
2020-08-10 09:43:53.860,3.306,2100
2020-08-10 09:43:53.860,3.306,100
2020-08-10 09:43:53.860,3.306,3300
2020-08-10 09:43:54.470,3.306,1000
2020-08-10 09:43:54.470,3.306,5000
2020-08-10 09:44:01.210,3.305,15000
2020-08-10 09:44:02.460,3.306,10000
2020-08-10 09:44:05.030,3.306,2000
2020-08-10 09:44:05.230,3.306,100
2020-08-10 09:44:06.340,3.306,18600
2020-08-10 09:44:06.340,3.306,10600
2020-08-10 09:44:06.340,3.306,50500
2020-08-10 09:44:06.340,3.306,5000
2020-08-10 09:44:06.340,3.306,30000
2020-08-10 09:44:06.340,3.306,700
2020-08-10 09:44:06.340,3.306,84600
2020-08-10 09:44:07.840,3.305,200
2020-08-10 09:44:07.840,3.305,3600
2020-08-10 09:44:08.090,3.305,5000
2020-08-10 09:44:09.300,3.305,100
2020-08-10 09:44:09.380,3.306,200
2020-08-10 09:44:10.870,3.305,1300
2020-08-10 09:44:10.870,3.305,1000
2020-08-10 09:44:10.870,3.305,300
2020-08-10 09:44:10.870,3.305,20000
2020-08-10 09:44:10.870,3.305,2000
2020-08-10 09:44:10.870,3.305,100
2020-08-10 09:44:10.870,3.305,30000
2020-08-10 09:44:10.870,3.305,9900
2020-08-10 09:44:10.960,3.305,100
2020-08-10 09:44:10.960,3.305,1000
2020-08-10 09:44:10.960,3.305,2500
2020-08-10 09:44:10.960,3.305,20000
2020-08-10 09:44:10.960,3.305,100
2020-08-10 09:44:10.960,3.305,10000
2020-08-10 09:44:10.960,3.305,182800
2020-08-10 09:44:11.630,3.305,2000
2020-08-10 09:44:13.000,3.305,2300
2020-08-10 09:44:14.000,3.305,3200
2020-08-10 09:44:15.080,3.305,100
2020-08-10 09:44:15.960,3.305,21200
2020-08-10 09:44:16.190,3.305,100
2020-08-10 09:44:18.420,3.304,1100
2020-08-10 09:44:18.420,3.304,10000
2020-08-10 09:44:18.420,3.304,2000
2020-08-10 09:44:18.420,3.304,20000
2020-08-10 09:44:18.420,3.304,4000
2020-08-10 09:44:18.420,3.304,2400
2020-08-10 09:44:18.420,3.304,3000
2020-08-10 09:44:18.420,3.304,20000
2020-08-10 09:44:18.420,3.304,20000
2020-08-10 09:44:18.420,3.304,20000
2020-08-10 09:44:18.420,3.304,4000
2020-08-10 09:44:18.420,3.304,5000
2020-08-10 09:44:19.520,3.304,5000
2020-08-10 09:44:20.910,3.304,20000
2020-08-10 09:44:21.830,3.303,50000
2020-08-10 09:44:22.730,3.303,5000
2020-08-10 09:44:23.270,3.304,100000
2020-08-10 09:44:23.590,3.303,5000
2020-08-10 09:44:23.730,3.304,20000
2020-08-10 09:44:23.990,3.303,100
2020-08-10 09:44:24.660,3.304,10000
2020-08-10 09:44:26.830,3.303,26500
2020-08-10 09:44:27.880,3.303,171600
2020-08-10 09:44:27.880,3.303,10000
2020-08-10 09:44:27.880,3.303,500
2020-08-10 09:44:27.880,3.303,600
2020-08-10 09:44:28.600,3.303,1500
2020-08-10 09:44:28.760,3.303,1000
2020-08-10 09:44:29.280,3.304,100
2020-08-10 09:44:29.460,3.303,3000
2020-08-10 09:44:29.720,3.303,3900
2020-08-10 09:44:29.720,3.303,8000
2020-08-10 09:44:29.720,3.303,21800
2020-08-10 09:44:29.720,3.303,30000
2020-08-10 09:44:29.720,3.303,3000
2020-08-10 09:44:29.720,3.303,20000
2020-08-10 09:44:29.720,3.303,500
2020-08-10 09:44:30.110,3.303,7000
2020-08-10 09:44:30.690,3.303,100
2020-08-10 09:44:31.990,3.302,2200
2020-08-10 09:44:31.990,3.302,5000
2020-08-10 09:44:31.990,3.302,30000
2020-08-10 09:44:31.990,3.302,100
2020-08-10 09:44:31.990,3.302,12700
2020-08-10 09:44:33.650,3.303,2000
2020-08-10 09:44:34.980,3.302,8800
2020-08-10 09:44:34.980,3.302,1600
2020-08-10 09:44:34.980,3.302,5000
2020-08-10 09:44:34.980,3.302,1000
2020-08-10 09:44:34.980,3.302,500
2020-08-10 09:44:34.980,3.302,3100
2020-08-10 09:44:37.370,3.303,90000
2020-08-10 09:44:38.260,3.302,3000
2020-08-10 09:44:38.260,3.302,200
2020-08-10 09:44:38.260,3.302,1000
2020-08-10 09:44:38.260,3.302,5000
2020-08-10 09:44:38.260,3.302,500
2020-08-10 09:44:38.260,3.302,300
2020-08-10 09:44:39.670,3.302,6900
2020-08-10 09:44:39.940,3.303,2000
2020-08-10 09:44:40.840,3.303,100
2020-08-10 09:44:41.710,3.302,13200
2020-08-10 09:44:42.770,3.303,1000
2020-08-10 09:44:43.360,3.303,20000
2020-08-10 09:44:43.940,3.302,4600
2020-08-10 09:44:43.970,3.303,90600
2020-08-10 09:44:43.970,3.303,6000
2020-08-10 09:44:43.970,3.303,50000
2020-08-10 09:44:43.970,3.303,5000
2020-08-10 09:44:43.970,3.303,800
2020-08-10 09:44:43.970,3.303,300
2020-08-10 09:44:43.970,3.303,10000
2020-08-10 09:44:43.970,3.303,106900
2020-08-10 09:44:43.970,3.303,100
2020-08-10 09:44:43.970,3.303,12500
2020-08-10 09:44:43.970,3.303,1000
2020-08-10 09:44:44.990,3.303,13800
2020-08-10 09:44:44.990,3.303,3300
2020-08-10 09:44:46.710,3.303,2000
2020-08-10 09:44:46.940,3.303,5000
2020-08-10 09:44:47.090,3.303,1100
2020-08-10 09:44:47.730,3.303,100
2020-08-10 09:44:48.060,3.303,5000
2020-08-10 09:44:48.490,3.303,2600
2020-08-10 09:44:48.760,3.303,10400
2020-08-10 09:44:50.340,3.304,200
2020-08-10 09:44:54.310,3.302,5000
2020-08-10 09:44:54.310,3.302,1000
2020-08-10 09:44:56.090,3.302,5000
2020-08-10 09:45:00.880,3.302,500
2020-08-10 09:45:01.340,3.303,10000
2020-08-10 09:45:02.610,3.303,200
2020-08-10 09:45:03.200,3.303,2000
2020-08-10 09:45:03.480,3.302,1500
2020-08-10 09:45:05.960,3.302,2000
2020-08-10 09:45:06.110,3.302,700
2020-08-10 09:45:06.350,3.302,9300
2020-08-10 09:45:06.350,3.302,6500
2020-08-10 09:45:06.350,3.302,500
2020-08-10 09:45:06.350,3.302,20000
2020-08-10 09:45:06.350,3.302,500
2020-08-10 09:45:06.350,3.302,18100
2020-08-10 09:45:06.350,3.302,1800
2020-08-10 09:45:06.350,3.302,200
2020-08-10 09:45:06.350,3.302,200
2020-08-10 09:45:06.760,3.301,10000
2020-08-10 09:45:06.760,3.301,10000
2020-08-10 09:45:06.760,3.301,30000
2020-08-10 09:45:06.760,3.301,100
2020-08-10 09:45:06.760,3.301,1000
2020-08-10 09:45:06.760,3.301,60000
2020-08-10 09:45:06.760,3.301,10000
2020-08-10 09:45:06.760,3.301,200
2020-08-10 09:45:06.760,3.301,5000
2020-08-10 09:45:06.760,3.301,38800
2020-08-10 09:45:06.760,3.301,1000
2020-08-10 09:45:06.760,3.301,1000
2020-08-10 09:45:06.760,3.301,10000
2020-08-10 09:45:06.760,3.301,400
2020-08-10 09:45:06.760,3.301,30000
2020-08-10 09:45:06.760,3.301,500
2020-08-10 09:45:09.240,3.3,200
2020-08-10 09:45:09.240,3.3,5300
2020-08-10 09:45:09.310,3.3,700
2020-08-10 09:45:09.310,3.3,30000
2020-08-10 09:45:09.310,3.3,300
2020-08-10 09:45:09.310,3.3,500
2020-08-10 09:45:09.310,3.3,300
2020-08-10 09:45:09.310,3.3,5000
2020-08-10 09:45:09.310,3.3,1000
2020-08-10 09:45:09.310,3.3,5000
2020-08-10 09:45:09.310,3.3,300
2020-08-10 09:45:09.310,3.3,1000
2020-08-10 09:45:09.310,3.3,6100
2020-08-10 09:45:09.310,3.3,1000
2020-08-10 09:45:09.310,3.3,1000
2020-08-10 09:45:09.310,3.3,15000
2020-08-10 09:45:09.310,3.3,1000
2020-08-10 09:45:09.310,3.3,500
2020-08-10 09:45:09.310,3.3,10000
2020-08-10 09:45:09.310,3.3,300
2020-08-10 09:45:09.310,3.3,10000
2020-08-10 09:45:09.310,3.3,2000
2020-08-10 09:45:09.310,3.3,5000
2020-08-10 09:45:09.310,3.3,2000
2020-08-10 09:45:09.310,3.3,700
2020-08-10 09:45:09.310,3.3,100
2020-08-10 09:45:09.310,3.3,10000
2020-08-10 09:45:09.310,3.3,1000
2020-08-10 09:45:09.310,3.3,300
2020-08-10 09:45:09.310,3.3,3000
2020-08-10 09:45:09.310,3.3,200
2020-08-10 09:45:09.310,3.3,1000
2020-08-10 09:45:09.310,3.3,3900
2020-08-10 09:45:09.310,3.3,1000
2020-08-10 09:45:09.310,3.3,10000
2020-08-10 09:45:09.310,3.3,3000
2020-08-10 09:45:09.310,3.3,300
2020-08-10 09:45:09.310,3.3,100
2020-08-10 09:45:09.310,3.3,200
2020-08-10 09:45:09.310,3.3,3200
2020-08-10 09:45:09.310,3.3,200
2020-08-10 09:45:09.310,3.3,5000
2020-08-10 09:45:09.310,3.3,10000
2020-08-10 09:45:09.310,3.3,10000
2020-08-10 09:45:09.310,3.3,500
2020-08-10 09:45:09.310,3.3,15100
2020-08-10 09:45:09.310,3.3,10000
2020-08-10 09:45:09.310,3.3,400
2020-08-10 09:45:09.310,3.3,1000
2020-08-10 09:45:09.310,3.3,50000
2020-08-10 09:45:09.310,3.3,15000
2020-08-10 09:45:09.310,3.3,20000
2020-08-10 09:45:09.310,3.3,2000
2020-08-10 09:45:09.310,3.3,1000
2020-08-10 09:45:09.310,3.3,5000
2020-08-10 09:45:09.310,3.3,2000
2020-08-10 09:45:09.310,3.3,1000
2020-08-10 09:45:09.310,3.3,500
2020-08-10 09:45:09.310,3.3,8000
2020-08-10 09:45:09.310,3.3,1500
2020-08-10 09:45:09.310,3.3,5000
2020-08-10 09:45:09.310,3.3,200
2020-08-10 09:45:09.310,3.3,5000
2020-08-10 09:45:09.310,3.3,5000
2020-08-10 09:45:09.620,3.299,5000
2020-08-10 09:45:09.620,3.299,4500
2020-08-10 09:45:09.620,3.299,1000
2020-08-10 09:45:09.620,3.299,2700
2020-08-10 09:45:09.620,3.299,4000
2020-08-10 09:45:09.620,3.299,200
2020-08-10 09:45:09.620,3.299,1000
2020-08-10 09:45:09.620,3.299,5000
2020-08-10 09:45:09.620,3.299,400
2020-08-10 09:45:09.620,3.299,3100
2020-08-10 09:45:09.620,3.299,1000
2020-08-10 09:45:09.620,3.299,97500
2020-08-10 09:45:09.620,3.299,3000
2020-08-10 09:45:09.620,3.299,93000
2020-08-10 09:45:09.950,3.298,2000
2020-08-10 09:45:09.950,3.298,3300
2020-08-10 09:45:10.660,3.3,100000
2020-08-10 09:45:10.790,3.298,1700
2020-08-10 09:45:10.790,3.298,300
2020-08-10 09:45:10.790,3.298,2800
2020-08-10 09:45:11.740,3.299,10100
2020-08-10 09:45:11.740,3.298,3300
2020-08-10 09:45:11.740,3.298,400
2020-08-10 09:45:11.740,3.298,5000
2020-08-10 09:45:11.740,3.298,100
2020-08-10 09:45:11.740,3.298,600
2020-08-10 09:45:11.740,3.298,500
2020-08-10 09:45:11.920,3.3,300
2020-08-10 09:45:13.730,3.3,100
2020-08-10 09:45:13.820,3.3,4700
2020-08-10 09:45:15.450,3.299,1000
2020-08-10 09:45:16.000,3.298,500
2020-08-10 09:45:16.000,3.298,2000
2020-08-10 09:45:16.000,3.298,20000
2020-08-10 09:45:16.000,3.298,200
2020-08-10 09:45:16.500,3.298,30000
2020-08-10 09:45:17.970,3.298,200
2020-08-10 09:45:18.430,3.298,4000
2020-08-10 09:45:19.640,3.298,500
2020-08-10 09:45:22.800,3.297,3000
2020-08-10 09:45:22.800,3.297,500
2020-08-10 09:45:22.800,3.297,100
2020-08-10 09:45:22.800,3.297,1000
2020-08-10 09:45:22.800,3.297,400
2020-08-10 09:45:23.940,3.297,4600
2020-08-10 09:45:23.940,3.297,1300
2020-08-10 09:45:23.940,3.297,9200
2020-08-10 09:45:24.950,3.298,5000
2020-08-10 09:45:26.660,3.297,800
2020-08-10 09:45:26.660,3.297,1400
2020-08-10 09:45:26.660,3.297,3000
2020-08-10 09:45:26.660,3.297,200
2020-08-10 09:45:26.660,3.297,1000
2020-08-10 09:45:26.660,3.297,4700
2020-08-10 09:45:26.990,3.297,5300
2020-08-10 09:45:26.990,3.297,2700
2020-08-10 09:45:27.170,3.298,300
2020-08-10 09:45:28.730,3.297,6600
2020-08-10 09:45:29.090,3.297,10700
2020-08-10 09:45:29.790,3.297,500
2020-08-10 09:45:29.970,3.297,100
2020-08-10 09:45:30.420,3.297,3000
2020-08-10 09:45:30.740,3.297,2000
2020-08-10 09:45:34.010,3.297,100
2020-08-10 09:45:35.140,3.297,200
2020-08-10 09:45:35.580,3.297,300
2020-08-10 09:45:36.340,3.296,500
2020-08-10 09:45:36.340,3.296,5000
2020-08-10 09:45:36.340,3.296,900
2020-08-10 09:45:36.340,3.296,6100
2020-08-10 09:45:36.340,3.296,10000
2020-08-10 09:45:36.340,3.296,5000
2020-08-10 09:45:36.340,3.296,500
2020-08-10 09:45:36.340,3.296,1500
2020-08-10 09:45:36.340,3.296,200
2020-08-10 09:45:36.340,3.296,2000
2020-08-10 09:45:36.340,3.296,1000
2020-08-10 09:45:36.340,3.296,300
2020-08-10 09:45:36.340,3.296,100
2020-08-10 09:45:36.340,3.296,100
2020-08-10 09:45:36.340,3.296,10000
2020-08-10 09:45:36.340,3.296,200
2020-08-10 09:45:36.340,3.295,4500
2020-08-10 09:45:36.340,3.295,3000
2020-08-10 09:45:36.340,3.295,20000
2020-08-10 09:45:36.340,3.295,500
2020-08-10 09:45:36.340,3.295,1000
2020-08-10 09:45:36.340,3.295,122600
2020-08-10 09:45:37.250,3.297,100
2020-08-10 09:45:37.840,3.297,400
2020-08-10 09:45:38.420,3.295,75200
2020-08-10 09:45:39.320,3.296,3700
2020-08-10 09:45:39.800,3.295,50000
2020-08-10 09:45:39.880,3.296,1000
2020-08-10 09:45:40.310,3.296,100
2020-08-10 09:45:40.920,3.295,10000
2020-08-10 09:45:41.880,3.295,78000
2020-08-10 09:45:43.230,3.295,500
2020-08-10 09:45:43.290,3.295,40000
2020-08-10 09:45:43.860,3.295,10000
2020-08-10 09:45:45.200,3.295,1500
2020-08-10 09:45:45.660,3.295,200
2020-08-10 09:45:45.700,3.296,2900
2020-08-10 09:45:46.050,3.296,400
2020-08-10 09:45:46.590,3.295,400
2020-08-10 09:45:46.830,3.296,3000
2020-08-10 09:45:46.920,3.295,111600
2020-08-10 09:45:46.920,3.295,5000
2020-08-10 09:45:46.920,3.295,5000
2020-08-10 09:45:46.920,3.295,100
2020-08-10 09:45:46.920,3.295,2500
2020-08-10 09:45:46.920,3.295,600
2020-08-10 09:45:46.920,3.295,10000
2020-08-10 09:45:46.920,3.295,3000
2020-08-10 09:45:46.920,3.295,2000
2020-08-10 09:45:46.920,3.295,100
2020-08-10 09:45:46.920,3.295,200
2020-08-10 09:45:46.920,3.295,100
2020-08-10 09:45:46.920,3.295,100
2020-08-10 09:45:46.920,3.295,5000
2020-08-10 09:45:46.920,3.295,300
2020-08-10 09:45:46.920,3.295,1000
2020-08-10 09:45:46.920,3.295,700
2020-08-10 09:45:46.920,3.295,3000
2020-08-10 09:45:46.920,3.295,1000
2020-08-10 09:45:46.920,3.295,300
2020-08-10 09:45:46.920,3.295,200
2020-08-10 09:45:46.920,3.295,20000
2020-08-10 09:45:47.010,3.295,5000
2020-08-10 09:45:48.680,3.295,500
2020-08-10 09:45:48.870,3.295,5000
2020-08-10 09:45:49.260,3.295,2000
2020-08-10 09:45:50.280,3.294,3500
2020-08-10 09:45:50.280,3.294,3000
2020-08-10 09:45:50.280,3.294,3100
2020-08-10 09:45:50.280,3.294,10000
2020-08-10 09:45:50.280,3.294,29000
2020-08-10 09:45:50.280,3.294,1000
2020-08-10 09:45:50.280,3.294,300
2020-08-10 09:45:50.280,3.294,1000
2020-08-10 09:45:50.280,3.294,3000
2020-08-10 09:45:50.280,3.294,10000
2020-08-10 09:45:50.280,3.294,500
2020-08-10 09:45:50.280,3.294,3000
2020-08-10 09:45:50.280,3.294,10000
2020-08-10 09:45:50.280,3.294,300
2020-08-10 09:45:50.280,3.294,1000
2020-08-10 09:45:50.280,3.294,2000
2020-08-10 09:45:50.280,3.294,6100
2020-08-10 09:45:50.280,3.294,100
2020-08-10 09:45:50.280,3.294,2500
2020-08-10 09:45:50.280,3.294,1000
2020-08-10 09:45:50.280,3.294,1000
2020-08-10 09:45:50.280,3.294,1000
2020-08-10 09:45:50.280,3.294,5000
2020-08-10 09:45:50.280,3.294,500
2020-08-10 09:45:50.280,3.294,200
2020-08-10 09:45:50.280,3.294,3000
2020-08-10 09:45:50.280,3.294,10000
2020-08-10 09:45:52.070,3.293,1000
2020-08-10 09:45:52.070,3.293,200
2020-08-10 09:45:52.070,3.293,1000
2020-08-10 09:45:52.070,3.293,3800
2020-08-10 09:45:52.070,3.293,9000
2020-08-10 09:45:52.770,3.294,8600
2020-08-10 09:45:54.420,3.295,5000
2020-08-10 09:45:54.940,3.295,1000
2020-08-10 09:45:54.970,3.294,1400
2020-08-10 09:45:54.970,3.294,20000
2020-08-10 09:45:54.970,3.294,10000
2020-08-10 09:45:57.140,3.293,7800
2020-08-10 09:45:57.620,3.293,10000
2020-08-10 09:45:57.650,3.293,3500
2020-08-10 09:45:58.560,3.293,10000
2020-08-10 09:45:58.790,3.294,12400
2020-08-10 09:45:59.720,3.293,100000
2020-08-10 09:45:59.970,3.294,3000
2020-08-10 09:46:00.240,3.293,7000
2020-08-10 09:46:01.610,3.293,6700
2020-08-10 09:46:03.280,3.293,375000
2020-08-10 09:46:04.170,3.294,20000
2020-08-10 09:46:04.910,3.293,5000
2020-08-10 09:46:05.290,3.293,24000
2020-08-10 09:46:05.440,3.294,3000
2020-08-10 09:46:06.020,3.293,6500
2020-08-10 09:46:06.880,3.293,1000
2020-08-10 09:46:07.650,3.293,5000
2020-08-10 09:46:07.920,3.294,45900
2020-08-10 09:46:07.920,3.294,29800
2020-08-10 09:46:07.980,3.294,3000
2020-08-10 09:46:08.090,3.294,1500
2020-08-10 09:46:08.720,3.295,10000
2020-08-10 09:46:11.000,3.295,27000
2020-08-10 09:46:12.580,3.295,4400
2020-08-10 09:46:12.610,3.295,3000
2020-08-10 09:46:12.650,3.294,2000
2020-08-10 09:46:13.100,3.294,1400
2020-08-10 09:46:13.650,3.294,183400
2020-08-10 09:46:13.650,3.294,4300
2020-08-10 09:46:14.250,3.294,1000
2020-08-10 09:46:14.590,3.294,1000
2020-08-10 09:46:15.430,3.294,1200
2020-08-10 09:46:15.970,3.294,92500
2020-08-10 09:46:15.970,3.294,50000
2020-08-10 09:46:15.970,3.294,33000
2020-08-10 09:46:17.020,3.294,500
2020-08-10 09:46:17.170,3.294,3000
2020-08-10 09:46:17.910,3.293,300000
2020-08-10 09:46:18.070,3.293,75300
2020-08-10 09:46:18.300,3.293,54200
2020-08-10 09:46:18.300,3.293,3000
2020-08-10 09:46:18.300,3.293,10000
2020-08-10 09:46:18.300,3.293,33500
2020-08-10 09:46:18.300,3.293,1000
2020-08-10 09:46:18.300,3.293,10000
2020-08-10 09:46:18.300,3.293,200
2020-08-10 09:46:18.300,3.293,50000
2020-08-10 09:46:18.300,3.293,5000
2020-08-10 09:46:18.300,3.293,5000
2020-08-10 09:46:18.300,3.293,1200
2020-08-10 09:46:18.300,3.293,100
2020-08-10 09:46:18.300,3.293,1000
2020-08-10 09:46:18.300,3.293,200
2020-08-10 09:46:18.300,3.293,1000
2020-08-10 09:46:18.300,3.293,2000
2020-08-10 09:46:18.960,3.292,3000
2020-08-10 09:46:18.960,3.292,100
2020-08-10 09:46:18.960,3.292,200
2020-08-10 09:46:18.960,3.292,6100
2020-08-10 09:46:18.960,3.292,1000
2020-08-10 09:46:18.960,3.292,3000
2020-08-10 09:46:18.960,3.292,2500
2020-08-10 09:46:18.960,3.292,100
2020-08-10 09:46:18.960,3.292,4000
2020-08-10 09:46:19.080,3.293,2500
2020-08-10 09:46:23.420,3.292,3000
2020-08-10 09:46:23.420,3.292,3000
2020-08-10 09:46:23.420,3.292,700
2020-08-10 09:46:23.420,3.292,100
2020-08-10 09:46:23.420,3.292,200
2020-08-10 09:46:23.420,3.292,5000
2020-08-10 09:46:23.420,3.292,3500
2020-08-10 09:46:23.420,3.292,10000
2020-08-10 09:46:23.530,3.292,300
2020-08-10 09:46:24.470,3.291,10000
2020-08-10 09:46:24.470,3.291,30000
2020-08-10 09:46:24.470,3.291,500
2020-08-10 09:46:24.470,3.291,200
2020-08-10 09:46:24.470,3.291,1000
2020-08-10 09:46:24.470,3.291,1600
2020-08-10 09:46:24.470,3.291,200
2020-08-10 09:46:24.470,3.291,11000
2020-08-10 09:46:24.470,3.291,1000
2020-08-10 09:46:24.470,3.291,5000
2020-08-10 09:46:24.470,3.291,6800
2020-08-10 09:46:24.470,3.291,5000
2020-08-10 09:46:24.470,3.291,3000
2020-08-10 09:46:24.470,3.291,5000
2020-08-10 09:46:24.470,3.291,5000
2020-08-10 09:46:24.470,3.291,5000
2020-08-10 09:46:24.470,3.291,300
2020-08-10 09:46:24.470,3.291,100
2020-08-10 09:46:24.470,3.291,100
2020-08-10 09:46:24.470,3.291,398700
2020-08-10 09:46:24.720,3.292,7700
2020-08-10 09:46:24.900,3.291,20000
2020-08-10 09:46:25.380,3.291,20000
2020-08-10 09:46:25.540,3.292,400
2020-08-10 09:46:25.720,3.291,61300
2020-08-10 09:46:25.720,3.291,300
2020-08-10 09:46:25.720,3.291,200
2020-08-10 09:46:25.720,3.291,5000
2020-08-10 09:46:25.720,3.291,93000
2020-08-10 09:46:25.980,3.29,2000
2020-08-10 09:46:25.980,3.29,18000
2020-08-10 09:46:27.190,3.29,10000
2020-08-10 09:46:27.770,3.291,2000
2020-08-10 09:46:28.440,3.291,100
2020-08-10 09:46:28.500,3.291,3800
2020-08-10 09:46:28.880,3.29,1200
2020-08-10 09:46:29.350,3.291,1000
2020-08-10 09:46:29.930,3.29,1100
2020-08-10 09:46:29.960,3.291,500
2020-08-10 09:46:29.990,3.291,5000
2020-08-10 09:46:30.190,3.291,100
2020-08-10 09:46:30.810,3.291,5000
2020-08-10 09:46:31.160,3.291,122700
2020-08-10 09:46:31.160,3.291,77300
2020-08-10 09:46:31.620,3.291,5000
2020-08-10 09:46:31.620,3.29,14200
2020-08-10 09:46:32.130,3.291,1500
2020-08-10 09:46:32.160,3.291,1800
2020-08-10 09:46:32.310,3.291,35400
2020-08-10 09:46:32.310,3.291,14600
2020-08-10 09:46:32.360,3.29,1000
2020-08-10 09:46:32.620,3.29,26300
2020-08-10 09:46:33.010,3.29,18800
2020-08-10 09:46:33.010,3.29,700
2020-08-10 09:46:33.010,3.29,600
2020-08-10 09:46:33.010,3.29,100
2020-08-10 09:46:33.010,3.29,5000
2020-08-10 09:46:33.010,3.29,3500
2020-08-10 09:46:33.010,3.29,1000
2020-08-10 09:46:33.010,3.29,200
2020-08-10 09:46:33.010,3.29,6100
2020-08-10 09:46:33.010,3.29,1000
2020-08-10 09:46:33.010,3.29,200
2020-08-10 09:46:33.010,3.29,10000
2020-08-10 09:46:33.010,3.29,500
2020-08-10 09:46:33.010,3.29,5000
2020-08-10 09:46:33.010,3.29,500
2020-08-10 09:46:33.010,3.29,1000
2020-08-10 09:46:33.010,3.29,100
2020-08-10 09:46:33.010,3.29,1000
2020-08-10 09:46:33.010,3.29,200
2020-08-10 09:46:33.010,3.29,700
2020-08-10 09:46:33.010,3.29,3000
2020-08-10 09:46:33.010,3.29,3000
2020-08-10 09:46:33.010,3.29,5000
2020-08-10 09:46:33.010,3.29,100
2020-08-10 09:46:33.010,3.29,1000
2020-08-10 09:46:33.010,3.29,100
2020-08-10 09:46:33.010,3.29,200
2020-08-10 09:46:33.010,3.29,2500
2020-08-10 09:46:33.010,3.29,20000
2020-08-10 09:46:33.010,3.29,10000
2020-08-10 09:46:33.010,3.29,900
2020-08-10 09:46:33.010,3.29,15100
2020-08-10 09:46:33.010,3.29,10000
2020-08-10 09:46:33.010,3.29,3800
2020-08-10 09:46:33.010,3.29,10000
2020-08-10 09:46:33.010,3.29,1000
2020-08-10 09:46:33.010,3.29,200
2020-08-10 09:46:33.010,3.29,200
2020-08-10 09:46:33.010,3.29,300
2020-08-10 09:46:33.010,3.29,1000
2020-08-10 09:46:33.010,3.29,100
2020-08-10 09:46:33.010,3.29,10000
2020-08-10 09:46:33.010,3.29,600
2020-08-10 09:46:33.010,3.29,100
2020-08-10 09:46:33.010,3.29,1000
2020-08-10 09:46:33.010,3.29,15000
2020-08-10 09:46:33.010,3.29,100
2020-08-10 09:46:33.010,3.29,10000
2020-08-10 09:46:33.010,3.29,200
2020-08-10 09:46:33.010,3.29,30000
2020-08-10 09:46:33.010,3.29,200
2020-08-10 09:46:33.010,3.29,7500
2020-08-10 09:46:33.010,3.29,10000
2020-08-10 09:46:33.010,3.29,100
2020-08-10 09:46:33.010,3.29,3000
2020-08-10 09:46:33.010,3.29,4000
2020-08-10 09:46:33.040,3.29,500
2020-08-10 09:46:36.260,3.29,50000
2020-08-10 09:46:36.390,3.289,500
2020-08-10 09:46:36.620,3.29,100
2020-08-10 09:46:37.210,3.29,200
2020-08-10 09:46:37.830,3.29,2000
2020-08-10 09:46:38.220,3.29,9300
2020-08-10 09:46:38.220,3.29,10700
2020-08-10 09:46:39.510,3.29,19300
2020-08-10 09:46:39.510,3.29,400
2020-08-10 09:46:39.510,3.29,5300
2020-08-10 09:46:39.510,3.29,100
2020-08-10 09:46:39.510,3.29,10000
2020-08-10 09:46:39.510,3.291,400
2020-08-10 09:46:39.510,3.291,48000
2020-08-10 09:46:41.270,3.291,21500
2020-08-10 09:46:41.270,3.289,4500
2020-08-10 09:46:41.270,3.289,200
2020-08-10 09:46:41.270,3.289,1000
2020-08-10 09:46:41.270,3.289,1000
2020-08-10 09:46:41.270,3.289,200
2020-08-10 09:46:41.270,3.289,10000
2020-08-10 09:46:41.270,3.289,100
2020-08-10 09:46:41.270,3.288,100
2020-08-10 09:46:41.270,3.288,500
2020-08-10 09:46:41.270,3.288,200
2020-08-10 09:46:41.270,3.288,200
2020-08-10 09:46:41.270,3.288,6100
2020-08-10 09:46:41.270,3.288,1000
2020-08-10 09:46:41.270,3.288,600
2020-08-10 09:46:41.270,3.288,10000
2020-08-10 09:46:41.270,3.288,5000
2020-08-10 09:46:41.270,3.288,1000
2020-08-10 09:46:41.270,3.288,10000
2020-08-10 09:46:41.270,3.288,500
2020-08-10 09:46:41.270,3.288,100
2020-08-10 09:46:41.270,3.288,100
2020-08-10 09:46:41.270,3.288,500
2020-08-10 09:46:41.270,3.288,1000
2020-08-10 09:46:41.270,3.288,400
2020-08-10 09:46:41.270,3.288,1000
2020-08-10 09:46:41.270,3.288,1000
2020-08-10 09:46:41.270,3.288,7900
2020-08-10 09:46:41.270,3.288,3000
2020-08-10 09:46:41.270,3.288,1000
2020-08-10 09:46:41.270,3.288,200
2020-08-10 09:46:41.270,3.288,30100
2020-08-10 09:46:41.810,3.292,3000
2020-08-10 09:46:41.900,3.29,1000
2020-08-10 09:46:41.900,3.289,500
2020-08-10 09:46:42.430,3.289,19500
2020-08-10 09:46:43.350,3.289,500
2020-08-10 09:46:43.440,3.289,5300
2020-08-10 09:46:43.910,3.289,5000
2020-08-10 09:46:44.650,3.288,80000
2020-08-10 09:46:45.090,3.289,4400
2020-08-10 09:46:45.430,3.288,8000
2020-08-10 09:46:45.720,3.289,5300
2020-08-10 09:46:45.720,3.289,14800
2020-08-10 09:46:46.520,3.289,5200
2020-08-10 09:46:46.520,3.289,4800
2020-08-10 09:46:46.920,3.289,200
2020-08-10 09:46:46.920,3.29,2800
2020-08-10 09:46:47.620,3.289,3000
2020-08-10 09:46:48.290,3.289,500
2020-08-10 09:46:48.540,3.288,120100
2020-08-10 09:46:48.570,3.289,119000
2020-08-10 09:46:48.840,3.288,3000
2020-08-10 09:46:48.840,3.288,10000
2020-08-10 09:46:50.010,3.289,4500
2020-08-10 09:46:50.220,3.288,200000
2020-08-10 09:46:50.760,3.288,1300
2020-08-10 09:46:50.790,3.289,50000
2020-08-10 09:46:51.860,3.288,25300
2020-08-10 09:46:51.860,3.288,1600
2020-08-10 09:46:51.860,3.288,9500
2020-08-10 09:46:51.860,3.287,1000
2020-08-10 09:46:51.860,3.287,1000
2020-08-10 09:46:51.860,3.287,600
2020-08-10 09:46:51.860,3.287,100
2020-08-10 09:46:51.860,3.287,500
2020-08-10 09:46:51.860,3.287,200
2020-08-10 09:46:51.860,3.287,1000
2020-08-10 09:46:51.860,3.287,3100
2020-08-10 09:46:51.860,3.287,100
2020-08-10 09:46:51.860,3.287,10000
2020-08-10 09:46:51.860,3.287,200
2020-08-10 09:46:51.860,3.287,1000
2020-08-10 09:46:51.860,3.287,93000
2020-08-10 09:46:52.110,3.287,3000
2020-08-10 09:46:52.310,3.287,100
2020-08-10 09:46:53.540,3.287,5000
2020-08-10 09:46:54.230,3.287,500
2020-08-10 09:46:54.340,3.287,143200
2020-08-10 09:46:54.340,3.288,200
2020-08-10 09:46:54.340,3.288,150000
2020-08-10 09:46:54.340,3.289,123000
2020-08-10 09:46:54.340,3.289,200
2020-08-10 09:46:54.340,3.289,15000
2020-08-10 09:46:54.340,3.289,1000
