Datetime,Price,Volume
2020-08-10 09:25:00.300,4.733,300
2020-08-10 09:25:00.300,4.733,100
2020-08-10 09:25:00.300,4.733,1600
2020-08-10 09:25:00.300,4.733,2200
2020-08-10 09:25:00.300,4.733,1200
2020-08-10 09:25:00.300,4.733,4000
2020-08-10 09:25:00.300,4.733,3200
2020-08-10 09:25:00.300,4.733,200
2020-08-10 09:25:00.300,4.733,5800
2020-08-10 09:25:00.300,4.733,6000
2020-08-10 09:25:00.300,4.733,3200
2020-08-10 09:25:00.300,4.733,600
2020-08-10 09:25:00.300,4.733,1000
2020-08-10 09:25:00.300,4.733,1200
2020-08-10 09:25:00.300,4.733,2800
2020-08-10 09:25:00.300,4.733,3200
2020-08-10 09:25:00.300,4.733,5000
2020-08-10 09:25:00.300,4.733,900
2020-08-10 09:25:00.300,4.733,100
2020-08-10 09:25:00.300,4.733,100
2020-08-10 09:25:00.300,4.733,200
2020-08-10 09:25:00.300,4.733,3000
2020-08-10 09:25:00.300,4.733,1100
2020-08-10 09:25:00.300,4.733,8900
2020-08-10 09:25:00.300,4.733,2500
2020-08-10 09:25:00.300,4.733,20000
2020-08-10 09:25:00.300,4.733,2000
2020-08-10 09:25:00.300,4.733,400
2020-08-10 09:25:00.300,4.733,4500
2020-08-10 09:25:00.300,4.733,34000
2020-08-10 09:25:00.300,4.733,100
2020-08-10 09:25:00.300,4.733,500
2020-08-10 09:25:00.300,4.733,1400
2020-08-10 09:25:00.300,4.733,100
2020-08-10 09:25:00.300,4.733,100
2020-08-10 09:25:00.300,4.733,100
2020-08-10 09:25:00.300,4.733,100
2020-08-10 09:25:00.300,4.733,100
2020-08-10 09:25:00.300,4.733,100
2020-08-10 09:25:00.300,4.733,100
2020-08-10 09:25:00.300,4.733,100
2020-08-10 09:25:00.300,4.733,100
2020-08-10 09:25:00.300,4.733,100
2020-08-10 09:25:00.300,4.733,400
2020-08-10 09:25:00.300,4.733,100
2020-08-10 09:25:00.300,4.733,300
2020-08-10 09:25:00.300,4.733,100
2020-08-10 09:25:00.300,4.733,200
2020-08-10 09:25:00.300,4.733,1000
2020-08-10 09:25:00.300,4.733,100
2020-08-10 09:25:00.300,4.733,100
2020-08-10 09:25:00.300,4.733,200
2020-08-10 09:25:00.300,4.733,200
2020-08-10 09:25:00.300,4.733,100
2020-08-10 09:25:00.300,4.733,100
2020-08-10 09:25:00.300,4.733,100
2020-08-10 09:25:00.300,4.733,100
2020-08-10 09:25:00.300,4.733,100
2020-08-10 09:25:00.300,4.733,100
2020-08-10 09:25:00.300,4.733,100
2020-08-10 09:25:00.300,4.733,100
2020-08-10 09:25:00.300,4.733,100
2020-08-10 09:25:00.300,4.733,100
2020-08-10 09:25:00.300,4.733,100
2020-08-10 09:25:00.300,4.733,400
2020-08-10 09:25:00.300,4.733,100
2020-08-10 09:25:00.300,4.733,200
2020-08-10 09:25:00.300,4.733,100
2020-08-10 09:25:00.300,4.733,300
2020-08-10 09:25:00.300,4.733,500
2020-08-10 09:25:00.300,4.733,100
2020-08-10 09:25:00.300,4.733,300
2020-08-10 09:25:00.300,4.733,100
2020-08-10 09:25:00.300,4.733,100
2020-08-10 09:25:00.300,4.733,100
2020-08-10 09:25:00.300,4.733,200
2020-08-10 09:25:00.300,4.733,100
2020-08-10 09:25:00.300,4.733,1200
2020-08-10 09:25:00.300,4.733,100
2020-08-10 09:25:00.300,4.733,500
2020-08-10 09:25:00.300,4.733,800
2020-08-10 09:25:00.300,4.733,600
2020-08-10 09:25:00.300,4.733,100
2020-08-10 09:25:00.300,4.733,200
2020-08-10 09:25:00.300,4.733,100
2020-08-10 09:25:00.300,4.733,600
2020-08-10 09:25:00.300,4.733,100
2020-08-10 09:25:00.300,4.733,200
2020-08-10 09:25:00.300,4.733,1000
2020-08-10 09:25:00.300,4.733,300
2020-08-10 09:25:00.300,4.733,100
2020-08-10 09:25:00.300,4.733,100
2020-08-10 09:25:00.300,4.733,100
2020-08-10 09:25:00.300,4.733,1600
2020-08-10 09:25:00.300,4.733,100
2020-08-10 09:25:00.300,4.733,3200
2020-08-10 09:25:00.300,4.733,100
2020-08-10 09:25:00.300,4.733,400
2020-08-10 09:25:00.300,4.733,500
2020-08-10 09:25:00.300,4.733,100
2020-08-10 09:25:00.300,4.733,200
2020-08-10 09:25:00.300,4.733,100
2020-08-10 09:25:00.300,4.733,200
2020-08-10 09:25:00.300,4.733,1000
2020-08-10 09:25:00.300,4.733,100
2020-08-10 09:25:00.300,4.733,100
2020-08-10 09:25:00.300,4.733,1000
2020-08-10 09:25:00.300,4.733,700
2020-08-10 09:25:00.300,4.733,200
2020-08-10 09:25:00.300,4.733,100
2020-08-10 09:25:00.300,4.733,100
2020-08-10 09:25:00.300,4.733,400
2020-08-10 09:25:00.300,4.733,100
2020-08-10 09:25:00.300,4.733,2000
2020-08-10 09:25:00.300,4.733,100
2020-08-10 09:25:00.300,4.733,200
2020-08-10 09:25:00.300,4.733,1000
2020-08-10 09:25:00.300,4.733,100
2020-08-10 09:25:00.300,4.733,2500
2020-08-10 09:25:00.300,4.733,200
2020-08-10 09:25:00.300,4.733,100
2020-08-10 09:25:00.300,4.733,200
2020-08-10 09:25:00.300,4.733,200
2020-08-10 09:25:00.300,4.733,500
2020-08-10 09:25:00.300,4.733,400
2020-08-10 09:25:00.300,4.733,200
2020-08-10 09:25:00.300,4.733,100
2020-08-10 09:25:00.300,4.733,300
2020-08-10 09:25:00.300,4.733,200
2020-08-10 09:25:00.300,4.733,100
2020-08-10 09:25:00.300,4.733,100
2020-08-10 09:25:00.300,4.733,300
2020-08-10 09:25:00.300,4.733,100
2020-08-10 09:25:00.300,4.733,400
2020-08-10 09:25:00.300,4.733,100
2020-08-10 09:25:00.300,4.733,300
2020-08-10 09:25:00.300,4.733,100
2020-08-10 09:25:00.300,4.733,600
2020-08-10 09:25:00.300,4.733,100
2020-08-10 09:25:00.300,4.733,100
2020-08-10 09:25:00.300,4.733,100
2020-08-10 09:25:00.300,4.733,200
2020-08-10 09:25:00.300,4.733,300
2020-08-10 09:25:00.300,4.733,100
2020-08-10 09:25:00.300,4.733,100
2020-08-10 09:25:00.300,4.733,300
2020-08-10 09:25:00.300,4.733,300
2020-08-10 09:25:00.300,4.733,300
2020-08-10 09:25:00.300,4.733,1100
2020-08-10 09:25:00.300,4.733,1000
2020-08-10 09:25:00.300,4.733,100
2020-08-10 09:25:00.300,4.733,1100
2020-08-10 09:25:00.300,4.733,100
2020-08-10 09:25:00.300,4.733,100
2020-08-10 09:25:00.300,4.733,100
2020-08-10 09:25:00.300,4.733,400
2020-08-10 09:25:00.300,4.733,600
2020-08-10 09:25:00.300,4.733,100
2020-08-10 09:25:00.300,4.733,100
2020-08-10 09:25:00.300,4.733,100
2020-08-10 09:25:00.300,4.733,100
2020-08-10 09:25:00.300,4.733,100
2020-08-10 09:25:00.300,4.733,100
2020-08-10 09:25:00.300,4.733,1000
2020-08-10 09:25:00.300,4.733,200
2020-08-10 09:25:00.300,4.733,100
2020-08-10 09:25:00.300,4.733,100
2020-08-10 09:25:00.300,4.733,1100
2020-08-10 09:25:00.300,4.733,200
2020-08-10 09:25:00.300,4.733,100
2020-08-10 09:25:00.300,4.733,100
2020-08-10 09:25:00.300,4.733,200
2020-08-10 09:25:00.300,4.733,29800
2020-08-10 09:25:00.300,4.733,5000
2020-08-10 09:25:00.300,4.733,100
2020-08-10 09:25:00.300,4.733,100
2020-08-10 09:25:00.300,4.733,500
2020-08-10 09:25:00.300,4.733,2100
2020-08-10 09:25:00.300,4.733,200
2020-08-10 09:25:00.300,4.733,200
2020-08-10 09:25:00.300,4.733,100
2020-08-10 09:25:00.300,4.733,100
2020-08-10 09:25:00.300,4.733,1400
2020-08-10 09:25:00.300,4.733,5000
2020-08-10 09:25:00.300,4.733,200
2020-08-10 09:25:00.300,4.733,100
2020-08-10 09:25:00.300,4.733,100
2020-08-10 09:25:00.300,4.733,200
2020-08-10 09:25:00.300,4.733,100
2020-08-10 09:25:00.300,4.733,100
2020-08-10 09:25:00.300,4.733,2100
2020-08-10 09:25:00.300,4.733,100
2020-08-10 09:25:00.300,4.733,100
2020-08-10 09:25:00.300,4.733,400
2020-08-10 09:25:00.300,4.733,100
2020-08-10 09:25:00.300,4.733,100
2020-08-10 09:25:00.300,4.733,100
2020-08-10 09:25:00.300,4.733,100
2020-08-10 09:25:00.300,4.733,200
2020-08-10 09:25:00.300,4.733,1000
2020-08-10 09:25:00.300,4.733,100
2020-08-10 09:25:00.300,4.733,200
2020-08-10 09:25:00.300,4.733,5100
2020-08-10 09:25:00.300,4.733,500
2020-08-10 09:25:00.300,4.733,100
2020-08-10 09:25:00.300,4.733,100
2020-08-10 09:25:00.300,4.733,100
2020-08-10 09:25:00.300,4.733,100
2020-08-10 09:25:00.300,4.733,1000
2020-08-10 09:25:00.300,4.733,300
2020-08-10 09:25:00.300,4.733,10000
2020-08-10 09:25:00.300,4.733,600
2020-08-10 09:25:00.300,4.733,200
2020-08-10 09:25:00.300,4.733,100
2020-08-10 09:25:00.300,4.733,200
2020-08-10 09:25:00.300,4.733,100
2020-08-10 09:25:00.300,4.733,2500
2020-08-10 09:25:00.300,4.733,600
2020-08-10 09:25:00.300,4.733,7000
2020-08-10 09:25:00.300,4.733,2500
2020-08-10 09:25:00.300,4.733,200
2020-08-10 09:25:00.300,4.733,100
2020-08-10 09:25:00.300,4.733,1000
2020-08-10 09:25:00.300,4.733,1000
2020-08-10 09:25:00.300,4.733,100
2020-08-10 09:25:00.300,4.733,2500
2020-08-10 09:25:00.300,4.733,200
2020-08-10 09:25:00.300,4.733,1000
2020-08-10 09:25:00.300,4.733,1300
2020-08-10 09:25:00.300,4.733,3900
2020-08-10 09:25:00.300,4.733,1200
2020-08-10 09:25:00.300,4.733,100
2020-08-10 09:25:00.300,4.733,1000
2020-08-10 09:25:00.300,4.733,2500
2020-08-10 09:25:00.300,4.733,2100
2020-08-10 09:25:00.300,4.733,13100
2020-08-10 09:25:00.300,4.733,1900
2020-08-10 09:25:00.300,4.733,2000
2020-08-10 09:25:00.300,4.733,400
2020-08-10 09:25:00.300,4.733,600
2020-08-10 09:25:00.300,4.733,500
2020-08-10 09:25:00.300,4.733,600
2020-08-10 09:25:00.300,4.733,3000
2020-08-10 09:25:00.300,4.733,500
2020-08-10 09:25:00.300,4.733,6900
2020-08-10 09:25:00.300,4.733,10600
2020-08-10 09:25:00.300,4.733,2300
2020-08-10 09:25:00.300,4.733,47700
2020-08-10 09:25:00.300,4.733,9400
2020-08-10 09:25:00.300,4.733,5000
2020-08-10 09:25:00.300,4.733,7800
2020-08-10 09:25:00.300,4.733,3100
2020-08-10 09:25:00.300,4.733,5000
2020-08-10 09:25:00.300,4.733,1900
2020-08-10 09:25:00.300,4.733,900
2020-08-10 09:25:00.300,4.733,3000
2020-08-10 09:25:00.300,4.733,13900
2020-08-10 09:25:00.300,4.733,200
2020-08-10 09:25:00.300,4.733,30000
2020-08-10 09:25:00.300,4.733,170000
2020-08-10 09:25:00.300,4.733,20000
2020-08-10 09:25:00.300,4.733,2500
2020-08-10 09:25:00.300,4.733,77500
2020-08-10 09:25:00.300,4.733,100
2020-08-10 09:25:00.300,4.733,1000
2020-08-10 09:25:00.300,4.733,200
2020-08-10 09:25:00.300,4.733,600
2020-08-10 09:25:00.300,4.733,11000
2020-08-10 09:25:00.300,4.733,1000
2020-08-10 09:25:00.300,4.733,5400
2020-08-10 09:25:00.300,4.733,8400
2020-08-10 09:25:00.300,4.733,2000
2020-08-10 09:25:00.300,4.733,600
2020-08-10 09:25:00.300,4.733,92200
2020-08-10 09:25:00.300,4.733,100
2020-08-10 09:25:00.300,4.733,100
2020-08-10 09:25:00.300,4.733,3000
2020-08-10 09:25:00.300,4.733,2000
2020-08-10 09:25:00.300,4.733,300
2020-08-10 09:25:00.300,4.733,2300
2020-08-10 09:25:00.300,4.733,1000
2020-08-10 09:25:00.300,4.733,7000
2020-08-10 09:25:00.300,4.733,3600
2020-08-10 09:25:00.300,4.733,2000
2020-08-10 09:25:00.300,4.733,100
2020-08-10 09:25:00.300,4.733,100
2020-08-10 09:25:00.300,4.733,3000
2020-08-10 09:25:00.300,4.733,4800
2020-08-10 09:25:00.300,4.733,8300
2020-08-10 09:25:00.300,4.733,1700
2020-08-10 09:25:00.300,4.733,100
2020-08-10 09:25:00.300,4.733,3200
2020-08-10 09:25:00.300,4.733,3800
2020-08-10 09:25:00.300,4.733,600
2020-08-10 09:25:00.300,4.733,1400
2020-08-10 09:25:00.300,4.733,200
2020-08-10 09:25:00.300,4.733,4600
2020-08-10 09:25:00.300,4.733,400
2020-08-10 09:25:00.300,4.733,600
2020-08-10 09:25:00.300,4.733,40000
2020-08-10 09:25:00.300,4.733,40000
2020-08-10 09:25:00.300,4.733,2100
2020-08-10 09:25:00.300,4.733,5100
2020-08-10 09:25:00.300,4.733,2500
2020-08-10 09:25:00.300,4.733,10000
2020-08-10 09:25:00.300,4.733,1500
2020-08-10 09:25:00.300,4.733,2500
2020-08-10 09:25:00.300,4.733,200
2020-08-10 09:25:00.300,4.733,500
2020-08-10 09:25:00.300,4.733,100
2020-08-10 09:25:00.300,4.733,8400
2020-08-10 09:25:00.300,4.733,1000
2020-08-10 09:25:00.300,4.733,100
2020-08-10 09:25:00.300,4.733,11000
2020-08-10 09:25:00.300,4.733,37900
2020-08-10 09:25:00.300,4.733,70000
2020-08-10 09:25:00.300,4.733,3000
2020-08-10 09:25:00.300,4.733,200
2020-08-10 09:25:00.300,4.733,4000
2020-08-10 09:25:00.300,4.733,50000
2020-08-10 09:25:00.300,4.733,50000
2020-08-10 09:25:00.300,4.733,100
2020-08-10 09:25:00.300,4.733,200
2020-08-10 09:25:00.300,4.733,10000
2020-08-10 09:25:00.300,4.733,300
2020-08-10 09:25:00.300,4.733,700
2020-08-10 09:25:00.300,4.733,200
2020-08-10 09:25:00.300,4.733,600
2020-08-10 09:25:00.300,4.733,1000
2020-08-10 09:25:00.300,4.733,2500
2020-08-10 09:25:00.300,4.733,50000
2020-08-10 09:25:00.300,4.733,5600
2020-08-10 09:25:00.300,4.733,45000
2020-08-10 09:25:00.300,4.733,10000
2020-08-10 09:25:00.300,4.733,1500
2020-08-10 09:25:00.300,4.733,5300
2020-08-10 09:25:00.300,4.733,4000
2020-08-10 09:25:00.300,4.733,600
2020-08-10 09:25:00.300,4.733,10000
2020-08-10 09:25:00.300,4.733,7000
2020-08-10 09:25:00.300,4.733,4000
2020-08-10 09:25:00.300,4.733,10000
2020-08-10 09:25:00.300,4.733,50000
2020-08-10 09:25:00.300,4.733,10000
2020-08-10 09:25:00.300,4.733,1000
2020-08-10 09:25:00.300,4.733,5000
2020-08-10 09:25:00.300,4.733,1000
2020-08-10 09:25:00.300,4.733,200
2020-08-10 09:25:00.300,4.733,7600
2020-08-10 09:25:00.300,4.733,500
2020-08-10 09:25:00.300,4.733,100
2020-08-10 09:25:00.300,4.733,1000
2020-08-10 09:25:00.300,4.733,1000
2020-08-10 09:25:00.300,4.733,300
2020-08-10 09:25:00.300,4.733,2000
2020-08-10 09:25:00.300,4.733,44700
2020-08-10 09:25:00.300,4.733,2000
2020-08-10 09:25:00.300,4.733,200
2020-08-10 09:25:00.300,4.733,5000
2020-08-10 09:25:00.300,4.733,3900
2020-08-10 09:25:00.300,4.733,3100
2020-08-10 09:25:00.300,4.733,56400
2020-08-10 09:25:00.300,4.733,5000
2020-08-10 09:25:00.300,4.733,5000
2020-08-10 09:25:00.300,4.733,4300
2020-08-10 09:25:00.300,4.733,3000
2020-08-10 09:25:00.300,4.733,200
2020-08-10 09:25:00.300,4.733,6100
2020-08-10 09:25:00.300,4.733,1000
2020-08-10 09:25:00.300,4.733,2900
2020-08-10 09:25:00.300,4.733,33500
2020-08-10 09:25:00.300,4.733,3600
2020-08-10 09:25:00.300,4.733,400
2020-08-10 09:25:00.300,4.733,100
2020-08-10 09:25:00.300,4.733,900
2020-08-10 09:25:00.300,4.733,10500
2020-08-10 09:25:00.300,4.733,10600
2020-08-10 09:25:00.300,4.733,10000
2020-08-10 09:25:00.300,4.733,10000
2020-08-10 09:25:00.300,4.733,1000
2020-08-10 09:25:00.300,4.733,1800
2020-08-10 09:25:00.300,4.733,24500
2020-08-10 09:25:00.300,4.733,24500
2020-08-10 09:25:00.300,4.733,24000
2020-08-10 09:25:00.300,4.733,100
2020-08-10 09:25:00.300,4.733,10500
2020-08-10 09:25:00.300,4.733,5600
2020-08-10 09:25:00.300,4.733,1300
2020-08-10 09:30:00.190,4.734,100
2020-08-10 09:30:00.190,4.734,100
2020-08-10 09:30:00.190,4.734,19800
2020-08-10 09:30:00.230,4.734,300
2020-08-10 09:30:00.230,4.733,4300
2020-08-10 09:30:00.290,4.734,54600
2020-08-10 09:30:00.290,4.734,5000
2020-08-10 09:30:00.290,4.734,10000
2020-08-10 09:30:00.290,4.734,4000
2020-08-10 09:30:00.290,4.734,6400
2020-08-10 09:30:00.290,4.734,6300
2020-08-10 09:30:00.290,4.738,7600
2020-08-10 09:30:00.290,4.738,100
2020-08-10 09:30:00.290,4.739,100
2020-08-10 09:30:00.290,4.739,100
2020-08-10 09:30:00.290,4.739,3000
2020-08-10 09:30:00.340,4.739,1000
2020-08-10 09:30:00.340,4.739,8400
2020-08-10 09:30:00.340,4.738,91600
2020-08-10 09:30:00.340,4.738,500
2020-08-10 09:30:00.340,4.74,1100
2020-08-10 09:30:00.340,4.74,400
2020-08-10 09:30:00.790,4.74,500
2020-08-10 09:30:00.790,4.738,2000
2020-08-10 09:30:00.900,4.738,900
2020-08-10 09:30:01.010,4.738,200
2020-08-10 09:30:01.130,4.738,2000
2020-08-10 09:30:01.370,4.736,1800
2020-08-10 09:30:01.370,4.736,1000
2020-08-10 09:30:01.490,4.736,2000
2020-08-10 09:30:01.490,4.736,1000
2020-08-10 09:30:01.600,4.739,14000
2020-08-10 09:30:01.600,4.74,1000
2020-08-10 09:30:01.600,4.736,4200
2020-08-10 09:30:01.600,4.735,2700
2020-08-10 09:30:01.710,4.735,100
2020-08-10 09:30:01.960,4.735,2000
2020-08-10 09:30:02.070,4.735,5000
2020-08-10 09:30:02.190,4.735,200
2020-08-10 09:30:02.190,4.735,2700
2020-08-10 09:30:02.190,4.735,1000
2020-08-10 09:30:02.550,4.735,1000
2020-08-10 09:30:02.670,4.735,58500
2020-08-10 09:30:02.670,4.735,5000
2020-08-10 09:30:02.670,4.735,32800
2020-08-10 09:30:02.800,4.735,800
2020-08-10 09:30:02.800,4.735,800
2020-08-10 09:30:02.800,4.735,500
2020-08-10 09:30:02.800,4.735,800
2020-08-10 09:30:02.800,4.735,5100
2020-08-10 09:30:03.050,4.735,20000
2020-08-10 09:30:03.290,4.739,45000
2020-08-10 09:30:03.290,4.74,3000
2020-08-10 09:30:03.290,4.74,70000
2020-08-10 09:30:03.290,4.743,182000
2020-08-10 09:30:03.400,4.735,20000
2020-08-10 09:30:03.400,4.735,1000
2020-08-10 09:30:03.520,4.735,5000
2020-08-10 09:30:03.520,4.735,2500
2020-08-10 09:30:03.780,4.735,5000
2020-08-10 09:30:03.900,4.735,900
2020-08-10 09:30:03.900,4.735,26000
2020-08-10 09:30:03.900,4.735,3700
2020-08-10 09:30:04.080,4.735,15000
2020-08-10 09:30:04.080,4.735,600
2020-08-10 09:30:04.080,4.735,25800
2020-08-10 09:30:04.200,4.74,2500
2020-08-10 09:30:04.310,4.735,9400
2020-08-10 09:30:04.440,4.74,19500
2020-08-10 09:30:04.440,4.74,1000
2020-08-10 09:30:04.440,4.743,59500
2020-08-10 09:30:04.440,4.735,30000
2020-08-10 09:30:04.690,4.735,200
2020-08-10 09:30:04.820,4.735,600
2020-08-10 09:30:04.950,4.735,600
2020-08-10 09:30:04.950,4.735,500
2020-08-10 09:30:04.950,4.735,4900
2020-08-10 09:30:04.950,4.739,1000
2020-08-10 09:30:05.060,4.739,2700
2020-08-10 09:30:05.060,4.735,100
2020-08-10 09:30:05.060,4.735,200
2020-08-10 09:30:05.060,4.735,300
2020-08-10 09:30:05.060,4.735,600
2020-08-10 09:30:05.060,4.735,900
2020-08-10 09:30:05.190,4.735,4500
2020-08-10 09:30:05.310,4.735,600
2020-08-10 09:30:05.450,4.735,1300
2020-08-10 09:30:05.450,4.735,13700
2020-08-10 09:30:05.730,4.735,3000
2020-08-10 09:30:05.790,4.735,30000
2020-08-10 09:30:05.930,4.736,6200
2020-08-10 09:30:05.930,4.736,1800
2020-08-10 09:30:05.930,4.735,3300
2020-08-10 09:30:05.930,4.735,2700
2020-08-10 09:30:06.390,4.735,1600
2020-08-10 09:30:06.390,4.735,200
2020-08-10 09:30:06.510,4.735,2000
2020-08-10 09:30:06.650,4.735,5000
2020-08-10 09:30:06.650,4.735,9900
2020-08-10 09:30:06.650,4.735,16100
2020-08-10 09:30:06.770,4.735,2200
2020-08-10 09:30:06.770,4.737,100
2020-08-10 09:30:06.890,4.735,1700
2020-08-10 09:30:06.890,4.735,2200
2020-08-10 09:30:06.890,4.735,100
2020-08-10 09:30:06.890,4.737,1000
2020-08-10 09:30:07.010,4.735,200
2020-08-10 09:30:07.010,4.734,300
2020-08-10 09:30:07.010,4.734,100
2020-08-10 09:30:07.010,4.734,600
2020-08-10 09:30:07.010,4.734,5600
2020-08-10 09:30:07.010,4.734,2300
2020-08-10 09:30:07.010,4.734,3600
2020-08-10 09:30:07.100,4.734,3000
2020-08-10 09:30:07.330,4.734,1000
2020-08-10 09:30:07.330,4.734,10300
2020-08-10 09:30:07.460,4.734,2100
2020-08-10 09:30:07.460,4.734,400
2020-08-10 09:30:07.460,4.734,7500
2020-08-10 09:30:07.460,4.734,4100
2020-08-10 09:30:07.460,4.734,900
2020-08-10 09:30:07.460,4.734,100
2020-08-10 09:30:07.460,4.734,1700
2020-08-10 09:30:07.460,4.734,100
2020-08-10 09:30:07.460,4.734,100
2020-08-10 09:30:07.460,4.734,8000
2020-08-10 09:30:07.960,4.735,3000
2020-08-10 09:30:08.000,4.735,7000
2020-08-10 09:30:08.000,4.734,193000
2020-08-10 09:30:08.000,4.737,100
2020-08-10 09:30:08.000,4.737,39800
2020-08-10 09:30:08.110,4.738,200
2020-08-10 09:30:08.110,4.74,77400
2020-08-10 09:30:08.310,4.74,5500
2020-08-10 09:30:08.550,4.74,10000
2020-08-10 09:30:08.550,4.741,600
2020-08-10 09:30:08.550,4.742,2400
2020-08-10 09:30:08.680,4.74,100
2020-08-10 09:30:08.680,4.74,9600
2020-08-10 09:30:08.790,4.74,16400
2020-08-10 09:30:08.790,4.74,600
2020-08-10 09:30:08.990,4.741,2000
2020-08-10 09:30:08.990,4.742,4600
2020-08-10 09:30:08.990,4.742,8100
2020-08-10 09:30:09.250,4.741,100
2020-08-10 09:30:09.250,4.741,2000
2020-08-10 09:30:09.350,4.741,100
2020-08-10 09:30:09.520,4.741,310800
2020-08-10 09:30:09.520,4.74,195400
2020-08-10 09:30:09.520,4.74,100
2020-08-10 09:30:09.520,4.738,200
2020-08-10 09:30:09.520,4.736,200
2020-08-10 09:30:09.520,4.736,449400
2020-08-10 09:30:09.800,4.736,10000
2020-08-10 09:30:09.800,4.736,29800
2020-08-10 09:30:09.960,4.736,2000
2020-08-10 09:30:10.170,4.741,2600
2020-08-10 09:30:10.420,4.741,3600
2020-08-10 09:30:10.420,4.739,100
2020-08-10 09:30:10.420,4.739,3600
2020-08-10 09:30:10.420,4.736,42700
2020-08-10 09:30:10.460,4.739,800
2020-08-10 09:30:10.460,4.736,2200
2020-08-10 09:30:10.800,4.739,6000
2020-08-10 09:30:11.020,4.74,4000
2020-08-10 09:30:11.090,4.74,8400
2020-08-10 09:30:11.200,4.74,7100
2020-08-10 09:30:11.300,4.74,800
2020-08-10 09:30:11.300,4.74,3200
2020-08-10 09:30:11.540,4.74,276500
2020-08-10 09:30:11.540,4.739,23500
2020-08-10 09:30:12.170,4.741,5000
2020-08-10 09:30:12.170,4.739,26000
2020-08-10 09:30:12.910,4.739,5000
2020-08-10 09:30:12.910,4.739,37100
2020-08-10 09:30:13.220,4.743,300
2020-08-10 09:30:13.330,4.741,500
2020-08-10 09:30:13.780,4.741,700
2020-08-10 09:30:14.160,4.741,19300
2020-08-10 09:30:14.160,4.742,295700
2020-08-10 09:30:14.220,4.742,1000
2020-08-10 09:30:15.110,4.742,1000
2020-08-10 09:30:15.200,4.743,1000
2020-08-10 09:30:15.570,4.742,10500
2020-08-10 09:30:15.690,4.742,700
2020-08-10 09:30:16.140,4.742,30000
2020-08-10 09:30:16.140,4.741,2000
2020-08-10 09:30:16.310,4.74,5000
2020-08-10 09:30:16.830,4.739,1000
2020-08-10 09:30:16.880,4.74,42000
2020-08-10 09:30:17.460,4.74,200
2020-08-10 09:30:17.840,4.74,1000
2020-08-10 09:30:18.130,4.74,2000
2020-08-10 09:30:20.490,4.739,1000
2020-08-10 09:30:20.490,4.739,4000
2020-08-10 09:30:21.470,4.74,67900
2020-08-10 09:30:21.610,4.74,63700
2020-08-10 09:30:21.780,4.74,1200
2020-08-10 09:30:23.060,4.74,5000
2020-08-10 09:30:24.550,4.74,200
2020-08-10 09:30:26.230,4.74,2000
2020-08-10 09:30:27.150,4.74,9800
2020-08-10 09:30:30.080,4.74,43300
2020-08-10 09:30:30.460,4.74,41300
2020-08-10 09:30:30.690,4.74,4000
2020-08-10 09:30:30.800,4.74,2600
2020-08-10 09:30:30.910,4.741,7000
2020-08-10 09:30:30.910,4.742,10000
2020-08-10 09:30:30.910,4.743,6300
2020-08-10 09:30:30.910,4.743,71500
2020-08-10 09:30:30.910,4.744,100
2020-08-10 09:30:30.910,4.744,100
2020-08-10 09:30:30.910,4.744,12100
2020-08-10 09:30:30.910,4.744,10000
2020-08-10 09:30:30.910,4.744,10000
2020-08-10 09:30:30.910,4.744,25000
2020-08-10 09:30:30.910,4.744,3600
2020-08-10 09:30:31.870,4.744,10000
2020-08-10 09:30:32.200,4.744,2000
2020-08-10 09:30:32.370,4.744,5000
2020-08-10 09:30:33.470,4.744,4000
2020-08-10 09:30:34.120,4.744,3500
2020-08-10 09:30:34.660,4.745,10000
2020-08-10 09:30:35.970,4.745,78900
2020-08-10 09:30:36.220,4.745,6000
2020-08-10 09:30:36.680,4.746,1000
2020-08-10 09:30:36.680,4.747,7000
2020-08-10 09:30:36.760,4.747,25000
2020-08-10 09:30:37.170,4.747,3000
2020-08-10 09:30:37.320,4.747,1000
2020-08-10 09:30:38.320,4.748,2400
2020-08-10 09:30:38.320,4.748,5500
2020-08-10 09:30:38.320,4.745,5000
2020-08-10 09:30:38.320,4.744,4700
2020-08-10 09:30:39.030,4.745,2300
2020-08-10 09:30:39.030,4.745,5500
2020-08-10 09:30:40.000,4.745,1000
2020-08-10 09:30:40.240,4.745,18000
2020-08-10 09:30:40.700,4.747,100
2020-08-10 09:30:40.760,4.747,10500
2020-08-10 09:30:41.010,4.747,300
2020-08-10 09:30:41.670,4.746,5000
2020-08-10 09:30:41.670,4.745,5700
2020-08-10 09:30:41.670,4.748,24500
2020-08-10 09:30:41.670,4.748,16000
2020-08-10 09:30:41.670,4.748,10000
2020-08-10 09:30:42.160,4.748,100
2020-08-10 09:30:42.630,4.748,2000
2020-08-10 09:30:43.090,4.749,100
2020-08-10 09:30:43.090,4.749,100
2020-08-10 09:30:43.090,4.75,100
2020-08-10 09:30:43.090,4.75,3000
2020-08-10 09:30:43.090,4.75,100
2020-08-10 09:30:43.090,4.75,1000
2020-08-10 09:30:43.090,4.75,300
2020-08-10 09:30:43.090,4.75,1000
2020-08-10 09:30:43.090,4.75,1700
2020-08-10 09:30:44.600,4.75,23300
2020-08-10 09:30:44.600,4.75,100
2020-08-10 09:30:44.600,4.75,6000
2020-08-10 09:30:44.600,4.75,5000
2020-08-10 09:30:44.600,4.75,10000
2020-08-10 09:30:44.600,4.75,11000
2020-08-10 09:30:44.600,4.75,5000
2020-08-10 09:30:44.600,4.75,2000
2020-08-10 09:30:44.600,4.75,500
2020-08-10 09:30:44.600,4.75,10400
2020-08-10 09:30:44.600,4.75,15000
2020-08-10 09:30:46.250,4.752,3700
2020-08-10 09:30:46.440,4.747,79000
2020-08-10 09:30:47.770,4.746,1000
2020-08-10 09:30:47.770,4.746,100
2020-08-10 09:30:47.770,4.745,3900
2020-08-10 09:30:49.070,4.748,2100
2020-08-10 09:30:49.760,4.748,500
2020-08-10 09:30:50.010,4.745,600
2020-08-10 09:30:50.010,4.745,1100
2020-08-10 09:30:51.060,4.742,300
2020-08-10 09:30:51.060,4.742,5000
2020-08-10 09:30:52.840,4.747,4000
2020-08-10 09:30:53.140,4.741,51500
2020-08-10 09:30:53.600,4.747,900
2020-08-10 09:30:55.560,4.745,3500
2020-08-10 09:30:55.560,4.746,496500
2020-08-10 09:30:57.290,4.746,113500
2020-08-10 09:30:57.790,4.746,400
2020-08-10 09:30:57.980,4.746,22000
2020-08-10 09:30:57.980,4.746,3000
2020-08-10 09:30:58.610,4.746,100
2020-08-10 09:30:58.610,4.746,500
2020-08-10 09:30:58.750,4.746,5200
2020-08-10 09:30:58.830,4.746,100
2020-08-10 09:30:59.210,4.747,100
2020-08-10 09:31:00.840,4.743,10900
2020-08-10 09:31:00.900,4.744,5000
2020-08-10 09:31:01.260,4.743,400
2020-08-10 09:31:02.160,4.744,500
2020-08-10 09:31:02.510,4.743,3400
2020-08-10 09:31:03.220,4.744,200
2020-08-10 09:31:04.050,4.743,6400
2020-08-10 09:31:04.520,4.744,1500
2020-08-10 09:31:05.550,4.743,1900
2020-08-10 09:31:05.550,4.743,1400
2020-08-10 09:31:05.820,4.743,3600
2020-08-10 09:31:06.050,4.742,10000
2020-08-10 09:31:08.540,4.743,20000
2020-08-10 09:31:08.800,4.743,200
2020-08-10 09:31:08.980,4.742,100
2020-08-10 09:31:08.980,4.742,500
2020-08-10 09:31:09.500,4.742,600
2020-08-10 09:31:09.670,4.743,2600
2020-08-10 09:31:10.010,4.742,600
2020-08-10 09:31:10.510,4.743,1000
2020-08-10 09:31:10.570,4.742,600
2020-08-10 09:31:10.960,4.743,1000
2020-08-10 09:31:11.090,4.742,600
2020-08-10 09:31:11.520,4.742,200
2020-08-10 09:31:11.520,4.742,100
2020-08-10 09:31:11.580,4.741,100
2020-08-10 09:31:11.580,4.741,2000
2020-08-10 09:31:11.580,4.741,600
2020-08-10 09:31:11.610,4.743,100
2020-08-10 09:31:11.680,4.743,1900
2020-08-10 09:31:12.150,4.743,30800
2020-08-10 09:31:12.150,4.743,2600
2020-08-10 09:31:12.150,4.743,2000
2020-08-10 09:31:12.150,4.743,3200
2020-08-10 09:31:12.150,4.743,10000
2020-08-10 09:31:12.150,4.743,2100
2020-08-10 09:31:12.150,4.743,27200
2020-08-10 09:31:12.210,4.741,7400
2020-08-10 09:31:12.210,4.741,100000
2020-08-10 09:31:12.210,4.741,1200
2020-08-10 09:31:12.860,4.743,4200
2020-08-10 09:31:12.920,4.743,6300
2020-08-10 09:31:13.150,4.743,24100
2020-08-10 09:31:13.470,4.74,145800
2020-08-10 09:31:14.700,4.742,5000
2020-08-10 09:31:15.050,4.74,53200
2020-08-10 09:31:15.050,4.74,3000
2020-08-10 09:31:15.050,4.74,500
2020-08-10 09:31:15.050,4.74,500
2020-08-10 09:31:15.050,4.74,500
2020-08-10 09:31:15.050,4.74,400
2020-08-10 09:31:15.050,4.74,4000
2020-08-10 09:31:15.050,4.74,1700
2020-08-10 09:31:15.050,4.74,5500
2020-08-10 09:31:15.050,4.74,10000
2020-08-10 09:31:15.050,4.74,11000
2020-08-10 09:31:15.050,4.74,3900
2020-08-10 09:31:15.050,4.74,500
2020-08-10 09:31:15.410,4.741,2100
2020-08-10 09:31:16.680,4.741,100
2020-08-10 09:31:17.060,4.739,46000
2020-08-10 09:31:17.060,4.739,2000
2020-08-10 09:31:17.060,4.739,10000
2020-08-10 09:31:17.360,4.741,2000
2020-08-10 09:31:18.390,4.74,100
2020-08-10 09:31:19.620,4.739,100
2020-08-10 09:31:20.040,4.738,200
2020-08-10 09:31:20.090,4.737,2000
2020-08-10 09:31:20.090,4.737,500
2020-08-10 09:31:20.090,4.737,3600
2020-08-10 09:31:20.090,4.737,800
2020-08-10 09:31:21.870,4.738,7200
2020-08-10 09:31:22.980,4.737,5000
2020-08-10 09:31:23.070,4.735,2500
2020-08-10 09:31:23.070,4.735,15500
2020-08-10 09:31:24.630,4.736,100
2020-08-10 09:31:25.150,4.735,4500
2020-08-10 09:31:25.150,4.735,1000
2020-08-10 09:31:25.150,4.735,500
2020-08-10 09:31:25.150,4.735,200
2020-08-10 09:31:25.150,4.735,500
2020-08-10 09:31:25.150,4.735,10000
2020-08-10 09:31:25.370,4.736,100
2020-08-10 09:31:26.990,4.736,3000
2020-08-10 09:31:27.690,4.736,2000
2020-08-10 09:31:28.230,4.735,21300
2020-08-10 09:31:28.610,4.734,10000
2020-08-10 09:31:28.610,4.734,5000
2020-08-10 09:31:28.610,4.734,5000
2020-08-10 09:31:29.920,4.735,3100
2020-08-10 09:31:30.010,4.735,1000
2020-08-10 09:31:31.250,4.735,1000
2020-08-10 09:31:31.500,4.735,100
2020-08-10 09:31:31.500,4.735,100
2020-08-10 09:31:32.060,4.734,5000
2020-08-10 09:31:32.060,4.734,2000
2020-08-10 09:31:32.060,4.734,700
2020-08-10 09:31:32.060,4.734,14600
2020-08-10 09:31:32.060,4.734,20000
2020-08-10 09:31:32.060,4.734,800
2020-08-10 09:31:32.060,4.734,10000
2020-08-10 09:31:32.060,4.734,400
2020-08-10 09:31:32.060,4.734,20000
2020-08-10 09:31:32.060,4.734,50000
2020-08-10 09:31:32.060,4.734,200
2020-08-10 09:31:33.390,4.735,500
2020-08-10 09:31:33.580,4.735,2000
2020-08-10 09:31:33.660,4.735,500
2020-08-10 09:31:33.810,4.735,100
2020-08-10 09:31:33.830,4.734,3900
2020-08-10 09:31:33.830,4.734,1000
2020-08-10 09:31:33.830,4.734,5000
2020-08-10 09:31:33.830,4.734,1100
2020-08-10 09:31:33.830,4.734,100
2020-08-10 09:31:33.830,4.734,5000
2020-08-10 09:31:33.830,4.734,2500
2020-08-10 09:31:33.830,4.734,100
2020-08-10 09:31:33.830,4.734,10000
2020-08-10 09:31:33.830,4.734,1000
2020-08-10 09:31:33.830,4.734,100
2020-08-10 09:31:33.830,4.734,200
2020-08-10 09:31:34.190,4.735,6400
2020-08-10 09:31:34.190,4.735,13600
2020-08-10 09:31:34.670,4.735,6400
2020-08-10 09:31:34.670,4.735,100
2020-08-10 09:31:34.670,4.735,9000
2020-08-10 09:31:34.670,4.736,27500
2020-08-10 09:31:35.250,4.736,150000
2020-08-10 09:31:36.070,4.734,100
2020-08-10 09:31:36.070,4.734,500
2020-08-10 09:31:36.070,4.734,100
2020-08-10 09:31:36.070,4.734,10000
2020-08-10 09:31:36.070,4.734,200
2020-08-10 09:31:36.070,4.734,4100
2020-08-10 09:31:36.240,4.735,1000
2020-08-10 09:31:36.430,4.734,500
2020-08-10 09:31:36.470,4.734,10000
2020-08-10 09:31:36.470,4.735,500
2020-08-10 09:31:36.750,4.735,4200
2020-08-10 09:31:37.170,4.735,4000
2020-08-10 09:31:37.920,4.734,22700
2020-08-10 09:31:38.300,4.735,500
2020-08-10 09:31:38.300,4.735,15000
2020-08-10 09:31:38.410,4.735,500
2020-08-10 09:31:38.730,4.735,4300
2020-08-10 09:31:39.960,4.735,3100
2020-08-10 09:31:41.300,4.735,200
2020-08-10 09:31:41.820,4.735,400
2020-08-10 09:31:43.140,4.736,1000
2020-08-10 09:31:43.550,4.735,100
2020-08-10 09:31:43.720,4.735,1700
2020-08-10 09:31:43.980,4.736,4000
2020-08-10 09:31:44.470,4.736,1100
2020-08-10 09:31:44.590,4.735,200
2020-08-10 09:31:44.940,4.735,10000
2020-08-10 09:31:45.070,4.734,1200
2020-08-10 09:31:45.600,4.734,1200
2020-08-10 09:31:45.600,4.734,300
2020-08-10 09:31:45.600,4.734,5000
2020-08-10 09:31:45.600,4.734,100
2020-08-10 09:31:45.600,4.734,2100
2020-08-10 09:31:45.600,4.734,3000
2020-08-10 09:31:45.600,4.734,500
2020-08-10 09:31:45.600,4.734,100
2020-08-10 09:31:45.600,4.734,2500
2020-08-10 09:31:45.600,4.734,2000
2020-08-10 09:31:45.600,4.734,1000
2020-08-10 09:31:45.600,4.734,10000
2020-08-10 09:31:45.600,4.734,200
2020-08-10 09:31:45.600,4.734,400
2020-08-10 09:31:45.600,4.734,500
2020-08-10 09:31:45.600,4.734,200
2020-08-10 09:31:45.600,4.734,300
2020-08-10 09:31:45.600,4.734,50000
2020-08-10 09:31:45.600,4.734,500
2020-08-10 09:31:45.600,4.734,300
2020-08-10 09:31:45.600,4.734,1000
2020-08-10 09:31:45.600,4.734,400
2020-08-10 09:31:45.600,4.734,50000
2020-08-10 09:31:45.600,4.734,1300
2020-08-10 09:31:45.600,4.734,400
2020-08-10 09:31:45.600,4.734,1000
2020-08-10 09:31:45.600,4.734,100
2020-08-10 09:31:45.600,4.734,1000
2020-08-10 09:31:45.600,4.734,5000
2020-08-10 09:31:45.600,4.734,100
2020-08-10 09:31:45.600,4.734,400
2020-08-10 09:31:45.600,4.734,10400
2020-08-10 09:31:45.600,4.733,30000
2020-08-10 09:31:45.600,4.733,200
2020-08-10 09:31:45.600,4.733,2000
2020-08-10 09:31:45.600,4.733,2000
2020-08-10 09:31:45.600,4.733,100
2020-08-10 09:31:45.600,4.733,1300
2020-08-10 09:31:45.600,4.733,200
2020-08-10 09:31:45.600,4.733,10000
2020-08-10 09:31:45.600,4.733,10000
2020-08-10 09:31:45.600,4.733,5000
2020-08-10 09:31:45.600,4.733,50000
2020-08-10 09:31:45.600,4.733,1900
2020-08-10 09:31:45.600,4.733,5000
2020-08-10 09:31:45.600,4.733,2000
2020-08-10 09:31:45.600,4.733,500
2020-08-10 09:31:45.600,4.733,1000
2020-08-10 09:31:45.600,4.733,300
2020-08-10 09:31:45.600,4.733,1000
2020-08-10 09:31:45.600,4.733,3000
2020-08-10 09:31:45.600,4.733,5000
2020-08-10 09:31:45.600,4.733,3000
2020-08-10 09:31:46.310,4.734,38000
2020-08-10 09:31:46.390,4.734,7300
2020-08-10 09:31:46.390,4.734,12700
2020-08-10 09:31:46.580,4.732,4000
2020-08-10 09:31:46.580,4.732,1600
2020-08-10 09:31:46.580,4.732,1100
2020-08-10 09:31:46.580,4.732,10000
2020-08-10 09:31:46.580,4.732,19700
2020-08-10 09:31:46.580,4.732,600
2020-08-10 09:31:46.580,4.732,4000
2020-08-10 09:31:46.580,4.732,2100
2020-08-10 09:31:46.580,4.732,400
2020-08-10 09:31:46.580,4.732,1000
2020-08-10 09:31:46.580,4.732,20000
2020-08-10 09:31:46.580,4.732,100
2020-08-10 09:31:46.580,4.732,10000
2020-08-10 09:31:46.580,4.732,50000
2020-08-10 09:31:46.580,4.732,500
2020-08-10 09:31:47.740,4.732,3000
2020-08-10 09:31:47.830,4.732,20000
2020-08-10 09:31:47.950,4.731,10000
2020-08-10 09:31:47.950,4.731,4000
2020-08-10 09:31:47.950,4.731,10100
2020-08-10 09:31:47.950,4.731,11200
2020-08-10 09:31:47.950,4.731,3100
2020-08-10 09:31:47.950,4.731,5000
2020-08-10 09:31:47.950,4.731,20000
2020-08-10 09:31:47.950,4.731,1000
2020-08-10 09:31:47.950,4.731,1000
2020-08-10 09:31:47.950,4.731,500
2020-08-10 09:31:47.950,4.731,1400
2020-08-10 09:31:47.950,4.731,100
2020-08-10 09:31:47.950,4.731,300
2020-08-10 09:31:47.950,4.731,1700
2020-08-10 09:31:47.950,4.731,300
2020-08-10 09:31:47.950,4.731,50000
2020-08-10 09:31:47.950,4.731,400
2020-08-10 09:31:47.950,4.731,500
2020-08-10 09:31:47.950,4.731,5000
2020-08-10 09:31:47.950,4.731,600
2020-08-10 09:31:47.950,4.73,5000
2020-08-10 09:31:47.950,4.73,5300
2020-08-10 09:31:47.950,4.73,1000
2020-08-10 09:31:47.950,4.73,5300
2020-08-10 09:31:47.950,4.73,100
2020-08-10 09:31:47.950,4.73,3000
2020-08-10 09:31:47.950,4.73,4500
2020-08-10 09:31:47.950,4.73,2000
2020-08-10 09:31:47.950,4.73,2500
2020-08-10 09:31:47.950,4.73,5500
2020-08-10 09:31:47.950,4.73,3000
2020-08-10 09:31:47.950,4.73,3000
2020-08-10 09:31:47.950,4.73,200
2020-08-10 09:31:47.950,4.73,3000
2020-08-10 09:31:47.950,4.73,2500
2020-08-10 09:31:47.950,4.73,900
2020-08-10 09:31:47.950,4.73,300
2020-08-10 09:31:47.950,4.73,11000
2020-08-10 09:31:47.950,4.73,5000
2020-08-10 09:31:47.950,4.73,1000
2020-08-10 09:31:47.950,4.73,200
2020-08-10 09:31:47.950,4.73,34000
2020-08-10 09:31:47.950,4.73,1000
2020-08-10 09:31:47.950,4.73,100
2020-08-10 09:31:47.950,4.73,300
2020-08-10 09:31:47.950,4.73,200
2020-08-10 09:31:47.950,4.73,400
2020-08-10 09:31:47.950,4.73,100
2020-08-10 09:31:47.950,4.73,38800
2020-08-10 09:31:47.950,4.73,2200
2020-08-10 09:31:47.950,4.73,1000
2020-08-10 09:31:47.950,4.73,12100
2020-08-10 09:31:47.950,4.73,10000
2020-08-10 09:31:47.950,4.73,1000
2020-08-10 09:31:47.950,4.73,2500
2020-08-10 09:31:47.950,4.73,100
2020-08-10 09:31:47.950,4.73,1000
2020-08-10 09:31:47.950,4.73,5000
2020-08-10 09:31:47.950,4.73,300
2020-08-10 09:31:47.950,4.73,100
2020-08-10 09:31:47.950,4.73,300
2020-08-10 09:31:47.950,4.73,5000
2020-08-10 09:31:47.950,4.73,200
2020-08-10 09:31:47.950,4.73,500
2020-08-10 09:31:47.950,4.73,6800
2020-08-10 09:31:47.950,4.73,1500
2020-08-10 09:31:48.110,4.73,3500
2020-08-10 09:31:48.110,4.73,300
2020-08-10 09:31:48.110,4.73,1000
2020-08-10 09:31:48.110,4.73,2000
2020-08-10 09:31:48.110,4.73,500
2020-08-10 09:31:48.110,4.73,500
2020-08-10 09:31:48.110,4.73,5000
2020-08-10 09:31:48.110,4.73,1500
2020-08-10 09:31:48.110,4.73,2000
2020-08-10 09:31:48.110,4.73,500
2020-08-10 09:31:48.110,4.73,1000
2020-08-10 09:31:48.110,4.73,10000
2020-08-10 09:31:48.110,4.73,4200
2020-08-10 09:31:48.110,4.73,200
2020-08-10 09:31:48.110,4.73,3000
2020-08-10 09:31:48.110,4.73,1500
2020-08-10 09:31:48.110,4.73,200
2020-08-10 09:31:48.110,4.73,10000
2020-08-10 09:31:48.110,4.73,100
2020-08-10 09:31:48.110,4.73,5000
2020-08-10 09:31:48.110,4.73,500
2020-08-10 09:31:48.110,4.73,100
2020-08-10 09:31:48.110,4.729,100
2020-08-10 09:31:48.110,4.729,100
2020-08-10 09:31:48.110,4.729,600
2020-08-10 09:31:48.110,4.729,1000
2020-08-10 09:31:48.110,4.729,300
2020-08-10 09:31:48.110,4.729,300
2020-08-10 09:31:48.110,4.729,200
2020-08-10 09:31:48.110,4.729,100
2020-08-10 09:31:48.110,4.729,46600
2020-08-10 09:31:48.280,4.729,1200
2020-08-10 09:31:48.280,4.729,2600
2020-08-10 09:31:49.230,4.731,5000
2020-08-10 09:31:49.580,4.731,2000
2020-08-10 09:31:50.070,4.731,20000
2020-08-10 09:31:50.210,4.731,3000
2020-08-10 09:31:51.270,4.731,100
2020-08-10 09:31:51.460,4.731,5000
2020-08-10 09:31:52.740,4.731,2500
2020-08-10 09:31:53.040,4.731,100
2020-08-10 09:31:53.670,4.731,36300
2020-08-10 09:31:54.990,4.731,200
2020-08-10 09:31:55.460,4.731,2900
2020-08-10 09:31:56.040,4.731,1000
2020-08-10 09:31:56.560,4.731,4000
2020-08-10 09:31:57.180,4.731,10000
2020-08-10 09:31:57.920,4.73,2000
2020-08-10 09:31:57.920,4.73,2200
2020-08-10 09:31:58.370,4.73,21600
2020-08-10 09:31:58.370,4.731,3400
2020-08-10 09:31:58.660,4.731,100
2020-08-10 09:32:01.470,4.731,100
2020-08-10 09:32:01.550,4.731,200
2020-08-10 09:32:01.910,4.731,200
2020-08-10 09:32:02.520,4.728,500
2020-08-10 09:32:02.520,4.728,16900
2020-08-10 09:32:02.520,4.728,1000
2020-08-10 09:32:02.520,4.728,10000
2020-08-10 09:32:02.520,4.728,3000
2020-08-10 09:32:02.520,4.728,4500
2020-08-10 09:32:02.520,4.727,5000
2020-08-10 09:32:02.520,4.727,30000
2020-08-10 09:32:02.630,4.727,10100
2020-08-10 09:32:03.260,4.727,29000
2020-08-10 09:32:03.640,4.73,1000
2020-08-10 09:32:03.710,4.73,3300
2020-08-10 09:32:03.710,4.73,11700
2020-08-10 09:32:03.850,4.73,100
2020-08-10 09:32:04.360,4.728,2000
2020-08-10 09:32:04.640,4.728,6300
2020-08-10 09:32:05.780,4.73,600
2020-08-10 09:32:06.000,4.73,2000
2020-08-10 09:32:06.250,4.729,1200
2020-08-10 09:32:06.250,4.728,300
2020-08-10 09:32:06.370,4.73,5600
2020-08-10 09:32:06.370,4.73,300
2020-08-10 09:32:06.480,4.73,1700
2020-08-10 09:32:06.480,4.73,300
2020-08-10 09:32:06.480,4.728,1000
2020-08-10 09:32:07.330,4.731,4500
2020-08-10 09:32:07.330,4.731,2500
2020-08-10 09:32:07.790,4.731,11700
2020-08-10 09:32:07.790,4.731,13300
2020-08-10 09:32:08.050,4.733,125000
2020-08-10 09:32:08.050,4.733,5000
2020-08-10 09:32:08.110,4.734,1800
2020-08-10 09:32:08.110,4.734,3900
2020-08-10 09:32:08.110,4.735,4300
2020-08-10 09:32:08.110,4.735,250000
2020-08-10 09:32:08.110,4.735,800
2020-08-10 09:32:08.110,4.735,39200
2020-08-10 09:32:08.250,4.731,1300
2020-08-10 09:32:08.830,4.735,3000
2020-08-10 09:32:08.990,4.733,6700
2020-08-10 09:32:09.770,4.732,30000
2020-08-10 09:32:09.770,4.731,2000
2020-08-10 09:32:09.850,4.736,800
2020-08-10 09:32:13.260,4.734,800
2020-08-10 09:32:13.800,4.736,4200
2020-08-10 09:32:14.040,4.737,46500
2020-08-10 09:32:14.580,4.736,6700
2020-08-10 09:32:17.930,4.736,19100
2020-08-10 09:32:17.930,4.735,30000
2020-08-10 09:32:17.930,4.735,100
2020-08-10 09:32:19.010,4.735,600
2020-08-10 09:32:19.060,4.733,3000
2020-08-10 09:32:19.160,4.735,1700
2020-08-10 09:32:19.210,4.736,300
2020-08-10 09:32:19.740,4.737,30000
2020-08-10 09:32:19.740,4.736,20000
2020-08-10 09:32:19.960,4.74,500
2020-08-10 09:32:20.860,4.736,1000
2020-08-10 09:32:21.940,4.737,300
2020-08-10 09:32:21.990,4.74,820000
2020-08-10 09:32:22.540,4.737,1000
2020-08-10 09:32:23.600,4.74,11000
2020-08-10 09:32:23.600,4.74,100
2020-08-10 09:32:23.600,4.74,500
2020-08-10 09:32:24.020,4.741,600
2020-08-10 09:32:24.970,4.74,3500
2020-08-10 09:32:26.110,4.74,700
2020-08-10 09:32:26.400,4.74,600
2020-08-10 09:32:26.520,4.74,93400
2020-08-10 09:32:27.070,4.742,8000
2020-08-10 09:32:27.340,4.742,200
2020-08-10 09:32:28.040,4.743,2900
2020-08-10 09:32:28.040,4.743,200
2020-08-10 09:32:28.040,4.743,11100
2020-08-10 09:32:28.290,4.742,8300
2020-08-10 09:32:28.630,4.742,183500
2020-08-10 09:32:28.630,4.741,30000
2020-08-10 09:32:28.630,4.74,66500
2020-08-10 09:32:29.070,4.744,300
2020-08-10 09:32:29.240,4.744,2700
2020-08-10 09:32:29.240,4.744,300
2020-08-10 09:32:29.970,4.742,21900
2020-08-10 09:32:30.290,4.744,2000
2020-08-10 09:32:31.170,4.741,1800
2020-08-10 09:32:31.520,4.743,15000
2020-08-10 09:32:33.120,4.743,1200
2020-08-10 09:32:33.510,4.744,8000
2020-08-10 09:32:33.650,4.743,206500
2020-08-10 09:32:33.650,4.743,9300
2020-08-10 09:32:33.970,4.741,1800
2020-08-10 09:32:33.970,4.741,1000
2020-08-10 09:32:33.970,4.741,500
2020-08-10 09:32:34.030,4.741,1000
2020-08-10 09:32:34.650,4.741,100
2020-08-10 09:32:34.840,4.741,100
2020-08-10 09:32:35.800,4.741,1000
2020-08-10 09:32:35.890,4.741,500
2020-08-10 09:32:37.260,4.744,2400
2020-08-10 09:32:37.260,4.744,1000
2020-08-10 09:32:37.260,4.744,400
2020-08-10 09:32:37.370,4.744,200
2020-08-10 09:32:37.370,4.741,600
2020-08-10 09:32:37.370,4.74,17300
2020-08-10 09:32:38.000,4.744,100
2020-08-10 09:32:39.290,4.744,2900
2020-08-10 09:32:39.290,4.744,27100
2020-08-10 09:32:39.600,4.743,1100
2020-08-10 09:32:39.600,4.741,100
2020-08-10 09:32:39.800,4.74,20000
2020-08-10 09:32:39.850,4.74,600
2020-08-10 09:32:41.340,4.74,1000
2020-08-10 09:32:41.590,4.74,11100
2020-08-10 09:32:41.590,4.74,10000
2020-08-10 09:32:41.590,4.74,2200
2020-08-10 09:32:41.590,4.74,200
2020-08-10 09:32:41.590,4.74,100
2020-08-10 09:32:41.590,4.74,300
2020-08-10 09:32:41.590,4.74,200
2020-08-10 09:32:41.830,4.739,300
2020-08-10 09:32:41.830,4.739,1000
2020-08-10 09:32:41.830,4.739,1000
2020-08-10 09:32:41.830,4.739,4700
2020-08-10 09:32:42.220,4.741,200
2020-08-10 09:32:43.720,4.741,3400
2020-08-10 09:32:44.070,4.741,100
2020-08-10 09:32:44.610,4.741,100
2020-08-10 09:32:45.660,4.743,300
2020-08-10 09:32:46.090,4.741,18200
2020-08-10 09:32:47.010,4.74,10000
2020-08-10 09:32:47.010,4.74,4200
2020-08-10 09:32:48.640,4.743,1500
2020-08-10 09:32:49.490,4.741,2200
2020-08-10 09:32:50.470,4.74,1200
2020-08-10 09:32:51.910,4.741,5000
2020-08-10 09:32:52.380,4.741,1000
2020-08-10 09:32:53.060,4.74,4600
2020-08-10 09:32:53.060,4.74,2000
2020-08-10 09:32:53.060,4.74,10000
2020-08-10 09:32:53.060,4.74,200
2020-08-10 09:32:53.060,4.74,2000
2020-08-10 09:32:53.060,4.74,2000
2020-08-10 09:32:53.060,4.74,300
2020-08-10 09:32:53.060,4.74,500
2020-08-10 09:32:54.660,4.741,10400
2020-08-10 09:32:54.660,4.741,500
2020-08-10 09:32:54.660,4.741,39100
2020-08-10 09:32:56.260,4.741,5000
2020-08-10 09:32:56.260,4.741,100
2020-08-10 09:32:56.260,4.743,14900
2020-08-10 09:32:58.540,4.741,10000
2020-08-10 09:32:58.850,4.741,3000
2020-08-10 09:32:59.130,4.741,29500
2020-08-10 09:32:59.130,4.741,100
2020-08-10 09:32:59.550,4.741,300
2020-08-10 09:32:59.710,4.741,5000
2020-08-10 09:33:00.780,4.741,5000
2020-08-10 09:33:01.120,4.74,50000
2020-08-10 09:33:01.120,4.74,200
2020-08-10 09:33:01.120,4.74,7000
2020-08-10 09:33:01.120,4.74,100
2020-08-10 09:33:01.120,4.74,500
2020-08-10 09:33:01.120,4.74,2000
2020-08-10 09:33:01.120,4.74,3000
2020-08-10 09:33:01.120,4.74,5000
2020-08-10 09:33:01.120,4.74,82300
2020-08-10 09:33:02.360,4.741,2800
2020-08-10 09:33:03.420,4.741,4100
2020-08-10 09:33:03.990,4.741,10000
2020-08-10 09:33:04.930,4.741,1300
2020-08-10 09:33:05.050,4.741,21900
2020-08-10 09:33:05.050,4.741,2500
2020-08-10 09:33:05.050,4.741,2200
2020-08-10 09:33:05.860,4.741,1000
2020-08-10 09:33:07.720,4.742,300
2020-08-10 09:33:07.720,4.741,700
2020-08-10 09:33:08.230,4.741,100
2020-08-10 09:33:08.230,4.741,100
2020-08-10 09:33:08.250,4.741,100
2020-08-10 09:33:08.250,4.741,100
2020-08-10 09:33:08.250,4.741,100
2020-08-10 09:33:08.250,4.741,100
2020-08-10 09:33:08.250,4.741,100
2020-08-10 09:33:08.250,4.741,100
2020-08-10 09:33:08.250,4.741,100
2020-08-10 09:33:08.250,4.741,100
2020-08-10 09:33:08.250,4.741,100
2020-08-10 09:33:08.250,4.741,100
2020-08-10 09:33:08.250,4.741,100
2020-08-10 09:33:08.310,4.741,100
2020-08-10 09:33:08.310,4.741,100
2020-08-10 09:33:08.310,4.741,100
2020-08-10 09:33:08.370,4.741,100
2020-08-10 09:33:08.370,4.741,100
2020-08-10 09:33:08.370,4.741,100
2020-08-10 09:33:08.370,4.741,100
2020-08-10 09:33:08.370,4.741,100
2020-08-10 09:33:08.430,4.741,100
2020-08-10 09:33:08.430,4.741,100
2020-08-10 09:33:08.430,4.741,100
2020-08-10 09:33:08.430,4.741,100
2020-08-10 09:33:08.430,4.741,100
2020-08-10 09:33:08.430,4.741,100
2020-08-10 09:33:08.430,4.741,100
2020-08-10 09:33:08.430,4.741,100
2020-08-10 09:33:08.430,4.741,100
2020-08-10 09:33:08.430,4.741,100
2020-08-10 09:33:08.430,4.741,100
2020-08-10 09:33:08.430,4.741,100
2020-08-10 09:33:08.430,4.741,100
2020-08-10 09:33:08.430,4.741,100
2020-08-10 09:33:08.430,4.741,100
2020-08-10 09:33:08.430,4.741,100
2020-08-10 09:33:08.490,4.741,100
2020-08-10 09:33:08.490,4.741,100
2020-08-10 09:33:08.490,4.741,100
2020-08-10 09:33:08.490,4.741,100
2020-08-10 09:33:08.490,4.741,100
2020-08-10 09:33:08.490,4.741,100
2020-08-10 09:33:08.490,4.741,100
2020-08-10 09:33:08.580,4.741,100
2020-08-10 09:33:08.580,4.741,100
2020-08-10 09:33:08.580,4.741,100
2020-08-10 09:33:08.580,4.741,100
2020-08-10 09:33:08.580,4.741,100
2020-08-10 09:33:08.580,4.741,100
2020-08-10 09:33:08.600,4.741,100
2020-08-10 09:33:08.600,4.741,100
2020-08-10 09:33:08.600,4.741,100
2020-08-10 09:33:08.630,4.741,100
2020-08-10 09:33:08.630,4.741,100
2020-08-10 09:33:08.630,4.741,100
2020-08-10 09:33:08.700,4.741,100
2020-08-10 09:33:08.700,4.741,100
2020-08-10 09:33:08.700,4.741,100
2020-08-10 09:33:08.700,4.741,100
2020-08-10 09:33:08.700,4.741,100
2020-08-10 09:33:08.740,4.743,400
2020-08-10 09:33:08.740,4.741,100
2020-08-10 09:33:08.800,4.741,100
2020-08-10 09:33:08.800,4.741,100
2020-08-10 09:33:08.800,4.741,100
2020-08-10 09:33:08.800,4.741,100
2020-08-10 09:33:08.800,4.741,100
2020-08-10 09:33:08.890,4.741,100
2020-08-10 09:33:08.890,4.741,100
2020-08-10 09:33:08.890,4.741,100
2020-08-10 09:33:08.890,4.741,100
2020-08-10 09:33:08.890,4.741,100
2020-08-10 09:33:08.890,4.741,100
2020-08-10 09:33:08.910,4.741,100
2020-08-10 09:33:08.970,4.741,26500
2020-08-10 09:33:08.970,4.741,3000
2020-08-10 09:33:08.970,4.74,10000
2020-08-10 09:33:08.970,4.74,100
2020-08-10 09:33:08.970,4.74,100
2020-08-10 09:33:08.970,4.74,100
2020-08-10 09:33:08.970,4.74,100
2020-08-10 09:33:08.970,4.74,100
2020-08-10 09:33:08.970,4.74,100
2020-08-10 09:33:08.970,4.74,100
2020-08-10 09:33:09.000,4.74,100
2020-08-10 09:33:09.000,4.74,100
2020-08-10 09:33:09.000,4.74,100
2020-08-10 09:33:09.000,4.74,100
2020-08-10 09:33:09.000,4.74,100
2020-08-10 09:33:09.000,4.74,100
2020-08-10 09:33:09.130,4.742,100
2020-08-10 09:33:09.130,4.742,100
2020-08-10 09:33:09.130,4.742,100
2020-08-10 09:33:09.160,4.742,2700
2020-08-10 09:33:09.340,4.74,600
2020-08-10 09:33:10.070,4.741,4600
2020-08-10 09:33:10.070,4.741,30000
2020-08-10 09:33:10.320,4.742,20000
2020-08-10 09:33:10.620,4.741,3400
2020-08-10 09:33:11.280,4.741,10200
2020-08-10 09:33:11.280,4.74,5800
2020-08-10 09:33:11.280,4.74,5000
2020-08-10 09:33:11.280,4.74,400
2020-08-10 09:33:11.280,4.74,5000
2020-08-10 09:33:11.280,4.74,2100
2020-08-10 09:33:11.280,4.74,1500
2020-08-10 09:33:11.280,4.74,1000
2020-08-10 09:33:11.490,4.74,5000
2020-08-10 09:33:11.810,4.74,600
2020-08-10 09:33:11.830,4.74,23400
2020-08-10 09:33:11.830,4.74,7000
2020-08-10 09:33:11.830,4.74,3400
2020-08-10 09:33:11.830,4.74,600
2020-08-10 09:33:11.870,4.741,2700
2020-08-10 09:33:11.980,4.741,500
2020-08-10 09:33:14.640,4.743,100
2020-08-10 09:33:15.450,4.741,1000
2020-08-10 09:33:15.680,4.743,18000
2020-08-10 09:33:16.530,4.743,10600
2020-08-10 09:33:16.530,4.743,14100
2020-08-10 09:33:16.530,4.743,2000
2020-08-10 09:33:16.530,4.743,10000
2020-08-10 09:33:16.530,4.743,1800
2020-08-10 09:33:16.530,4.743,10000
2020-08-10 09:33:16.530,4.743,5000
2020-08-10 09:33:16.690,4.741,400
2020-08-10 09:33:16.990,4.743,100
2020-08-10 09:33:16.990,4.741,1700
2020-08-10 09:33:17.180,4.741,7300
2020-08-10 09:33:17.180,4.741,8700
2020-08-10 09:33:17.470,4.744,67700
2020-08-10 09:33:18.050,4.741,1300
2020-08-10 09:33:18.050,4.741,100
2020-08-10 09:33:18.050,4.741,8600
2020-08-10 09:33:18.800,4.742,1100
2020-08-10 09:33:19.150,4.742,100
2020-08-10 09:33:19.150,4.742,1900
2020-08-10 09:33:20.100,4.744,5200
2020-08-10 09:33:20.100,4.744,900
2020-08-10 09:33:20.100,4.744,13000
2020-08-10 09:33:20.480,4.742,100
2020-08-10 09:33:20.480,4.742,100
2020-08-10 09:33:20.480,4.742,100
2020-08-10 09:33:20.480,4.742,100
2020-08-10 09:33:20.480,4.742,100
2020-08-10 09:33:20.480,4.742,100
2020-08-10 09:33:20.480,4.742,100
2020-08-10 09:33:20.480,4.742,100
2020-08-10 09:33:20.480,4.742,100
2020-08-10 09:33:20.560,4.742,100
2020-08-10 09:33:20.560,4.742,100
2020-08-10 09:33:20.560,4.742,100
2020-08-10 09:33:20.560,4.742,100
2020-08-10 09:33:20.560,4.742,100
2020-08-10 09:33:20.560,4.742,100
2020-08-10 09:33:20.560,4.742,100
2020-08-10 09:33:20.560,4.742,100
2020-08-10 09:33:20.560,4.742,100
2020-08-10 09:33:20.560,4.742,100
2020-08-10 09:33:20.560,4.742,100
2020-08-10 09:33:20.560,4.742,100
2020-08-10 09:33:20.560,4.742,100
2020-08-10 09:33:20.590,4.742,100
2020-08-10 09:33:20.590,4.742,100
2020-08-10 09:33:20.590,4.742,100
2020-08-10 09:33:20.590,4.742,100
2020-08-10 09:33:20.590,4.742,100
2020-08-10 09:33:20.590,4.742,100
2020-08-10 09:33:20.590,4.742,100
2020-08-10 09:33:20.610,4.742,100
2020-08-10 09:33:20.610,4.742,100
2020-08-10 09:33:20.610,4.742,100
2020-08-10 09:33:20.610,4.742,100
2020-08-10 09:33:20.610,4.742,100
2020-08-10 09:33:20.670,4.743,100
2020-08-10 09:33:20.720,4.743,100
2020-08-10 09:33:20.720,4.743,100
2020-08-10 09:33:20.720,4.743,100
2020-08-10 09:33:20.720,4.743,100
2020-08-10 09:33:20.720,4.743,100
2020-08-10 09:33:20.720,4.743,100
2020-08-10 09:33:20.720,4.743,100
2020-08-10 09:33:20.720,4.743,100
2020-08-10 09:33:20.720,4.743,100
2020-08-10 09:33:20.720,4.743,100
2020-08-10 09:33:20.720,4.743,100
2020-08-10 09:33:20.790,4.743,100
2020-08-10 09:33:20.790,4.743,100
2020-08-10 09:33:20.790,4.743,100
2020-08-10 09:33:20.790,4.743,100
2020-08-10 09:33:20.790,4.743,100
2020-08-10 09:33:20.790,4.743,100
2020-08-10 09:33:20.790,4.743,100
2020-08-10 09:33:20.830,4.743,100
2020-08-10 09:33:20.830,4.743,100
2020-08-10 09:33:20.830,4.743,100
2020-08-10 09:33:20.830,4.743,100
2020-08-10 09:33:20.830,4.743,100
2020-08-10 09:33:20.830,4.743,100
2020-08-10 09:33:20.880,4.743,100
2020-08-10 09:33:20.880,4.743,100
2020-08-10 09:33:20.880,4.743,100
2020-08-10 09:33:20.880,4.743,100
2020-08-10 09:33:20.880,4.743,100
2020-08-10 09:33:20.880,4.743,100
2020-08-10 09:33:20.940,4.743,100
2020-08-10 09:33:20.940,4.743,100
2020-08-10 09:33:20.940,4.743,100
2020-08-10 09:33:20.940,4.743,100
2020-08-10 09:33:20.940,4.743,100
2020-08-10 09:33:20.940,4.743,100
2020-08-10 09:33:20.940,4.743,100
2020-08-10 09:33:20.970,4.743,100
2020-08-10 09:33:20.970,4.743,100
2020-08-10 09:33:20.970,4.743,100
2020-08-10 09:33:20.970,4.743,100
2020-08-10 09:33:20.970,4.743,100
2020-08-10 09:33:20.970,4.743,100
2020-08-10 09:33:20.970,4.743,100
2020-08-10 09:33:20.970,4.743,100
2020-08-10 09:33:21.030,4.743,100
2020-08-10 09:33:21.030,4.743,100
2020-08-10 09:33:21.030,4.743,100
2020-08-10 09:33:21.120,4.743,100
2020-08-10 09:33:21.120,4.743,100
2020-08-10 09:33:21.120,4.743,100
2020-08-10 09:33:21.120,4.743,100
2020-08-10 09:33:21.120,4.743,100
2020-08-10 09:33:21.120,4.743,100
2020-08-10 09:33:21.120,4.743,100
2020-08-10 09:33:22.880,4.744,2000
2020-08-10 09:33:22.880,4.743,400
2020-08-10 09:33:22.880,4.742,100
2020-08-10 09:33:22.880,4.742,200
2020-08-10 09:33:22.880,4.742,4800
2020-08-10 09:33:23.020,4.742,2200
2020-08-10 09:33:23.460,4.745,1000
2020-08-10 09:33:24.270,4.744,5000
2020-08-10 09:33:25.010,4.741,100
2020-08-10 09:33:25.010,4.74,1100
2020-08-10 09:33:26.330,4.743,100
2020-08-10 09:33:29.700,4.744,100
2020-08-10 09:33:29.700,4.744,49000
2020-08-10 09:33:29.700,4.744,900
2020-08-10 09:33:29.780,4.744,4800
2020-08-10 09:33:32.640,4.744,100
2020-08-10 09:33:32.700,4.744,300
2020-08-10 09:33:33.200,4.744,1000
2020-08-10 09:33:33.640,4.744,900
2020-08-10 09:33:33.670,4.743,5000
2020-08-10 09:33:33.850,4.743,1900
2020-08-10 09:33:35.430,4.743,3100
2020-08-10 09:33:35.430,4.744,2600
2020-08-10 09:33:35.430,4.745,4500
2020-08-10 09:33:35.430,4.745,20000
2020-08-10 09:33:35.430,4.745,21300
2020-08-10 09:33:35.430,4.745,2500
2020-08-10 09:33:35.430,4.745,4000
2020-08-10 09:33:35.430,4.745,10000
2020-08-10 09:33:35.430,4.745,77200
2020-08-10 09:33:35.430,4.745,50000
2020-08-10 09:33:35.430,4.745,17400
2020-08-10 09:33:36.700,4.744,400
2020-08-10 09:33:36.720,4.744,700
2020-08-10 09:33:36.720,4.742,100
2020-08-10 09:33:36.720,4.742,1200
2020-08-10 09:33:36.750,4.742,500
2020-08-10 09:33:37.000,4.745,5000
2020-08-10 09:33:38.410,4.743,300
2020-08-10 09:33:38.740,4.743,1200
2020-08-10 09:33:39.480,4.743,500
2020-08-10 09:33:40.720,4.744,2500
2020-08-10 09:33:40.720,4.744,2400
2020-08-10 09:33:40.720,4.745,300
2020-08-10 09:33:40.720,4.745,300
2020-08-10 09:33:40.720,4.745,100
2020-08-10 09:33:40.720,4.745,600
2020-08-10 09:33:43.970,4.744,400
2020-08-10 09:33:43.970,4.744,1600
2020-08-10 09:33:44.130,4.744,1400
2020-08-10 09:33:44.500,4.744,700
2020-08-10 09:33:47.770,4.743,1400
2020-08-10 09:33:47.770,4.743,1700
2020-08-10 09:33:47.770,4.743,2000
2020-08-10 09:33:47.770,4.742,10700
2020-08-10 09:33:47.940,4.744,200
2020-08-10 09:33:48.160,4.744,1700
2020-08-10 09:33:48.350,4.744,3000
2020-08-10 09:33:48.440,4.744,3000
2020-08-10 09:33:48.440,4.744,100
2020-08-10 09:33:48.520,4.745,4400
2020-08-10 09:33:48.520,4.745,600
2020-08-10 09:33:48.770,4.744,100
2020-08-10 09:33:48.870,4.745,100
2020-08-10 09:33:49.180,4.745,200
2020-08-10 09:33:49.420,4.745,100
2020-08-10 09:33:51.450,4.745,9000
2020-08-10 09:33:51.610,4.745,100
2020-08-10 09:33:51.660,4.745,200
2020-08-10 09:33:53.010,4.745,2200
2020-08-10 09:33:53.070,4.744,4900
2020-08-10 09:33:53.070,4.744,2000
2020-08-10 09:33:53.510,4.744,400
2020-08-10 09:33:54.520,4.745,3400
2020-08-10 09:33:58.030,4.745,100
2020-08-10 09:34:01.850,4.745,1300
2020-08-10 09:34:01.850,4.745,14700
2020-08-10 09:34:02.780,4.744,1500
2020-08-10 09:34:03.250,4.744,100
2020-08-10 09:34:03.250,4.744,24900
2020-08-10 09:34:03.300,4.745,2200
2020-08-10 09:34:03.410,4.745,1300
2020-08-10 09:34:03.490,4.745,31800
2020-08-10 09:34:03.490,4.745,2000
2020-08-10 09:34:03.490,4.745,1000
2020-08-10 09:34:03.490,4.745,19800
2020-08-10 09:34:04.230,4.744,5100
2020-08-10 09:34:04.230,4.744,5000
2020-08-10 09:34:04.580,4.745,10200
2020-08-10 09:34:05.380,4.744,1200
2020-08-10 09:34:05.640,4.744,1300
2020-08-10 09:34:05.640,4.744,5700
2020-08-10 09:34:05.640,4.744,3000
2020-08-10 09:34:05.640,4.744,3000
2020-08-10 09:34:06.000,4.744,2000
2020-08-10 09:34:06.030,4.744,64000
2020-08-10 09:34:06.030,4.744,1000
2020-08-10 09:34:06.320,4.745,100
2020-08-10 09:34:06.320,4.745,2100
2020-08-10 09:34:06.350,4.745,8600
2020-08-10 09:34:06.350,4.745,500
2020-08-10 09:34:06.350,4.745,100
2020-08-10 09:34:06.670,4.745,2200
2020-08-10 09:34:06.670,4.744,1000
2020-08-10 09:34:06.670,4.744,1800
2020-08-10 09:34:06.730,4.745,500
2020-08-10 09:34:07.150,4.745,1600
2020-08-10 09:34:07.150,4.744,3200
2020-08-10 09:34:07.560,4.744,6900
2020-08-10 09:34:07.720,4.744,8300
2020-08-10 09:34:09.670,4.746,4000
2020-08-10 09:34:09.670,4.746,20000
2020-08-10 09:34:09.670,4.746,20000
2020-08-10 09:34:09.670,4.746,2000
2020-08-10 09:34:10.610,4.747,100
2020-08-10 09:34:10.840,4.748,600
2020-08-10 09:34:10.840,4.748,1500
2020-08-10 09:34:10.840,4.748,27900
2020-08-10 09:34:10.920,4.747,25400
2020-08-10 09:34:11.630,4.747,9900
2020-08-10 09:34:11.770,4.747,10200
2020-08-10 09:34:12.200,4.748,22100
2020-08-10 09:34:12.200,4.749,100
2020-08-10 09:34:12.200,4.749,7800
2020-08-10 09:34:13.420,4.748,10000
2020-08-10 09:34:13.970,4.749,2200
2020-08-10 09:34:13.970,4.749,200
2020-08-10 09:34:14.130,4.75,1000
2020-08-10 09:34:14.130,4.75,29000
2020-08-10 09:34:15.750,4.75,11000
2020-08-10 09:34:15.750,4.75,500
2020-08-10 09:34:15.750,4.75,3000
2020-08-10 09:34:15.750,4.75,11000
2020-08-10 09:34:15.750,4.75,500
2020-08-10 09:34:15.750,4.75,35000
2020-08-10 09:34:15.750,4.75,1000
2020-08-10 09:34:15.750,4.75,1100
2020-08-10 09:34:15.750,4.75,1000
2020-08-10 09:34:15.750,4.75,1000
2020-08-10 09:34:15.750,4.75,15000
2020-08-10 09:34:15.930,4.751,200
2020-08-10 09:34:15.930,4.751,600
2020-08-10 09:34:15.930,4.751,300
2020-08-10 09:34:15.930,4.751,28900
2020-08-10 09:34:16.300,4.75,50000
2020-08-10 09:34:17.210,4.75,2500
2020-08-10 09:34:17.230,4.75,4000
2020-08-10 09:34:17.780,4.751,1300
2020-08-10 09:34:18.910,4.752,6300
2020-08-10 09:34:18.910,4.752,1000
2020-08-10 09:34:18.910,4.752,2100
2020-08-10 09:34:18.910,4.752,5000
2020-08-10 09:34:18.910,4.753,300
2020-08-10 09:34:18.910,4.754,100
2020-08-10 09:34:18.910,4.754,100
2020-08-10 09:34:18.910,4.754,5000
2020-08-10 09:34:18.910,4.754,600
2020-08-10 09:34:18.910,4.754,7600
2020-08-10 09:34:18.910,4.754,1500
2020-08-10 09:34:18.910,4.754,800
2020-08-10 09:34:18.910,4.754,600
2020-08-10 09:34:18.910,4.755,100
2020-08-10 09:34:18.910,4.755,100
2020-08-10 09:34:18.910,4.755,2200
2020-08-10 09:34:18.910,4.755,200
2020-08-10 09:34:18.910,4.755,100
2020-08-10 09:34:18.910,4.755,2500
2020-08-10 09:34:18.910,4.755,80000
2020-08-10 09:34:18.910,4.756,20000
2020-08-10 09:34:18.910,4.756,100000
2020-08-10 09:34:18.910,4.757,600
2020-08-10 09:34:18.910,4.757,58200
2020-08-10 09:34:20.860,4.753,500
2020-08-10 09:34:24.320,4.754,10000
2020-08-10 09:34:24.320,4.754,10000
2020-08-10 09:34:27.050,4.754,300
2020-08-10 09:34:28.310,4.754,500
2020-08-10 09:34:29.090,4.754,100
2020-08-10 09:34:29.300,4.754,100
2020-08-10 09:34:29.300,4.754,100
2020-08-10 09:34:33.710,4.755,2000
2020-08-10 09:34:34.550,4.755,2100
2020-08-10 09:34:34.600,4.755,2000
2020-08-10 09:34:34.790,4.756,2000
2020-08-10 09:34:35.930,4.756,3000
2020-08-10 09:34:37.080,4.756,200
2020-08-10 09:34:37.950,4.756,200
2020-08-10 09:34:39.210,4.757,41800
2020-08-10 09:34:39.210,4.757,2000
2020-08-10 09:34:39.210,4.757,9000
2020-08-10 09:34:39.540,4.757,20000
2020-08-10 09:34:39.850,4.757,13400
2020-08-10 09:34:41.780,4.757,1800
2020-08-10 09:34:41.780,4.756,15100
2020-08-10 09:34:41.780,4.756,11700
2020-08-10 09:34:41.780,4.756,15600
2020-08-10 09:34:41.780,4.756,4000
2020-08-10 09:34:41.780,4.756,1000
2020-08-10 09:34:41.780,4.755,400
2020-08-10 09:34:41.780,4.755,15400
2020-08-10 09:34:41.780,4.755,2000
2020-08-10 09:34:41.780,4.755,1000
2020-08-10 09:34:41.780,4.755,400
2020-08-10 09:34:41.780,4.754,5000
2020-08-10 09:34:41.780,4.754,500
2020-08-10 09:34:41.780,4.754,9100
2020-08-10 09:34:41.810,4.754,1000
2020-08-10 09:34:43.710,4.758,53100
2020-08-10 09:34:43.710,4.758,700
2020-08-10 09:34:43.710,4.758,1000
2020-08-10 09:34:44.710,4.757,300
2020-08-10 09:34:45.670,4.757,1000
2020-08-10 09:34:48.300,4.758,5000
2020-08-10 09:34:49.470,4.758,5000
2020-08-10 09:34:49.470,4.758,100
2020-08-10 09:34:49.470,4.758,200
2020-08-10 09:34:49.470,4.757,11900
2020-08-10 09:34:49.470,4.757,500
2020-08-10 09:34:49.470,4.757,4000
2020-08-10 09:34:49.470,4.757,2300
2020-08-10 09:34:49.470,4.756,1000
2020-08-10 09:34:49.470,4.756,100
2020-08-10 09:34:49.470,4.756,5000
2020-08-10 09:34:49.470,4.756,700
2020-08-10 09:34:49.470,4.755,1000
2020-08-10 09:34:49.470,4.755,2000
2020-08-10 09:34:49.470,4.755,200
2020-08-10 09:34:49.470,4.755,2100
2020-08-10 09:34:49.470,4.755,1000
2020-08-10 09:34:49.470,4.755,1000
2020-08-10 09:34:49.470,4.754,1400
2020-08-10 09:34:51.270,4.757,1300
2020-08-10 09:34:52.370,4.757,1000
2020-08-10 09:34:52.860,4.757,7700
2020-08-10 09:34:52.880,4.757,16000
2020-08-10 09:34:53.280,4.757,276300
2020-08-10 09:34:53.280,4.758,1200
2020-08-10 09:34:53.280,4.759,10000
2020-08-10 09:34:53.280,4.759,100
2020-08-10 09:34:53.280,4.759,100
2020-08-10 09:34:53.280,4.759,2500
2020-08-10 09:34:53.280,4.759,100
2020-08-10 09:34:53.280,4.759,2000
2020-08-10 09:34:53.280,4.759,2100
2020-08-10 09:34:53.280,4.759,5600
2020-08-10 09:34:53.470,4.759,400
2020-08-10 09:34:54.440,4.757,200
2020-08-10 09:34:54.440,4.758,9800
2020-08-10 09:34:55.690,4.757,2000
2020-08-10 09:34:55.820,4.755,10000
2020-08-10 09:34:55.820,4.754,13600
2020-08-10 09:34:55.820,4.754,26400
2020-08-10 09:34:56.040,4.754,200
2020-08-10 09:34:58.480,4.756,100
2020-08-10 09:34:58.580,4.754,100
2020-08-10 09:34:58.790,4.756,500
2020-08-10 09:34:58.960,4.755,600
2020-08-10 09:34:59.110,4.753,5000
2020-08-10 09:34:59.650,4.755,2000
2020-08-10 09:34:59.940,4.755,7400
2020-08-10 09:34:59.940,4.756,26000
2020-08-10 09:34:59.940,4.757,18000
2020-08-10 09:34:59.940,4.757,40700
2020-08-10 09:35:00.360,4.756,4200
2020-08-10 09:35:00.450,4.754,2100
2020-08-10 09:35:00.450,4.754,400
2020-08-10 09:35:00.450,4.754,2500
2020-08-10 09:35:01.950,4.756,100
2020-08-10 09:35:02.550,4.754,2500
2020-08-10 09:35:02.730,4.755,100
2020-08-10 09:35:03.540,4.753,74500
2020-08-10 09:35:03.540,4.753,19000
2020-08-10 09:35:03.540,4.753,3000
2020-08-10 09:35:04.140,4.754,5000
2020-08-10 09:35:04.340,4.754,1000
2020-08-10 09:35:04.510,4.753,2000
2020-08-10 09:35:04.510,4.752,800
2020-08-10 09:35:04.510,4.752,19300
2020-08-10 09:35:04.780,4.753,100
2020-08-10 09:35:05.080,4.752,32200
2020-08-10 09:35:05.320,4.753,1500
2020-08-10 09:35:06.370,4.751,100
2020-08-10 09:35:06.370,4.751,3000
2020-08-10 09:35:06.580,4.751,30000
2020-08-10 09:35:06.980,4.751,200
2020-08-10 09:35:10.220,4.751,3200
2020-08-10 09:35:10.410,4.75,27600
2020-08-10 09:35:10.410,4.75,100
2020-08-10 09:35:10.410,4.75,10000
2020-08-10 09:35:11.990,4.75,100
2020-08-10 09:35:12.050,4.75,100
2020-08-10 09:35:13.020,4.75,100
2020-08-10 09:35:13.580,4.749,9400
2020-08-10 09:35:13.640,4.749,19500
2020-08-10 09:35:13.660,4.749,5000
2020-08-10 09:35:13.970,4.749,155500
2020-08-10 09:35:13.970,4.75,4500
2020-08-10 09:35:14.430,4.749,22100
2020-08-10 09:35:15.020,4.75,36800
2020-08-10 09:35:15.580,4.75,200
2020-08-10 09:35:15.720,4.748,1200
2020-08-10 09:35:16.790,4.749,200
2020-08-10 09:35:17.100,4.749,5800
2020-08-10 09:35:17.260,4.75,300
2020-08-10 09:35:17.260,4.75,300
2020-08-10 09:35:17.290,4.75,9700
2020-08-10 09:35:17.290,4.75,200
2020-08-10 09:35:17.290,4.75,10000
2020-08-10 09:35:17.620,4.75,3500
2020-08-10 09:35:17.980,4.75,1900
2020-08-10 09:35:17.980,4.75,20500
2020-08-10 09:35:17.980,4.748,2800
2020-08-10 09:35:17.980,4.748,2000
2020-08-10 09:35:17.980,4.748,100
2020-08-10 09:35:17.980,4.748,2000
2020-08-10 09:35:18.230,4.748,100
2020-08-10 09:35:19.490,4.748,2100
2020-08-10 09:35:19.490,4.748,100
2020-08-10 09:35:19.540,4.748,1100
2020-08-10 09:35:19.640,4.749,500
2020-08-10 09:35:20.090,4.749,5500
2020-08-10 09:35:20.140,4.75,200
2020-08-10 09:35:20.510,4.75,400
2020-08-10 09:35:21.750,4.75,5000
2020-08-10 09:35:22.450,4.749,2500
2020-08-10 09:35:23.070,4.75,2700
2020-08-10 09:35:23.070,4.75,2800
2020-08-10 09:35:23.850,4.75,10000
2020-08-10 09:35:23.850,4.751,8700
2020-08-10 09:35:24.330,4.751,35200
2020-08-10 09:35:24.330,4.751,8700
2020-08-10 09:35:24.700,4.75,1200
2020-08-10 09:35:24.700,4.75,1500
2020-08-10 09:35:25.470,4.751,100
2020-08-10 09:35:25.600,4.75,600
2020-08-10 09:35:25.600,4.75,1000
2020-08-10 09:35:26.080,4.751,12000
2020-08-10 09:35:26.420,4.75,3000
2020-08-10 09:35:26.420,4.749,2500
2020-08-10 09:35:26.420,4.749,1500
2020-08-10 09:35:27.000,4.749,20000
2020-08-10 09:35:27.110,4.75,18500
2020-08-10 09:35:27.290,4.751,100000
2020-08-10 09:35:27.900,4.751,300
2020-08-10 09:35:28.840,4.751,500
2020-08-10 09:35:28.960,4.751,2000
2020-08-10 09:35:29.770,4.751,200
2020-08-10 09:35:29.800,4.75,10000
2020-08-10 09:35:29.900,4.75,2200
2020-08-10 09:35:30.400,4.75,15000
2020-08-10 09:35:32.890,4.75,600
2020-08-10 09:35:33.110,4.75,2000
2020-08-10 09:35:33.400,4.75,10000
2020-08-10 09:35:34.100,4.751,100
2020-08-10 09:35:34.300,4.751,2000
2020-08-10 09:35:34.660,4.75,500
2020-08-10 09:35:35.130,4.751,1600
2020-08-10 09:35:35.190,4.75,100
2020-08-10 09:35:36.250,4.75,200
2020-08-10 09:35:36.760,4.75,3000
2020-08-10 09:35:37.480,4.75,2500
2020-08-10 09:35:37.480,4.75,300
2020-08-10 09:35:37.480,4.75,5000
2020-08-10 09:35:37.480,4.75,1000
2020-08-10 09:35:37.480,4.75,2000
2020-08-10 09:35:37.480,4.75,300
2020-08-10 09:35:37.480,4.75,2000
2020-08-10 09:35:37.480,4.75,2000
2020-08-10 09:35:37.480,4.75,7000
2020-08-10 09:35:37.700,4.75,10000
2020-08-10 09:35:39.090,4.75,10000
2020-08-10 09:35:39.240,4.75,3000
2020-08-10 09:35:40.090,4.75,1000
2020-08-10 09:35:40.300,4.751,600
2020-08-10 09:35:40.300,4.751,300
2020-08-10 09:35:41.830,4.75,20800
2020-08-10 09:35:41.830,4.75,100
2020-08-10 09:35:41.830,4.75,100
2020-08-10 09:35:41.830,4.75,200
2020-08-10 09:35:41.830,4.75,10000
2020-08-10 09:35:41.830,4.75,18100
2020-08-10 09:35:41.940,4.75,1900
2020-08-10 09:35:41.940,4.75,1000
2020-08-10 09:35:44.150,4.748,2000
2020-08-10 09:35:45.570,4.749,100
2020-08-10 09:35:46.610,4.749,100
2020-08-10 09:35:46.610,4.749,1000
2020-08-10 09:35:46.810,4.748,4000
2020-08-10 09:35:48.090,4.748,700
2020-08-10 09:35:48.090,4.748,200
2020-08-10 09:35:48.090,4.748,2900
2020-08-10 09:35:49.060,4.748,100
2020-08-10 09:35:49.060,4.748,10000
2020-08-10 09:35:49.060,4.748,10000
2020-08-10 09:35:49.060,4.748,1000
2020-08-10 09:35:49.060,4.748,6900
2020-08-10 09:35:51.100,4.749,500
2020-08-10 09:35:51.920,4.749,500
2020-08-10 09:35:52.440,4.748,2000
2020-08-10 09:35:52.460,4.749,500
2020-08-10 09:35:52.750,4.748,1100
2020-08-10 09:35:52.750,4.748,900
2020-08-10 09:35:52.980,4.748,2000
2020-08-10 09:35:53.140,4.749,5000
2020-08-10 09:35:53.240,4.749,100
2020-08-10 09:35:54.690,4.748,800
2020-08-10 09:35:54.910,4.748,400
2020-08-10 09:35:55.980,4.748,4000
2020-08-10 09:35:56.810,4.749,300
2020-08-10 09:35:57.190,4.748,1900
2020-08-10 09:35:57.770,4.748,600
2020-08-10 09:35:58.950,4.748,100
2020-08-10 09:36:00.450,4.748,9400
2020-08-10 09:36:00.450,4.748,300
2020-08-10 09:36:00.450,4.748,300
2020-08-10 09:36:01.560,4.748,500
2020-08-10 09:36:01.740,4.746,500
2020-08-10 09:36:03.060,4.748,3700
2020-08-10 09:36:03.060,4.748,3000
2020-08-10 09:36:03.060,4.748,100
2020-08-10 09:36:03.820,4.748,200
2020-08-10 09:36:04.220,4.748,2900
2020-08-10 09:36:04.670,4.747,1500
2020-08-10 09:36:04.700,4.748,300
2020-08-10 09:36:05.010,4.748,35900
2020-08-10 09:36:05.040,4.749,5000
2020-08-10 09:36:05.660,4.749,5000
2020-08-10 09:36:06.140,4.748,5000
2020-08-10 09:36:06.610,4.75,15900
2020-08-10 09:36:08.050,4.749,1400
2020-08-10 09:36:08.050,4.749,4400
2020-08-10 09:36:08.470,4.749,1400
2020-08-10 09:36:08.470,4.748,100
2020-08-10 09:36:08.470,4.748,500
2020-08-10 09:36:10.520,4.749,500
2020-08-10 09:36:10.520,4.748,800
2020-08-10 09:36:10.580,4.75,41200
2020-08-10 09:36:10.580,4.75,900
2020-08-10 09:36:10.580,4.75,10000
2020-08-10 09:36:10.580,4.75,40000
2020-08-10 09:36:10.580,4.75,11500
2020-08-10 09:36:10.770,4.748,200
2020-08-10 09:36:10.840,4.748,3300
2020-08-10 09:36:11.380,4.749,3700
2020-08-10 09:36:11.410,4.749,1700
2020-08-10 09:36:11.530,4.75,58100
2020-08-10 09:36:11.530,4.75,200
2020-08-10 09:36:11.530,4.75,6700
2020-08-10 09:36:11.530,4.75,10000
2020-08-10 09:36:11.530,4.75,400
2020-08-10 09:36:11.530,4.75,3800
2020-08-10 09:36:11.530,4.75,22200
2020-08-10 09:36:11.530,4.751,198600
2020-08-10 09:36:12.360,4.75,2000
2020-08-10 09:36:12.500,4.751,150100
2020-08-10 09:36:12.790,4.751,30000
2020-08-10 09:36:13.130,4.751,121000
2020-08-10 09:36:13.130,4.751,26700
2020-08-10 09:36:13.130,4.751,1800
2020-08-10 09:36:13.130,4.751,50000
2020-08-10 09:36:13.130,4.751,1200
2020-08-10 09:36:13.130,4.751,10000
2020-08-10 09:36:13.130,4.752,2000
2020-08-10 09:36:13.130,4.753,1000
2020-08-10 09:36:13.130,4.753,900
2020-08-10 09:36:13.130,4.753,1300
2020-08-10 09:36:13.130,4.753,500
2020-08-10 09:36:13.130,4.753,70300
2020-08-10 09:36:13.130,4.753,600
2020-08-10 09:36:13.130,4.754,2300
2020-08-10 09:36:13.130,4.754,3000
2020-08-10 09:36:13.130,4.754,7400
2020-08-10 09:36:13.570,4.752,8000
2020-08-10 09:36:13.620,4.754,100
2020-08-10 09:36:13.790,4.752,22000
2020-08-10 09:36:13.790,4.752,58000
2020-08-10 09:36:13.810,4.752,1000
2020-08-10 09:36:14.390,4.753,100
2020-08-10 09:36:14.610,4.754,12600
2020-08-10 09:36:14.610,4.755,300
2020-08-10 09:36:14.610,4.755,2000
2020-08-10 09:36:14.610,4.755,3000
2020-08-10 09:36:14.610,4.755,300
2020-08-10 09:36:14.610,4.755,5000
2020-08-10 09:36:14.610,4.755,1000
2020-08-10 09:36:14.610,4.755,50800
2020-08-10 09:36:14.610,4.756,1500
2020-08-10 09:36:14.610,4.756,100000
2020-08-10 09:36:15.190,4.756,4900
2020-08-10 09:36:16.930,4.756,1500
2020-08-10 09:36:17.210,4.756,50800
2020-08-10 09:36:18.100,4.756,4200
2020-08-10 09:36:19.150,4.756,5000
2020-08-10 09:36:19.260,4.756,5800
2020-08-10 09:36:19.390,4.756,19500
2020-08-10 09:36:19.490,4.756,100
2020-08-10 09:36:19.580,4.756,100
2020-08-10 09:36:20.420,4.756,900
2020-08-10 09:36:22.280,4.757,100
2020-08-10 09:36:22.330,4.757,100
2020-08-10 09:36:22.330,4.757,100
2020-08-10 09:36:22.330,4.757,100
2020-08-10 09:36:22.330,4.757,100
2020-08-10 09:36:22.330,4.757,100
2020-08-10 09:36:22.380,4.757,100
2020-08-10 09:36:22.380,4.757,100
2020-08-10 09:36:22.450,4.757,100
2020-08-10 09:36:22.450,4.757,100
2020-08-10 09:36:22.450,4.757,100
2020-08-10 09:36:22.450,4.758,100
2020-08-10 09:36:22.500,4.758,100
2020-08-10 09:36:22.500,4.758,100
2020-08-10 09:36:22.500,4.758,100
2020-08-10 09:36:22.500,4.758,100
2020-08-10 09:36:22.580,4.758,100
2020-08-10 09:36:22.580,4.758,100
2020-08-10 09:36:22.580,4.758,100
2020-08-10 09:36:22.580,4.758,100
2020-08-10 09:36:22.580,4.758,100
2020-08-10 09:36:22.580,4.758,100
2020-08-10 09:36:22.580,4.758,100
2020-08-10 09:36:22.580,4.758,100
2020-08-10 09:36:22.580,4.758,100
2020-08-10 09:36:22.580,4.758,100
2020-08-10 09:36:22.580,4.758,100
2020-08-10 09:36:22.580,4.758,100
2020-08-10 09:36:22.630,4.758,100
2020-08-10 09:36:22.630,4.758,100
2020-08-10 09:36:22.660,4.758,100
2020-08-10 09:36:22.660,4.758,100
2020-08-10 09:36:22.660,4.758,100
2020-08-10 09:36:22.680,4.758,100
2020-08-10 09:36:22.680,4.758,100
2020-08-10 09:36:22.680,4.758,100
2020-08-10 09:36:22.780,4.758,100
2020-08-10 09:36:22.780,4.758,100
2020-08-10 09:36:22.780,4.758,100
2020-08-10 09:36:22.780,4.758,100
2020-08-10 09:36:22.780,4.758,100
2020-08-10 09:36:22.780,4.758,100
2020-08-10 09:36:22.780,4.758,100
2020-08-10 09:36:22.780,4.758,100
2020-08-10 09:36:22.780,4.758,100
2020-08-10 09:36:22.780,4.758,100
2020-08-10 09:36:22.780,4.758,100
2020-08-10 09:36:22.780,4.758,100
2020-08-10 09:36:22.780,4.758,100
2020-08-10 09:36:22.780,4.758,100
2020-08-10 09:36:22.780,4.758,100
2020-08-10 09:36:22.840,4.758,100
2020-08-10 09:36:22.840,4.758,100
2020-08-10 09:36:22.840,4.758,100
2020-08-10 09:36:22.840,4.758,100
2020-08-10 09:36:22.840,4.758,100
2020-08-10 09:36:22.840,4.758,100
2020-08-10 09:36:22.870,4.758,100
2020-08-10 09:36:22.870,4.758,100
2020-08-10 09:36:22.870,4.758,100
2020-08-10 09:36:23.030,4.758,100
2020-08-10 09:36:23.030,4.758,100
2020-08-10 09:36:23.030,4.758,100
2020-08-10 09:36:23.030,4.758,100
2020-08-10 09:36:23.030,4.758,100
2020-08-10 09:36:23.030,4.758,100
2020-08-10 09:36:23.030,4.758,100
2020-08-10 09:36:23.030,4.758,100
2020-08-10 09:36:23.030,4.758,100
2020-08-10 09:36:23.030,4.758,100
2020-08-10 09:36:23.030,4.758,100
2020-08-10 09:36:23.030,4.758,100
2020-08-10 09:36:23.030,4.758,100
2020-08-10 09:36:23.030,4.758,100
2020-08-10 09:36:23.030,4.758,100
2020-08-10 09:36:23.030,4.758,100
2020-08-10 09:36:23.030,4.758,100
2020-08-10 09:36:23.190,4.757,100
2020-08-10 09:36:23.190,4.757,100
2020-08-10 09:36:23.240,4.758,100
2020-08-10 09:36:23.240,4.758,100
2020-08-10 09:36:23.240,4.758,100
2020-08-10 09:36:23.240,4.758,100
2020-08-10 09:36:23.240,4.758,100
2020-08-10 09:36:23.240,4.758,100
2020-08-10 09:36:23.240,4.758,100
2020-08-10 09:36:23.240,4.758,100
2020-08-10 09:36:23.240,4.758,100
2020-08-10 09:36:23.240,4.758,100
2020-08-10 09:36:23.270,4.758,100
2020-08-10 09:36:23.270,4.758,100
2020-08-10 09:36:23.270,4.758,100
2020-08-10 09:36:23.270,4.758,100
2020-08-10 09:36:23.270,4.758,100
2020-08-10 09:36:23.270,4.758,100
2020-08-10 09:36:23.270,4.758,100
2020-08-10 09:36:23.270,4.758,100
2020-08-10 09:36:23.270,4.758,100
2020-08-10 09:36:23.270,4.758,100
2020-08-10 09:36:23.270,4.758,100
2020-08-10 09:36:23.270,4.758,100
2020-08-10 09:36:23.270,4.758,100
2020-08-10 09:36:23.560,4.758,7400
2020-08-10 09:36:23.980,4.757,1200
2020-08-10 09:36:23.980,4.757,800
2020-08-10 09:36:23.980,4.757,2900
2020-08-10 09:36:24.160,4.757,1100
2020-08-10 09:36:24.160,4.757,100
2020-08-10 09:36:24.340,4.757,1400
2020-08-10 09:36:24.800,4.757,300
2020-08-10 09:36:24.800,4.756,200
2020-08-10 09:36:25.640,4.756,6400
2020-08-10 09:36:25.880,4.756,400
2020-08-10 09:36:26.340,4.756,900
2020-08-10 09:36:27.610,4.756,300
2020-08-10 09:36:28.180,4.756,100
2020-08-10 09:36:28.410,4.756,3000
2020-08-10 09:36:29.760,4.757,200
2020-08-10 09:36:29.760,4.757,8900
2020-08-10 09:36:29.960,4.758,1000
2020-08-10 09:36:30.250,4.757,48800
2020-08-10 09:36:30.250,4.757,1000
2020-08-10 09:36:30.450,4.756,1900
2020-08-10 09:36:30.630,4.756,4900
2020-08-10 09:36:30.820,4.757,200
2020-08-10 09:36:31.050,4.756,12600
2020-08-10 09:36:32.100,4.755,108600
2020-08-10 09:36:32.300,4.756,100
2020-08-10 09:36:32.520,4.755,2300
2020-08-10 09:36:33.390,4.753,80000
2020-08-10 09:36:33.430,4.755,100
2020-08-10 09:36:34.640,4.755,2600
2020-08-10 09:36:34.640,4.755,1300
2020-08-10 09:36:36.750,4.752,1500
2020-08-10 09:36:36.750,4.752,1000
2020-08-10 09:36:37.280,4.752,800
2020-08-10 09:36:37.440,4.755,1000
2020-08-10 09:36:37.440,4.755,4000
2020-08-10 09:36:37.620,4.755,1000
2020-08-10 09:36:37.840,4.755,100
2020-08-10 09:36:40.130,4.752,500
2020-08-10 09:36:41.470,4.753,100
2020-08-10 09:36:41.470,4.754,100
2020-08-10 09:36:42.210,4.752,4500
2020-08-10 09:36:42.720,4.752,100
2020-08-10 09:36:44.060,4.752,400
2020-08-10 09:36:44.310,4.752,400
2020-08-10 09:36:44.310,4.752,1600
2020-08-10 09:36:44.310,4.753,3300
2020-08-10 09:36:45.010,4.752,1000
2020-08-10 09:36:45.010,4.753,600
2020-08-10 09:36:45.060,4.753,1000
2020-08-10 09:36:47.890,4.754,500
2020-08-10 09:36:47.890,4.753,3900
2020-08-10 09:36:47.910,4.753,500
2020-08-10 09:36:48.210,4.753,5600
2020-08-10 09:36:50.040,4.752,5600
2020-08-10 09:36:51.100,4.753,100
2020-08-10 09:36:51.100,4.752,100
2020-08-10 09:36:51.190,4.752,5500
2020-08-10 09:36:51.190,4.752,4000
2020-08-10 09:36:51.360,4.752,2100
2020-08-10 09:36:51.480,4.752,1800
2020-08-10 09:36:52.000,4.753,300
2020-08-10 09:36:53.010,4.755,500
2020-08-10 09:36:53.240,4.755,500
2020-08-10 09:36:53.760,4.753,200
2020-08-10 09:36:53.790,4.752,500
2020-08-10 09:36:53.790,4.754,100
2020-08-10 09:36:53.790,4.755,2400
2020-08-10 09:36:55.020,4.754,100
2020-08-10 09:36:55.500,4.754,900
2020-08-10 09:36:55.530,4.755,71500
2020-08-10 09:36:56.570,4.755,5000
2020-08-10 09:36:56.570,4.755,100
2020-08-10 09:36:56.570,4.755,200
2020-08-10 09:36:56.570,4.756,2900
2020-08-10 09:36:56.570,4.756,1000
2020-08-10 09:36:56.570,4.756,2000
2020-08-10 09:36:56.570,4.756,5000
2020-08-10 09:36:56.570,4.756,10000
2020-08-10 09:36:56.570,4.756,4800
2020-08-10 09:36:56.570,4.756,3000
2020-08-10 09:36:57.330,4.757,5000
2020-08-10 09:36:57.330,4.757,1000
2020-08-10 09:36:57.330,4.757,44000
2020-08-10 09:36:58.370,4.757,3600
2020-08-10 09:36:59.250,4.756,600
2020-08-10 09:36:59.250,4.755,1200
2020-08-10 09:36:59.990,4.754,3000
2020-08-10 09:37:00.070,4.755,2000
2020-08-10 09:37:00.390,4.754,7000
2020-08-10 09:37:00.390,4.753,8000
2020-08-10 09:37:00.540,4.755,2100
2020-08-10 09:37:02.030,4.755,4100
2020-08-10 09:37:02.150,4.754,200
2020-08-10 09:37:02.470,4.754,6200
2020-08-10 09:37:02.470,4.754,100
2020-08-10 09:37:02.470,4.756,3000
2020-08-10 09:37:02.470,4.756,100
2020-08-10 09:37:02.470,4.756,600
2020-08-10 09:37:03.030,4.756,4600
2020-08-10 09:37:03.060,4.753,8300
2020-08-10 09:37:04.510,4.755,6000
2020-08-10 09:37:04.950,4.754,11600
2020-08-10 09:37:06.430,4.754,2500
2020-08-10 09:37:06.430,4.753,93200
2020-08-10 09:37:06.640,4.753,2000
2020-08-10 09:37:07.040,4.755,2700
2020-08-10 09:37:07.090,4.756,9800
2020-08-10 09:37:07.090,4.756,33600
2020-08-10 09:37:07.090,4.756,1000
2020-08-10 09:37:07.090,4.757,15700
2020-08-10 09:37:07.300,4.757,5100
2020-08-10 09:37:07.800,4.755,500
2020-08-10 09:37:08.200,4.755,100
2020-08-10 09:37:08.910,4.755,1000
2020-08-10 09:37:09.400,4.755,200
2020-08-10 09:37:10.560,4.755,19100
2020-08-10 09:37:13.680,4.756,1700
2020-08-10 09:37:13.680,4.756,1000
2020-08-10 09:37:13.680,4.756,300
2020-08-10 09:37:13.680,4.756,5000
2020-08-10 09:37:14.530,4.755,700
2020-08-10 09:37:14.530,4.755,1400
2020-08-10 09:37:14.940,4.755,200
2020-08-10 09:37:15.240,4.755,900
2020-08-10 09:37:15.570,4.755,3200
2020-08-10 09:37:16.220,4.755,200
2020-08-10 09:37:18.020,4.755,1900
2020-08-10 09:37:18.020,4.755,3000
2020-08-10 09:37:18.020,4.755,400
2020-08-10 09:37:18.020,4.755,2100
2020-08-10 09:37:18.460,4.756,500
2020-08-10 09:37:18.460,4.756,100
2020-08-10 09:37:18.460,4.756,700
2020-08-10 09:37:18.820,4.755,1600
2020-08-10 09:37:18.950,4.755,6300
2020-08-10 09:37:19.360,4.755,100
2020-08-10 09:37:19.980,4.755,1100
2020-08-10 09:37:20.850,4.755,1000
2020-08-10 09:37:20.880,4.755,700
2020-08-10 09:37:20.990,4.754,1000
2020-08-10 09:37:20.990,4.753,2000
2020-08-10 09:37:20.990,4.752,7200
2020-08-10 09:37:21.770,4.752,2800
2020-08-10 09:37:21.770,4.752,1000
2020-08-10 09:37:21.770,4.752,500
2020-08-10 09:37:21.770,4.752,1800
2020-08-10 09:37:22.190,4.754,1800
2020-08-10 09:37:22.190,4.755,1700
2020-08-10 09:37:23.450,4.753,100
2020-08-10 09:37:23.450,4.755,9900
2020-08-10 09:37:25.900,4.753,1700
2020-08-10 09:37:26.790,4.753,200
2020-08-10 09:37:27.080,4.753,300
2020-08-10 09:37:27.080,4.753,2700
2020-08-10 09:37:27.080,4.754,1300
2020-08-10 09:37:28.120,4.754,800
2020-08-10 09:37:29.330,4.754,500
2020-08-10 09:37:29.640,4.753,100
2020-08-10 09:37:30.430,4.753,4900
2020-08-10 09:37:30.990,4.754,1000
2020-08-10 09:37:31.150,4.754,1000
2020-08-10 09:37:32.630,4.753,6200
2020-08-10 09:37:32.950,4.753,2000
2020-08-10 09:37:35.020,4.753,500
2020-08-10 09:37:35.450,4.753,1200
2020-08-10 09:37:36.500,4.753,5100
2020-08-10 09:37:36.500,4.753,4900
2020-08-10 09:37:37.310,4.754,400
2020-08-10 09:37:37.310,4.754,7600
2020-08-10 09:37:39.950,4.753,800
2020-08-10 09:37:39.950,4.753,300
2020-08-10 09:37:39.950,4.753,100
2020-08-10 09:37:39.950,4.753,400
2020-08-10 09:37:39.950,4.753,7900
2020-08-10 09:37:40.530,4.753,9300
2020-08-10 09:37:40.910,4.754,10000
2020-08-10 09:37:41.280,4.753,600
2020-08-10 09:37:41.730,4.754,10000
2020-08-10 09:37:42.150,4.754,10000
2020-08-10 09:37:42.800,4.754,900
2020-08-10 09:37:43.760,4.754,3400
2020-08-10 09:37:43.870,4.753,300
2020-08-10 09:37:43.920,4.753,1000
2020-08-10 09:37:44.540,4.753,1000
2020-08-10 09:37:44.660,4.753,600
2020-08-10 09:37:45.850,4.753,700
2020-08-10 09:37:45.850,4.753,1400
2020-08-10 09:37:45.850,4.753,3100
2020-08-10 09:37:45.850,4.753,2200
2020-08-10 09:37:45.850,4.753,200
2020-08-10 09:37:47.360,4.752,200
2020-08-10 09:37:48.210,4.753,3100
2020-08-10 09:37:48.210,4.753,20000
2020-08-10 09:37:48.210,4.753,4200
2020-08-10 09:37:48.210,4.754,27700
2020-08-10 09:37:50.350,4.752,1800
2020-08-10 09:37:50.740,4.752,1000
2020-08-10 09:37:52.560,4.752,1000
2020-08-10 09:37:53.270,4.752,200
2020-08-10 09:37:53.700,4.751,200
2020-08-10 09:37:53.700,4.751,1600
2020-08-10 09:37:56.650,4.751,1600
2020-08-10 09:37:57.860,4.751,1000
2020-08-10 09:37:57.910,4.752,1200
2020-08-10 09:37:58.210,4.751,100
2020-08-10 09:37:58.290,4.751,1000
2020-08-10 09:37:58.670,4.751,1000
2020-08-10 09:37:59.020,4.752,100
2020-08-10 09:37:59.430,4.752,5000
2020-08-10 09:37:59.450,4.751,5000
2020-08-10 09:38:00.200,4.751,2100
2020-08-10 09:38:00.200,4.751,4400
2020-08-10 09:38:00.200,4.751,1900
2020-08-10 09:38:00.200,4.752,500
2020-08-10 09:38:00.200,4.752,19500
2020-08-10 09:38:00.460,4.751,58700
2020-08-10 09:38:00.800,4.751,3900
2020-08-10 09:38:00.800,4.751,13300
2020-08-10 09:38:01.050,4.751,2000
2020-08-10 09:38:01.190,4.751,700
2020-08-10 09:38:01.830,4.752,7000
2020-08-10 09:38:02.100,4.752,188700
2020-08-10 09:38:02.270,4.752,100
2020-08-10 09:38:02.550,4.752,5000
2020-08-10 09:38:02.620,4.753,1000
2020-08-10 09:38:03.190,4.752,200
2020-08-10 09:38:03.260,4.753,1200
2020-08-10 09:38:03.260,4.753,1000
2020-08-10 09:38:03.260,4.753,1000
2020-08-10 09:38:03.260,4.753,100
2020-08-10 09:38:03.260,4.753,16700
2020-08-10 09:38:04.080,4.753,106000
2020-08-10 09:38:04.310,4.753,1600
2020-08-10 09:38:04.340,4.752,1000
2020-08-10 09:38:05.740,4.752,5000
2020-08-10 09:38:05.940,4.753,4000
2020-08-10 09:38:06.040,4.753,20000
2020-08-10 09:38:06.090,4.753,20000
2020-08-10 09:38:06.250,4.752,100
2020-08-10 09:38:06.840,4.752,400
2020-08-10 09:38:07.270,4.753,150000
2020-08-10 09:38:07.450,4.752,18000
2020-08-10 09:38:07.450,4.752,2800
2020-08-10 09:38:07.640,4.753,30000
2020-08-10 09:38:08.300,4.753,7000
2020-08-10 09:38:08.430,4.752,5000
2020-08-10 09:38:08.540,4.753,10000
2020-08-10 09:38:08.770,4.752,4400
2020-08-10 09:38:09.200,4.753,20000
2020-08-10 09:38:09.520,4.752,80000
2020-08-10 09:38:09.700,4.753,500
2020-08-10 09:38:10.460,4.753,57400
2020-08-10 09:38:10.510,4.752,8300
2020-08-10 09:38:11.530,4.752,3200
2020-08-10 09:38:11.720,4.752,2000
2020-08-10 09:38:13.680,4.753,26000
2020-08-10 09:38:14.390,4.752,400
2020-08-10 09:38:14.390,4.752,5000
2020-08-10 09:38:14.390,4.752,30000
2020-08-10 09:38:14.460,4.752,4000
2020-08-10 09:38:15.160,4.752,600
2020-08-10 09:38:15.260,4.752,8400
2020-08-10 09:38:15.260,4.753,30800
2020-08-10 09:38:15.260,4.753,1000
2020-08-10 09:38:15.260,4.753,1000
2020-08-10 09:38:15.260,4.753,1000
2020-08-10 09:38:15.260,4.753,100
2020-08-10 09:38:15.260,4.753,2000
2020-08-10 09:38:15.260,4.754,30300
2020-08-10 09:38:15.260,4.754,10000
2020-08-10 09:38:15.260,4.754,6700
2020-08-10 09:38:15.260,4.755,10000
2020-08-10 09:38:15.260,4.755,1000
2020-08-10 09:38:15.260,4.755,2100
2020-08-10 09:38:15.260,4.755,20000
2020-08-10 09:38:15.260,4.755,1000
2020-08-10 09:38:15.260,4.755,1000
2020-08-10 09:38:15.260,4.755,1000
2020-08-10 09:38:15.260,4.755,5300
2020-08-10 09:38:15.260,4.755,2500
2020-08-10 09:38:15.260,4.755,1000
2020-08-10 09:38:15.260,4.755,13900
2020-08-10 09:38:15.860,4.753,1000
2020-08-10 09:38:18.010,4.753,10200
2020-08-10 09:38:18.100,4.753,19800
2020-08-10 09:38:18.100,4.753,13900
2020-08-10 09:38:18.100,4.752,11300
2020-08-10 09:38:18.240,4.752,500
2020-08-10 09:38:21.600,4.753,12500
2020-08-10 09:38:21.900,4.753,100
2020-08-10 09:38:23.670,4.754,10000
2020-08-10 09:38:23.670,4.755,57400
2020-08-10 09:38:23.670,4.755,10000
2020-08-10 09:38:23.670,4.756,4100
2020-08-10 09:38:23.670,4.756,10000
2020-08-10 09:38:23.670,4.756,1000
2020-08-10 09:38:23.670,4.756,2000
2020-08-10 09:38:23.670,4.756,3000
2020-08-10 09:38:23.670,4.756,52600
2020-08-10 09:38:24.680,4.754,30000
2020-08-10 09:38:25.780,4.754,470000
2020-08-10 09:38:26.000,4.754,5000
2020-08-10 09:38:26.410,4.755,100
2020-08-10 09:38:26.410,4.755,5400
2020-08-10 09:38:26.550,4.755,12800
2020-08-10 09:38:26.550,4.755,7000
2020-08-10 09:38:26.610,4.755,35000
2020-08-10 09:38:26.760,4.756,100
2020-08-10 09:38:27.090,4.755,6400
2020-08-10 09:38:27.760,4.756,300000
2020-08-10 09:38:27.810,4.756,17300
2020-08-10 09:38:28.060,4.756,5000
2020-08-10 09:38:28.200,4.756,200
2020-08-10 09:38:28.940,4.756,2300
2020-08-10 09:38:29.530,4.756,5000
2020-08-10 09:38:29.640,4.756,1000
2020-08-10 09:38:29.670,4.757,400
2020-08-10 09:38:29.670,4.757,900
2020-08-10 09:38:29.670,4.757,600
2020-08-10 09:38:29.670,4.757,23000
2020-08-10 09:38:29.930,4.756,2100
2020-08-10 09:38:30.000,4.757,4900
2020-08-10 09:38:31.850,4.757,22100
2020-08-10 09:38:31.850,4.757,5000
2020-08-10 09:38:31.850,4.757,100
2020-08-10 09:38:31.850,4.757,200
2020-08-10 09:38:33.370,4.757,600
2020-08-10 09:38:33.370,4.756,1700
2020-08-10 09:38:35.380,4.757,800
2020-08-10 09:38:37.340,4.756,800
2020-08-10 09:38:37.520,4.756,100
2020-08-10 09:38:37.550,4.756,23400
2020-08-10 09:38:38.170,4.758,37700
2020-08-10 09:38:38.170,4.758,5000
2020-08-10 09:38:38.170,4.758,10000
2020-08-10 09:38:38.170,4.758,1600
2020-08-10 09:38:38.170,4.758,500
2020-08-10 09:38:38.170,4.758,10000
2020-08-10 09:38:38.170,4.758,20000
2020-08-10 09:38:38.170,4.758,400
2020-08-10 09:38:38.170,4.758,6000
2020-08-10 09:38:39.410,4.758,200
2020-08-10 09:38:40.140,4.757,30000
2020-08-10 09:38:40.190,4.758,300
2020-08-10 09:38:41.630,4.758,100
2020-08-10 09:38:41.710,4.758,3700
2020-08-10 09:38:43.250,4.758,200
2020-08-10 09:38:43.750,4.758,300
2020-08-10 09:38:43.750,4.758,200
2020-08-10 09:38:44.370,4.758,5000
2020-08-10 09:38:44.370,4.758,1400
2020-08-10 09:38:46.400,4.758,1000
2020-08-10 09:38:47.590,4.759,500
2020-08-10 09:38:47.590,4.759,500
2020-08-10 09:38:47.720,4.758,60000
2020-08-10 09:38:47.720,4.758,62700
2020-08-10 09:38:48.400,4.759,300
2020-08-10 09:38:48.400,4.759,200
2020-08-10 09:38:48.400,4.759,10000
2020-08-10 09:38:48.400,4.759,2000
2020-08-10 09:38:48.400,4.759,6800
2020-08-10 09:38:48.400,4.759,500
2020-08-10 09:38:48.400,4.759,40000
2020-08-10 09:38:50.260,4.759,10400
2020-08-10 09:38:51.780,4.759,4200
2020-08-10 09:38:52.680,4.759,7400
2020-08-10 09:38:53.470,4.759,800
2020-08-10 09:38:54.650,4.759,10000
2020-08-10 09:38:55.420,4.76,100
2020-08-10 09:38:55.990,4.76,600
2020-08-10 09:38:55.990,4.76,400
2020-08-10 09:38:56.390,4.759,8000
2020-08-10 09:38:56.780,4.759,1000
2020-08-10 09:38:58.330,4.759,100
2020-08-10 09:39:01.220,4.759,10000
2020-08-10 09:39:01.620,4.758,80000
2020-08-10 09:39:01.620,4.758,1400
2020-08-10 09:39:01.620,4.758,33400
2020-08-10 09:39:01.700,4.759,2400
2020-08-10 09:39:04.190,4.758,100
2020-08-10 09:39:04.350,4.758,600
2020-08-10 09:39:04.810,4.757,300
2020-08-10 09:39:04.810,4.757,1100
2020-08-10 09:39:04.810,4.756,1000
2020-08-10 09:39:04.810,4.756,100
2020-08-10 09:39:04.810,4.756,2500
2020-08-10 09:39:06.390,4.758,200
2020-08-10 09:39:06.690,4.758,1000
2020-08-10 09:39:09.250,4.757,100
2020-08-10 09:39:09.940,4.755,100
2020-08-10 09:39:11.860,4.755,100
2020-08-10 09:39:12.620,4.757,200
2020-08-10 09:39:12.620,4.757,100
2020-08-10 09:39:12.620,4.758,200
2020-08-10 09:39:14.740,4.755,1900
2020-08-10 09:39:14.740,4.754,500
2020-08-10 09:39:14.740,4.754,2100
2020-08-10 09:39:16.240,4.753,5000
2020-08-10 09:39:16.480,4.755,10000
2020-08-10 09:39:18.440,4.755,1300
2020-08-10 09:39:21.490,4.755,200
2020-08-10 09:39:21.660,4.756,100
2020-08-10 09:39:21.960,4.756,8900
2020-08-10 09:39:21.960,4.757,5000
2020-08-10 09:39:22.170,4.757,2100
2020-08-10 09:39:22.370,4.757,5000
2020-08-10 09:39:23.820,4.755,100
2020-08-10 09:39:23.820,4.755,1000
2020-08-10 09:39:23.820,4.755,900
2020-08-10 09:39:24.010,4.755,2300
2020-08-10 09:39:24.770,4.755,800
2020-08-10 09:39:24.930,4.755,1000
2020-08-10 09:39:24.930,4.755,100
2020-08-10 09:39:25.340,4.755,2000
2020-08-10 09:39:27.080,4.753,1000
2020-08-10 09:39:27.390,4.755,2000
2020-08-10 09:39:29.040,4.754,5000
2020-08-10 09:39:29.500,4.755,1000
2020-08-10 09:39:29.610,4.755,1500
2020-08-10 09:39:29.810,4.755,30000
2020-08-10 09:39:29.810,4.755,1100
2020-08-10 09:39:30.460,4.755,2600
2020-08-10 09:39:31.900,4.754,500
2020-08-10 09:39:32.100,4.754,1500
2020-08-10 09:39:33.020,4.753,4000
2020-08-10 09:39:33.020,4.753,200
2020-08-10 09:39:33.020,4.753,500
2020-08-10 09:39:35.650,4.753,100
2020-08-10 09:39:35.700,4.753,1200
2020-08-10 09:39:35.700,4.753,5100
2020-08-10 09:39:35.700,4.753,100
2020-08-10 09:39:35.700,4.753,33300
2020-08-10 09:39:35.700,4.754,110400
2020-08-10 09:39:37.080,4.754,3000
2020-08-10 09:39:37.810,4.753,100
2020-08-10 09:39:38.700,4.753,1000
2020-08-10 09:39:39.250,4.753,1900
2020-08-10 09:39:39.840,4.754,4600
2020-08-10 09:39:39.840,4.754,5000
2020-08-10 09:39:39.840,4.755,100000
2020-08-10 09:39:39.840,4.755,5000
2020-08-10 09:39:40.580,4.756,1000
2020-08-10 09:39:40.870,4.755,200
2020-08-10 09:39:41.240,4.755,35300
2020-08-10 09:39:41.240,4.754,800
2020-08-10 09:39:41.240,4.754,700
2020-08-10 09:39:41.240,4.753,92200
2020-08-10 09:39:41.420,4.753,200
2020-08-10 09:39:41.480,4.753,15500
2020-08-10 09:39:42.270,4.753,5200
2020-08-10 09:39:42.740,4.753,10000
2020-08-10 09:39:42.740,4.752,800
2020-08-10 09:39:42.740,4.752,400
2020-08-10 09:39:42.740,4.752,10000
2020-08-10 09:39:42.740,4.752,200
2020-08-10 09:39:42.740,4.752,5000
2020-08-10 09:39:42.740,4.752,500
2020-08-10 09:39:42.740,4.752,1700
2020-08-10 09:39:43.810,4.752,200
2020-08-10 09:39:43.810,4.752,45200
2020-08-10 09:39:45.180,4.752,31100
2020-08-10 09:39:45.180,4.754,45200
2020-08-10 09:39:45.180,4.756,4000
2020-08-10 09:39:45.180,4.756,200
2020-08-10 09:39:45.180,4.756,400
2020-08-10 09:39:45.180,4.756,50800
2020-08-10 09:39:45.180,4.757,18400
2020-08-10 09:39:45.800,4.752,200
2020-08-10 09:39:47.370,4.753,6900
2020-08-10 09:39:49.080,4.753,2000
2020-08-10 09:39:49.080,4.752,3000
2020-08-10 09:39:49.390,4.755,150100
2020-08-10 09:39:53.800,4.755,150100
2020-08-10 09:39:54.410,4.753,9000
2020-08-10 09:39:55.630,4.754,500
2020-08-10 09:39:55.710,4.754,2200
2020-08-10 09:39:55.710,4.753,11000
2020-08-10 09:39:55.710,4.753,2900
2020-08-10 09:39:55.790,4.753,5200
2020-08-10 09:39:56.060,4.753,300
2020-08-10 09:39:56.440,4.753,100
2020-08-10 09:39:56.820,4.753,1500
2020-08-10 09:39:57.890,4.753,100
2020-08-10 09:40:02.470,4.753,100
2020-08-10 09:40:05.950,4.753,3200
2020-08-10 09:40:05.950,4.753,2800
2020-08-10 09:40:05.950,4.753,300
2020-08-10 09:40:05.950,4.753,200
2020-08-10 09:40:06.110,4.751,19500
2020-08-10 09:40:06.110,4.751,3000
2020-08-10 09:40:06.110,4.751,30000
2020-08-10 09:40:06.110,4.751,100
2020-08-10 09:40:06.110,4.751,1000
2020-08-10 09:40:06.110,4.751,10000
2020-08-10 09:40:06.110,4.751,1000
2020-08-10 09:40:06.110,4.75,1000
2020-08-10 09:40:06.110,4.75,1000
2020-08-10 09:40:06.110,4.75,100
2020-08-10 09:40:06.110,4.75,500
2020-08-10 09:40:06.110,4.75,1000
2020-08-10 09:40:06.110,4.75,3000
2020-08-10 09:40:06.110,4.75,2100
2020-08-10 09:40:06.110,4.75,3800
2020-08-10 09:40:06.110,4.75,10000
2020-08-10 09:40:06.110,4.75,200
2020-08-10 09:40:06.110,4.75,1000
2020-08-10 09:40:06.110,4.75,100
2020-08-10 09:40:06.110,4.75,1000
2020-08-10 09:40:06.110,4.75,1000
2020-08-10 09:40:06.110,4.75,3000
2020-08-10 09:40:06.110,4.75,10000
2020-08-10 09:40:06.110,4.75,200
2020-08-10 09:40:06.110,4.75,100
2020-08-10 09:40:06.110,4.75,10000
2020-08-10 09:40:06.110,4.75,2000
2020-08-10 09:40:06.110,4.75,105100
2020-08-10 09:40:06.110,4.75,200
2020-08-10 09:40:06.110,4.75,500
2020-08-10 09:40:06.110,4.75,1800
2020-08-10 09:40:06.110,4.75,100
2020-08-10 09:40:06.110,4.75,5100
2020-08-10 09:40:06.110,4.75,40000
2020-08-10 09:40:06.190,4.75,31500
2020-08-10 09:40:07.550,4.752,1800
2020-08-10 09:40:09.150,4.752,6000
2020-08-10 09:40:09.870,4.752,5000
2020-08-10 09:40:11.050,4.753,100
2020-08-10 09:40:12.150,4.753,1000
2020-08-10 09:40:12.760,4.752,37200
2020-08-10 09:40:12.760,4.752,700
2020-08-10 09:40:12.760,4.752,2000
2020-08-10 09:40:12.760,4.752,400
2020-08-10 09:40:12.760,4.752,900
2020-08-10 09:40:13.670,4.751,1000
2020-08-10 09:40:13.730,4.752,800
2020-08-10 09:40:16.000,4.752,100
2020-08-10 09:40:16.610,4.751,4000
2020-08-10 09:40:16.610,4.751,100
2020-08-10 09:40:17.020,4.751,500
2020-08-10 09:40:17.580,4.751,400
2020-08-10 09:40:18.520,4.751,4600
2020-08-10 09:40:18.520,4.751,6000
2020-08-10 09:40:18.970,4.75,100
2020-08-10 09:40:21.440,4.75,100
2020-08-10 09:40:22.590,4.75,40000
2020-08-10 09:40:22.860,4.75,200
2020-08-10 09:40:23.030,4.75,11100
2020-08-10 09:40:23.030,4.75,1500
2020-08-10 09:40:24.520,4.75,1000
2020-08-10 09:40:24.600,4.75,4700
2020-08-10 09:40:24.750,4.75,3000
2020-08-10 09:40:25.060,4.751,4500
2020-08-10 09:40:25.060,4.751,500
2020-08-10 09:40:25.400,4.752,3900
2020-08-10 09:40:25.400,4.752,7000
2020-08-10 09:40:25.400,4.752,4000
2020-08-10 09:40:25.400,4.752,1000
2020-08-10 09:40:25.400,4.752,4000
2020-08-10 09:40:25.400,4.752,100
2020-08-10 09:40:25.400,4.752,80000
2020-08-10 09:40:26.430,4.752,200
2020-08-10 09:40:27.210,4.751,1000
2020-08-10 09:40:27.560,4.751,18800
2020-08-10 09:40:27.950,4.752,100
2020-08-10 09:40:29.100,4.751,275200
2020-08-10 09:40:29.100,4.751,2900
2020-08-10 09:40:29.100,4.749,21900
2020-08-10 09:40:30.440,4.75,200
2020-08-10 09:40:30.440,4.749,4800
2020-08-10 09:40:30.440,4.749,1200
2020-08-10 09:40:30.770,4.749,200
2020-08-10 09:40:32.680,4.751,100
2020-08-10 09:40:36.540,4.749,30000
2020-08-10 09:40:38.110,4.749,21900
2020-08-10 09:40:38.110,4.749,100
2020-08-10 09:40:38.110,4.749,300
2020-08-10 09:40:38.110,4.749,500
2020-08-10 09:40:38.110,4.749,500
2020-08-10 09:40:38.110,4.749,376700
2020-08-10 09:40:39.970,4.749,3900
2020-08-10 09:40:40.260,4.748,100
2020-08-10 09:40:40.260,4.748,4900
2020-08-10 09:40:40.520,4.749,18900
2020-08-10 09:40:41.080,4.749,300
2020-08-10 09:40:41.080,4.75,2200
2020-08-10 09:40:41.080,4.75,5000
2020-08-10 09:40:41.080,4.75,2500
2020-08-10 09:40:43.740,4.748,7400
2020-08-10 09:40:44.900,4.75,100
2020-08-10 09:40:45.550,4.75,21000
2020-08-10 09:40:45.620,4.75,2000
2020-08-10 09:40:45.700,4.749,900
2020-08-10 09:40:46.330,4.749,1200
2020-08-10 09:40:46.330,4.748,900
2020-08-10 09:40:46.350,4.748,800
2020-08-10 09:40:46.540,4.75,1000
2020-08-10 09:40:46.720,4.75,500
2020-08-10 09:40:49.300,4.749,900
2020-08-10 09:40:50.140,4.748,23100
2020-08-10 09:40:50.560,4.748,12900
2020-08-10 09:40:50.560,4.748,500
2020-08-10 09:40:50.560,4.748,100
2020-08-10 09:40:50.560,4.748,1300
2020-08-10 09:40:50.650,4.748,2000
2020-08-10 09:40:51.280,4.748,6700
2020-08-10 09:40:51.280,4.748,200
2020-08-10 09:40:51.280,4.748,400
2020-08-10 09:40:51.280,4.748,100
2020-08-10 09:40:51.280,4.748,1000
2020-08-10 09:40:51.280,4.748,2200
2020-08-10 09:40:51.280,4.748,5000
2020-08-10 09:40:51.280,4.748,50000
2020-08-10 09:40:51.500,4.748,1000
2020-08-10 09:40:51.600,4.748,500
2020-08-10 09:40:52.790,4.748,40000
2020-08-10 09:40:53.000,4.748,20000
2020-08-10 09:40:54.670,4.748,500
2020-08-10 09:40:55.150,4.748,1000
2020-08-10 09:40:56.160,4.747,100
2020-08-10 09:40:56.160,4.747,5000
2020-08-10 09:40:56.160,4.747,200
2020-08-10 09:40:56.160,4.747,2500
2020-08-10 09:40:57.240,4.747,2500
2020-08-10 09:40:57.800,4.748,500
2020-08-10 09:40:58.280,4.748,5000
2020-08-10 09:40:59.600,4.748,20000
2020-08-10 09:40:59.630,4.748,95900
2020-08-10 09:40:59.630,4.748,68600
2020-08-10 09:40:59.630,4.748,1200
2020-08-10 09:40:59.630,4.748,1100
2020-08-10 09:40:59.630,4.748,500
2020-08-10 09:41:00.120,4.748,20000
2020-08-10 09:41:02.040,4.749,22600
2020-08-10 09:41:02.040,4.749,17400
2020-08-10 09:41:02.170,4.749,300000
2020-08-10 09:41:02.610,4.749,182600
2020-08-10 09:41:02.610,4.75,12100
2020-08-10 09:41:02.610,4.75,105300
2020-08-10 09:41:03.320,4.748,10400
2020-08-10 09:41:03.510,4.749,19300
2020-08-10 09:41:04.110,4.749,200
2020-08-10 09:41:04.920,4.749,500
2020-08-10 09:41:05.110,4.75,40000
2020-08-10 09:41:05.890,4.75,20000
2020-08-10 09:41:06.040,4.75,157900
2020-08-10 09:41:06.040,4.75,800
2020-08-10 09:41:06.040,4.75,8600
2020-08-10 09:41:06.040,4.75,3500
2020-08-10 09:41:06.040,4.75,200
2020-08-10 09:41:06.040,4.75,500
2020-08-10 09:41:06.570,4.751,600
2020-08-10 09:41:06.570,4.751,3500
2020-08-10 09:41:06.570,4.751,1000
2020-08-10 09:41:06.570,4.751,3000
2020-08-10 09:41:06.570,4.751,10000
2020-08-10 09:41:06.570,4.751,50000
2020-08-10 09:41:06.570,4.751,231900
2020-08-10 09:41:07.660,4.751,40000
2020-08-10 09:41:07.690,4.751,28100
2020-08-10 09:41:07.690,4.751,300
2020-08-10 09:41:07.690,4.751,11600
2020-08-10 09:41:08.000,4.75,13000
2020-08-10 09:41:08.020,4.75,300
2020-08-10 09:41:10.560,4.751,100
2020-08-10 09:41:11.790,4.752,6400
2020-08-10 09:41:13.660,4.752,100
2020-08-10 09:41:16.620,4.751,400
2020-08-10 09:41:16.620,4.751,4800
2020-08-10 09:41:16.870,4.751,100
2020-08-10 09:41:18.000,4.751,10000
2020-08-10 09:41:18.180,4.751,15600
2020-08-10 09:41:18.260,4.751,18100
2020-08-10 09:41:18.720,4.752,200
2020-08-10 09:41:19.890,4.751,2000
2020-08-10 09:41:20.560,4.752,5000
2020-08-10 09:41:21.080,4.752,100
2020-08-10 09:41:21.730,4.752,107900
2020-08-10 09:41:21.730,4.752,3000
2020-08-10 09:41:21.730,4.752,2000
2020-08-10 09:41:21.730,4.752,5000
2020-08-10 09:41:21.730,4.752,1200
2020-08-10 09:41:21.730,4.753,3700
2020-08-10 09:41:21.730,4.753,2000
2020-08-10 09:41:21.730,4.753,45900
2020-08-10 09:41:21.730,4.753,21300
2020-08-10 09:41:21.730,4.753,3000
2020-08-10 09:41:21.730,4.753,16900
2020-08-10 09:41:21.730,4.753,10000
2020-08-10 09:41:21.730,4.753,7400
2020-08-10 09:41:21.730,4.754,1000
2020-08-10 09:41:21.730,4.754,200
2020-08-10 09:41:21.730,4.754,31900
2020-08-10 09:41:21.730,4.754,10000
2020-08-10 09:41:21.730,4.754,4000
2020-08-10 09:41:21.950,4.754,100
2020-08-10 09:41:22.640,4.755,199800
2020-08-10 09:41:22.640,4.755,10000
2020-08-10 09:41:22.640,4.755,6000
2020-08-10 09:41:22.640,4.755,1000
2020-08-10 09:41:22.640,4.755,400
2020-08-10 09:41:22.640,4.755,80000
2020-08-10 09:41:22.640,4.755,302800
2020-08-10 09:41:22.690,4.754,10800
2020-08-10 09:41:23.260,4.754,1600
2020-08-10 09:41:24.200,4.754,1500
2020-08-10 09:41:27.290,4.755,100
2020-08-10 09:41:27.530,4.756,500
2020-08-10 09:41:27.530,4.756,5100
2020-08-10 09:41:27.830,4.756,1000
2020-08-10 09:41:29.360,4.756,1000
2020-08-10 09:41:29.610,4.756,5000
2020-08-10 09:41:29.990,4.757,100
2020-08-10 09:41:32.190,4.757,600
2020-08-10 09:41:32.230,4.757,5400
2020-08-10 09:41:33.670,4.757,1000
2020-08-10 09:41:33.750,4.757,3100
2020-08-10 09:41:34.300,4.757,800
2020-08-10 09:41:34.300,4.757,19200
2020-08-10 09:41:36.140,4.757,1200
2020-08-10 09:41:36.190,4.757,10000
2020-08-10 09:41:36.890,4.757,1300
2020-08-10 09:41:37.920,4.757,400
2020-08-10 09:41:38.480,4.757,1000
2020-08-10 09:41:38.690,4.758,4500
2020-08-10 09:41:38.690,4.758,2500
2020-08-10 09:41:38.690,4.758,200
2020-08-10 09:41:38.690,4.758,2000
2020-08-10 09:41:38.690,4.758,12400
2020-08-10 09:41:38.690,4.758,10000
2020-08-10 09:41:38.690,4.758,5000
2020-08-10 09:41:38.690,4.758,3600
2020-08-10 09:41:38.690,4.758,10000
2020-08-10 09:41:38.690,4.758,10000
2020-08-10 09:41:38.690,4.758,1000
2020-08-10 09:41:38.690,4.758,500
2020-08-10 09:41:38.760,4.759,5900
2020-08-10 09:41:38.760,4.759,1200
2020-08-10 09:41:38.760,4.759,10200
2020-08-10 09:41:38.760,4.759,100
2020-08-10 09:41:38.760,4.759,100
2020-08-10 09:41:38.760,4.759,4300
2020-08-10 09:41:38.760,4.759,5600
2020-08-10 09:41:38.760,4.759,500
2020-08-10 09:41:38.760,4.759,300
2020-08-10 09:41:38.760,4.759,1000
2020-08-10 09:41:38.760,4.759,4000
2020-08-10 09:41:38.760,4.76,600
2020-08-10 09:41:38.760,4.76,6000
2020-08-10 09:41:38.760,4.76,100
2020-08-10 09:41:38.760,4.76,4500
2020-08-10 09:41:38.760,4.76,200
2020-08-10 09:41:38.760,4.76,11000
2020-08-10 09:41:38.760,4.76,600
2020-08-10 09:41:38.760,4.76,10000
2020-08-10 09:41:38.760,4.76,1400
2020-08-10 09:41:38.760,4.76,700
2020-08-10 09:41:38.760,4.76,1000
2020-08-10 09:41:38.760,4.76,300
2020-08-10 09:41:38.760,4.76,15000
2020-08-10 09:41:38.760,4.76,200
2020-08-10 09:41:38.760,4.76,21200
2020-08-10 09:41:38.760,4.76,5000
2020-08-10 09:41:41.250,4.758,1000
2020-08-10 09:41:41.440,4.76,200
2020-08-10 09:41:42.540,4.76,4400
2020-08-10 09:41:42.540,4.76,500
2020-08-10 09:41:42.540,4.76,200
2020-08-10 09:41:42.540,4.76,1300
2020-08-10 09:41:42.770,4.76,3500
2020-08-10 09:41:42.770,4.76,2000
2020-08-10 09:41:42.770,4.76,200
2020-08-10 09:41:42.770,4.76,600
2020-08-10 09:41:42.770,4.76,4400
2020-08-10 09:41:42.770,4.76,500
2020-08-10 09:41:42.770,4.76,100
2020-08-10 09:41:42.770,4.76,1000
2020-08-10 09:41:43.480,4.76,2000
2020-08-10 09:41:43.480,4.76,20000
2020-08-10 09:41:43.480,4.76,2000
2020-08-10 09:41:43.480,4.76,100
2020-08-10 09:41:43.480,4.76,1000
2020-08-10 09:41:43.480,4.76,800
2020-08-10 09:41:43.480,4.76,8000
2020-08-10 09:41:43.480,4.76,4500
2020-08-10 09:41:43.480,4.76,8000
2020-08-10 09:41:43.480,4.76,300
2020-08-10 09:41:43.480,4.76,2300
2020-08-10 09:41:44.360,4.76,200
2020-08-10 09:41:44.360,4.76,5000
2020-08-10 09:41:44.360,4.76,500
2020-08-10 09:41:44.650,4.76,15500
2020-08-10 09:41:49.450,4.76,500
2020-08-10 09:41:49.450,4.76,500
2020-08-10 09:41:49.740,4.76,500
2020-08-10 09:41:50.540,4.76,500
2020-08-10 09:41:50.540,4.76,200
2020-08-10 09:41:50.540,4.759,1400
2020-08-10 09:41:52.480,4.76,100000
2020-08-10 09:41:52.480,4.759,8600
2020-08-10 09:41:52.920,4.759,1000
2020-08-10 09:41:53.110,4.758,9000
2020-08-10 09:41:53.110,4.758,1100
2020-08-10 09:41:53.110,4.758,100
2020-08-10 09:41:53.110,4.758,1000
2020-08-10 09:41:54.370,4.759,60000
2020-08-10 09:41:54.370,4.759,206900
2020-08-10 09:41:54.580,4.759,10000
2020-08-10 09:41:54.890,4.759,200
2020-08-10 09:41:56.420,4.757,700
2020-08-10 09:41:58.410,4.757,2000
2020-08-10 09:41:59.540,4.757,300
2020-08-10 09:42:01.480,4.756,100
2020-08-10 09:42:01.480,4.756,100
2020-08-10 09:42:01.480,4.756,20800
2020-08-10 09:42:02.270,4.757,3000
2020-08-10 09:42:02.400,4.757,400
2020-08-10 09:42:02.530,4.757,300
2020-08-10 09:42:03.710,4.756,2600
2020-08-10 09:42:04.000,4.757,260200
2020-08-10 09:42:04.250,4.757,500
2020-08-10 09:42:04.620,4.757,6200
2020-08-10 09:42:04.670,4.757,2500
2020-08-10 09:42:07.120,4.757,13900
2020-08-10 09:42:08.810,4.757,2600
2020-08-10 09:42:08.930,4.757,600
2020-08-10 09:42:09.110,4.757,100
2020-08-10 09:42:09.160,4.757,4500
2020-08-10 09:42:09.620,4.757,5000
2020-08-10 09:42:10.970,4.757,3900
2020-08-10 09:42:10.970,4.757,15800
2020-08-10 09:42:14.680,4.757,3000
2020-08-10 09:42:15.180,4.757,31200
2020-08-10 09:42:15.180,4.757,10000
2020-08-10 09:42:15.180,4.757,100
2020-08-10 09:42:15.780,4.756,36600
2020-08-10 09:42:16.560,4.757,700
2020-08-10 09:42:17.330,4.757,400
2020-08-10 09:42:17.600,4.757,7600
2020-08-10 09:42:17.600,4.757,5000
2020-08-10 09:42:17.600,4.757,93500
2020-08-10 09:42:17.600,4.757,20500
2020-08-10 09:42:18.010,4.757,5000
2020-08-10 09:42:18.170,4.757,1500
2020-08-10 09:42:18.610,4.757,5500
2020-08-10 09:42:18.610,4.757,3400
2020-08-10 09:42:21.940,4.757,100
2020-08-10 09:42:24.970,4.756,400
2020-08-10 09:42:25.110,4.756,1100
2020-08-10 09:42:26.560,4.756,1200
