Datetime,Lastprice,Volume,Precloseprice,AvgPrice,Iopv,Netvalue,Bid[0],BidQty[0],Bid[1],BidQty[1],Bid[2],BidQty[2],Bid[3],BidQty[3],Bid[4],BidQty[4],Bid[5],BidQty[5],Bid[6],BidQty[6],Bid[7],BidQty[7],Bid[8],BidQty[8],Bid[9],BidQty[9],Ask[0],AskQty[0],Ask[1],AskQty[1],Ask[2],AskQty[2],Ask[3],AskQty[3],Ask[4],AskQty[4],Ask[5],AskQty[5],Ask[6],AskQty[6],Ask[7],AskQty[7],Ask[8],AskQty[8],Ask[9],AskQty[9]
2020-08-10 09:30:02.330,2.9,2800.0,2.91,2.9,2.905,2.917,2.883,30000,2.881,10000,2.78,20000,2.75,1000,0.0,0,0.0,0,0.0,0,0.0,0,0.0,0,0.0,0,2.9,97200,2.91,3000,2.929,6700,2.939,100,2.953,6000,2.955,600,2.969,1800,2.99,3000,2.999,11300,3.0,7400
2020-08-10 09:30:09.760,2.885,200.0,2.91,2.899,2.905,2.917,2.885,100,2.883,33900,2.882,3000,2.881,10000,2.78,20000,2.765,200,2.75,1000,2.745,1600,2.619,100,0.0,0,2.9,97200,2.91,3000,2.926,24700,2.928,9500,2.929,6700,2.939,100,2.943,3400,2.953,6000,2.955,600,2.969,1800
2020-08-10 09:30:22.860,2.885,100.0,2.91,2.898548,2.905,2.917,2.883,33900,2.882,3000,2.881,10000,2.78,20000,2.765,200,2.75,1000,2.745,1600,2.619,1200,0.0,0,0.0,0,2.9,97200,2.91,3000,2.915,13500,2.926,24700,2.928,9500,2.929,6700,2.939,100,2.943,3400,2.953,6000,2.955,600
2020-08-10 09:31:07.690,2.9,97200.0,2.91,2.899955,2.91,2.917,2.9,202800,2.885,30000,2.883,33900,2.882,3000,2.881,10000,2.78,22000,2.765,200,2.75,1000,2.747,100,2.745,1600,2.91,3000,2.915,13500,2.925,5000,2.926,24700,2.928,9500,2.929,6700,2.939,100,2.943,3400,2.953,6000,2.955,600
2020-08-10 09:31:18.630,2.9,600.0,2.91,2.899955,2.91,2.917,2.9,202200,2.896,200,2.886,4900,2.885,30000,2.883,33900,2.882,3000,2.881,10000,2.84,500,2.78,22000,2.765,200,2.91,3000,2.915,13500,2.925,5000,2.926,24700,2.928,9500,2.929,6700,2.939,100,2.943,3400,2.953,6000,2.955,600
2020-08-10 09:31:50.680,2.886,2000.0,2.91,2.899684,2.907,2.917,2.886,2900,2.885,31000,2.883,33900,2.882,3000,2.881,10000,2.84,500,2.828,600,2.78,22000,2.765,200,2.75,1000,2.915,13500,2.925,5000,2.926,24700,2.928,200,2.929,6700,2.939,100,2.943,3400,2.953,6000,2.955,600,2.969,1800
2020-08-10 09:32:27.870,2.915,3000.0,2.91,2.900118,2.912,2.917,2.887,30200,2.886,2900,2.885,1000,2.883,3900,2.882,3000,2.881,10000,2.84,500,2.828,600,2.78,22000,2.765,200,2.915,10500,2.925,14900,2.926,24700,2.928,200,2.929,6700,2.939,100,2.943,3400,2.953,6000,2.955,600,2.969,1800
2020-08-10 09:33:47.670,2.891,12500.0,2.91,2.899155,2.913,2.917,2.891,17500,2.89,3900,2.888,35000,2.887,30000,2.886,2900,2.885,1000,2.882,3000,2.881,10000,2.84,500,2.828,600,2.913,3200,2.914,24700,2.915,15500,2.925,14900,2.926,24700,2.928,200,2.929,6700,2.939,100,2.943,3400,2.953,6000
2020-08-10 09:34:23.550,2.895,1800.0,2.91,2.899093,2.916,2.917,2.895,28200,2.891,17500,2.89,3900,2.888,35000,2.887,30000,2.886,2900,2.885,1000,2.882,3000,2.881,10000,2.84,500,2.913,3200,2.914,24700,2.915,25500,2.925,14900,2.926,24700,2.928,200,2.929,6700,2.939,100,2.943,3400,2.953,6000
2020-08-10 09:34:47.490,2.897,9000.0,2.91,2.898947,2.917,2.917,2.897,21000,2.896,202200,2.892,10000,2.891,17500,2.89,3900,2.888,35000,2.887,30000,2.886,2900,2.885,1000,2.882,3000,2.913,3200,2.914,24700,2.915,25500,2.925,14900,2.926,24700,2.928,9500,2.929,6700,2.939,100,2.943,3400,2.953,6000
2020-08-10 09:35:20.770,2.9,100.0,2.91,2.898948,2.914,2.917,2.897,21000,2.896,202200,2.892,10000,2.891,17500,2.89,3900,2.888,35000,2.887,30000,2.886,2900,2.885,1000,2.882,3000,2.913,3200,2.915,15500,2.918,10000,2.925,14900,2.926,24700,2.928,9500,2.929,6700,2.939,100,2.943,3400,2.953,6000
2020-08-10 09:38:03.890,2.905,2000.0,2.91,2.8990400000000003,2.911,2.917,2.905,28000,2.904,10000,2.903,2000,2.902,100,2.9,8700,2.896,202200,2.89,3900,2.888,25000,2.886,2900,2.885,1000,2.913,3000,2.915,20500,2.916,10000,2.917,10000,2.924,21800,2.925,14900,2.926,24700,2.928,9300,2.929,6700,2.93,41100
2020-08-10 09:38:48.030,2.905,400.0,2.91,2.899058,2.913,2.917,2.905,27600,2.904,10000,2.903,2000,2.902,100,2.9,8700,2.896,202200,2.89,3900,2.888,25000,2.886,2900,2.885,4000,2.913,3000,2.915,18500,2.916,10000,2.917,10000,2.924,21800,2.925,14900,2.926,24700,2.928,9300,2.929,6700,2.93,41100
2020-08-10 09:41:04.990,2.907,200.0,2.91,2.8990709999999997,2.913,2.917,2.907,40100,2.906,10000,2.905,3000,2.903,2000,2.902,600,2.9,3700,2.896,202200,2.89,3900,2.888,25000,2.886,2900,2.914,3000,2.915,18500,2.918,10000,2.919,10000,2.924,21800,2.925,14900,2.926,24700,2.928,9300,2.929,6700,2.93,41100
2020-08-10 09:41:15.930,2.907,10000.0,2.91,2.899629,2.914,2.917,2.907,30100,2.906,10000,2.905,3000,2.903,2000,2.902,600,2.9,3700,2.896,202200,2.89,3900,2.888,25000,2.886,2900,2.914,3000,2.915,18500,2.918,10000,2.919,10000,2.924,21800,2.925,14900,2.926,24700,2.928,9300,2.929,6700,2.93,41100
2020-08-10 09:42:35.880,2.907,32500.0,2.91,2.90115,2.915,2.917,2.907,13200,2.906,10000,2.905,3000,2.903,2000,2.902,600,2.9,3700,2.896,202200,2.89,3900,2.888,25000,2.886,2900,2.914,3000,2.915,18500,2.925,14900,2.926,24700,2.928,9300,2.929,6700,2.93,41100,2.939,100,2.943,3400,2.953,6000
2020-08-10 09:42:46.450,2.907,200.0,2.91,2.9011560000000003,2.912,2.917,2.907,13000,2.906,10000,2.905,3000,2.903,2000,2.902,600,2.9,3700,2.896,202200,2.89,3900,2.888,25000,2.886,2900,2.914,3000,2.915,18500,2.925,14900,2.926,24700,2.928,9300,2.929,6700,2.93,41100,2.939,100,2.943,3400,2.953,6000
2020-08-10 09:43:46.000,2.907,600.0,2.91,2.901176,2.91,2.917,2.907,5400,2.906,10000,2.905,10000,2.903,2000,2.902,600,2.9,3700,2.896,202200,2.89,3900,2.888,25000,2.886,2900,2.914,3000,2.915,18500,2.919,10000,2.925,14900,2.926,24700,2.928,9300,2.929,6700,2.93,41100,2.939,100,2.943,3400
2020-08-10 09:44:02.430,2.914,1000.0,2.91,2.901249,2.91,2.917,2.907,5400,2.906,10000,2.905,10000,2.903,2000,2.902,600,2.9,3700,2.896,202200,2.89,3900,2.888,25000,2.886,2900,2.914,2000,2.915,18500,2.917,10000,2.919,10000,2.925,14900,2.926,24700,2.928,9300,2.929,6700,2.93,41100,2.939,100
2020-08-10 09:44:21.140,2.907,800.0,2.91,2.901275,2.909,2.917,2.907,1600,2.906,3000,2.903,2000,2.902,600,2.9,3700,2.896,202200,2.89,3900,2.888,25000,2.886,2900,2.885,4000,2.914,2000,2.915,18500,2.917,10000,2.919,10000,2.925,14900,2.926,24700,2.928,9300,2.929,6700,2.93,41100,2.939,100
2020-08-10 09:45:40.710,2.906,3300.0,2.91,2.901363,2.904,2.917,2.904,30000,2.903,12000,2.902,10600,2.9,3700,2.896,202200,2.89,3900,2.888,25000,2.886,2900,2.885,4000,2.882,3000,2.906,21400,2.913,34700,2.914,12000,2.915,18500,2.917,10000,2.925,14900,2.926,24700,2.928,9300,2.929,6700,2.93,41100
2020-08-10 09:47:00.120,2.903,2000.0,2.91,2.901381,2.898,2.917,2.902,500,2.9,3700,2.89,3900,2.888,25000,2.886,2900,2.885,4000,2.882,3000,2.881,10000,2.868,1900,2.86,500,2.903,8000,2.909,17200,2.91,24700,2.911,10000,2.912,15800,2.913,34700,2.914,2000,2.915,15500,2.925,36700,2.928,9300
2020-08-10 09:47:42.410,2.9,4200.0,2.91,2.901355,2.896,2.917,2.891,1000,2.888,25000,2.886,2900,2.885,4000,2.882,3000,2.881,10000,2.868,1900,2.86,500,2.84,500,2.828,600,2.9,25800,2.903,8000,2.909,20200,2.91,24700,2.912,500,2.913,34700,2.914,2000,2.915,15500,2.925,36700,2.928,9300
2020-08-10 09:50:54.630,2.892,200.0,2.91,2.901345,2.894,2.917,2.891,1000,2.888,25000,2.887,10000,2.886,2900,2.885,4000,2.882,3000,2.881,10000,2.88,3000,2.868,1900,2.86,500,2.892,29800,2.902,10000,2.904,30000,2.906,10000,2.909,3000,2.91,26700,2.912,500,2.914,2000,2.915,17500,2.925,36700
2020-08-10 09:51:42.390,2.891,1000.0,2.91,2.90129,2.888,2.917,2.888,25000,2.886,2900,2.885,14000,2.882,3000,2.881,10000,2.88,3000,2.868,1900,2.86,500,2.84,500,2.828,600,2.891,9000,2.892,29900,2.902,16800,2.904,30000,2.909,3000,2.91,26700,2.912,500,2.914,2000,2.915,17500,2.925,36700
2020-08-10 09:52:47.030,2.889,200.0,2.91,2.901277,2.893,2.917,2.888,25000,2.886,2900,2.885,14000,2.882,3000,2.881,10000,2.88,3000,2.868,1900,2.86,500,2.84,500,2.828,600,2.889,17500,2.891,200,2.892,29900,2.902,6800,2.909,3000,2.91,2000,2.912,500,2.914,2000,2.915,17500,2.925,36700
2020-08-10 09:53:08.880,2.888,3300.0,2.91,2.901048,2.894,2.917,2.888,21700,2.885,14000,2.882,3000,2.881,10000,2.88,8000,2.868,1900,2.86,500,2.84,500,2.828,600,2.805,500,2.889,17500,2.891,200,2.892,29900,2.895,10000,2.902,6800,2.909,3000,2.91,2000,2.912,500,2.914,2000,2.915,17500
2020-08-10 09:53:30.190,2.889,300.0,2.91,2.9010290000000003,2.894,2.917,2.889,5000,2.888,22000,2.887,10000,2.885,14000,2.882,3000,2.881,10000,2.88,8000,2.868,1900,2.86,500,2.852,10000,2.891,200,2.892,29900,2.895,10000,2.902,6800,2.909,3000,2.91,2000,2.912,500,2.914,2000,2.915,17500,2.925,36700
2020-08-10 09:53:35.550,2.888,17200.0,2.91,2.899979,2.895,2.917,2.888,9800,2.887,10000,2.885,14000,2.882,3000,2.881,10000,2.88,8000,2.868,1900,2.86,500,2.852,10000,2.84,500,2.891,200,2.892,29900,2.895,10000,2.902,6800,2.909,3000,2.91,2000,2.912,500,2.914,2000,2.915,17500,2.925,36700
2020-08-10 09:53:40.990,2.889,2000.0,2.91,2.899875,2.895,2.917,2.888,9800,2.887,10000,2.885,14000,2.882,3000,2.881,10000,2.88,8000,2.868,1900,2.86,500,2.852,10000,2.84,500,2.889,1100,2.891,200,2.892,29900,2.895,10000,2.902,6800,2.909,3000,2.91,2000,2.912,500,2.914,2000,2.915,17500
2020-08-10 09:54:39.100,2.888,1100.0,2.91,2.899814,2.892,2.917,2.888,8700,2.887,10000,2.886,10000,2.885,15000,2.882,3000,2.881,10000,2.88,8000,2.868,1900,2.86,500,2.852,10000,2.891,200,2.892,29900,2.895,10000,2.902,6800,2.909,3000,2.91,2000,2.912,500,2.914,2000,2.915,17500,2.925,36700
2020-08-10 09:54:50.040,2.888,5900.0,2.91,2.899493,2.891,2.917,2.888,2800,2.887,11000,2.886,10000,2.885,15000,2.882,3000,2.881,10000,2.88,8000,2.868,1900,2.86,1500,2.852,10000,2.891,200,2.892,29900,2.895,10000,2.902,6800,2.909,3000,2.91,2000,2.912,500,2.914,2000,2.915,17500,2.925,36700
2020-08-10 09:55:22.330,2.888,2600.0,2.91,2.8993580000000003,2.896,2.917,2.888,200,2.887,1000,2.885,15000,2.883,10000,2.882,3000,2.881,10000,2.88,8000,2.873,100,2.871,10000,2.868,1900,2.891,200,2.892,29900,2.895,10000,2.902,6800,2.909,3000,2.912,500,2.913,2000,2.914,2000,2.915,17500,2.925,36700
2020-08-10 09:55:52.280,2.892,42100.0,2.91,2.898085,2.9,2.917,2.892,170100,2.888,10200,2.887,1000,2.885,15000,2.883,10000,2.882,3000,2.881,10000,2.88,8000,2.873,100,2.871,10000,2.902,6800,2.909,3000,2.912,500,2.913,2000,2.914,2000,2.915,17500,2.925,36700,2.929,6700,2.93,44100,2.933,100
2020-08-10 09:55:52.930,2.892,700.0,2.91,2.898069,2.9,2.917,2.892,169400,2.888,10200,2.887,1000,2.885,15000,2.883,10000,2.882,3000,2.881,10000,2.88,8000,2.873,100,2.871,10000,2.902,6800,2.909,3000,2.912,500,2.913,2000,2.914,2000,2.915,17500,2.925,36700,2.929,6700,2.93,44100,2.933,100
2020-08-10 09:57:15.910,2.894,1000.0,2.91,2.898053,2.905,2.917,2.894,9000,2.893,4000,2.892,172400,2.888,11200,2.887,1000,2.885,15000,2.883,10000,2.882,3000,2.881,10000,2.88,8000,2.902,6800,2.909,3000,2.912,500,2.913,2000,2.914,2000,2.915,17500,2.925,36700,2.929,6700,2.93,44100,2.933,100
2020-08-10 10:02:02.080,2.894,2000.0,2.91,2.898023,2.905,2.917,2.894,8000,2.893,2000,2.892,3000,2.888,11200,2.885,15500,2.882,3000,2.881,10000,2.88,8000,2.873,100,2.871,10000,2.907,10000,2.908,10000,2.909,3000,2.912,9800,2.913,2000,2.914,2000,2.915,17500,2.925,36700,2.929,6700,2.93,3000
2020-08-10 10:04:01.810,2.894,600.0,2.91,2.898014,2.907,2.917,2.894,27400,2.893,2000,2.888,11200,2.885,15500,2.882,3000,2.881,10000,2.88,8000,2.873,100,2.871,10000,2.868,1900,2.908,10000,2.909,3000,2.91,10000,2.912,9800,2.913,4000,2.914,2000,2.915,17500,2.925,36700,2.929,6700,2.93,3000
2020-08-10 10:06:06.850,2.895,20000.0,2.91,2.897843,2.905,2.917,2.895,21400,2.894,27400,2.893,2000,2.89,3000,2.888,11200,2.885,16500,2.882,3000,2.881,10000,2.88,8000,2.873,100,2.906,200,2.907,9300,2.908,10000,2.909,13000,2.91,10000,2.912,500,2.913,2000,2.914,2000,2.915,17500,2.925,36700
2020-08-10 10:08:35.720,2.906,200.0,2.91,2.8978490000000003,2.916,2.917,2.906,9800,2.899,30000,2.898,10000,2.897,30000,2.896,10000,2.895,200,2.894,20000,2.893,2000,2.89,3000,2.888,11200,2.907,9300,2.909,3000,2.912,500,2.913,7100,2.914,2000,2.915,17500,2.925,36700,2.929,6700,2.93,3000,2.933,100
2020-08-10 10:08:42.550,2.907,9300.0,2.91,2.898136,2.917,2.917,2.907,20700,2.906,9800,2.899,30000,2.898,10000,2.897,30000,2.896,10000,2.895,200,2.894,20000,2.893,2000,2.89,3000,2.909,3000,2.912,500,2.913,7100,2.914,2000,2.915,17500,2.925,36700,2.929,6700,2.93,3000,2.933,100,2.939,100
2020-08-10 10:08:46.020,2.909,3000.0,2.91,2.898245,2.918,2.917,2.909,166400,2.907,20700,2.906,9800,2.899,30000,2.898,10000,2.897,30000,2.896,10000,2.895,200,2.894,20000,2.893,2000,2.912,500,2.913,7100,2.914,2000,2.915,17500,2.925,36700,2.929,6700,2.93,3000,2.933,100,2.939,100,2.943,3400
2020-08-10 10:09:18.910,2.912,500.0,2.91,2.898268,2.921,2.917,2.912,9500,2.909,166400,2.907,20700,2.906,9800,2.899,30000,2.897,30000,2.895,200,2.893,2000,2.89,3000,2.888,11200,2.913,7100,2.914,2000,2.915,17500,2.925,14900,2.929,6700,2.93,3000,2.933,100,2.939,100,2.943,3400,2.947,2000
2020-08-10 10:09:54.860,2.913,2000.0,2.91,2.8983659999999998,2.925,2.917,2.913,38000,2.912,9500,2.909,166400,2.907,20700,2.899,30000,2.897,30000,2.895,200,2.893,2000,2.89,3000,2.888,11200,2.914,2000,2.915,17500,2.925,14900,2.929,6700,2.93,3000,2.933,100,2.939,100,2.943,3400,2.947,2000,2.953,6000
2020-08-10 10:10:05.550,2.915,19500.0,2.91,2.8993700000000002,2.927,2.917,2.915,146900,2.914,30000,2.913,38000,2.912,9500,2.907,20700,2.899,30000,2.897,30000,2.895,200,2.893,2000,2.89,3000,2.925,14900,2.929,6700,2.93,3000,2.933,100,2.939,100,2.943,3400,2.947,2000,2.953,6000,2.955,600,2.969,1800
2020-08-10 10:10:31.810,2.925,4500.0,2.91,2.899724,2.93,2.917,2.916,40000,2.915,146900,2.913,10000,2.912,9500,2.907,20700,2.899,30000,2.897,30000,2.895,200,2.893,2000,2.89,3000,2.925,500,2.929,31700,2.93,3000,2.933,100,2.939,100,2.943,3400,2.947,2000,2.953,6000,2.955,600,2.969,1800
2020-08-10 10:10:34.540,2.916,5100.0,2.91,2.899975,2.932,2.917,2.916,34900,2.915,146900,2.913,10000,2.912,9500,2.907,20700,2.899,30000,2.897,30000,2.895,200,2.893,2000,2.89,3000,2.925,500,2.929,31700,2.93,3000,2.933,100,2.939,100,2.943,3400,2.947,2000,2.953,6000,2.955,600,2.969,1800
2020-08-10 10:11:06.470,2.925,500.0,2.91,2.900012,2.934,2.917,2.916,35000,2.915,146900,2.907,20700,2.899,30000,2.897,30000,2.895,200,2.893,2000,2.89,3000,2.888,1200,2.885,16500,2.928,5100,2.929,31700,2.93,3000,2.933,100,2.939,100,2.943,3400,2.947,2000,2.953,6000,2.955,600,2.969,1800
2020-08-10 10:12:24.360,2.925,13000.0,2.91,2.9009560000000003,2.935,2.917,2.92,300,2.916,35000,2.907,20700,2.899,31300,2.897,30000,2.895,200,2.893,2000,2.89,3000,2.888,1200,2.885,16500,2.928,15100,2.929,31700,2.93,4000,2.933,100,2.939,100,2.943,3400,2.947,2000,2.95,7200,2.953,6000,2.955,600
2020-08-10 10:12:28.730,2.929,66800.0,2.91,2.905281,2.935,2.917,2.929,80100,2.92,300,2.916,35000,2.907,20700,2.899,31300,2.897,30000,2.895,200,2.893,2000,2.89,3000,2.888,1200,2.93,4000,2.933,100,2.939,100,2.943,3400,2.947,2000,2.95,7200,2.953,6000,2.955,600,2.969,1800,2.976,400
2020-08-10 10:12:34.480,2.929,1600.0,2.91,2.905373,2.935,2.917,2.929,78500,2.92,300,2.916,35000,2.907,20700,2.899,31300,2.897,30000,2.895,200,2.893,2000,2.89,3000,2.888,1200,2.93,4000,2.933,100,2.939,100,2.943,3400,2.947,2000,2.95,7200,2.953,6000,2.955,600,2.969,1800,2.976,400
2020-08-10 10:12:40.200,2.929,16500.0,2.91,2.906282,2.936,2.917,2.929,62000,2.92,300,2.916,35000,2.907,20700,2.899,31300,2.897,30000,2.895,200,2.893,2000,2.89,3000,2.888,1200,2.93,4000,2.933,100,2.939,100,2.943,3400,2.947,2000,2.95,7200,2.953,6000,2.955,600,2.969,1800,2.976,400
2020-08-10 10:12:54.670,2.929,49100.0,2.91,2.908614,2.938,2.917,2.929,12900,2.921,30000,2.92,300,2.916,35000,2.907,20700,2.899,1300,2.895,200,2.893,2000,2.89,3000,2.888,1200,2.93,4000,2.933,100,2.939,100,2.943,3400,2.947,2000,2.95,7200,2.953,6000,2.955,600,2.969,1800,2.976,400
2020-08-10 10:13:04.830,2.93,4100.0,2.91,2.9087959999999997,2.939,2.917,2.93,5900,2.929,12900,2.921,30000,2.92,300,2.916,35000,2.907,20700,2.895,200,2.893,2000,2.89,3000,2.888,1200,2.933,100,2.939,100,2.943,3400,2.947,2000,2.95,7200,2.953,6000,2.955,600,2.969,1800,2.976,400,2.99,3000
2020-08-10 10:14:16.070,2.929,4200.0,2.91,2.90897,2.936,2.917,2.929,8700,2.927,10000,2.921,30000,2.92,300,2.916,25000,2.907,20700,2.895,200,2.893,2000,2.89,3000,2.888,1200,2.93,7400,2.933,100,2.939,1800,2.943,3400,2.947,2000,2.95,7200,2.953,6000,2.955,600,2.96,1400,2.969,1800
2020-08-10 10:14:29.830,2.929,8700.0,2.91,2.909322,2.936,2.917,2.927,10000,2.921,30000,2.92,300,2.916,25000,2.907,20700,2.895,200,2.893,2000,2.89,3000,2.888,1200,2.885,16500,2.929,4400,2.93,7400,2.933,100,2.936,10000,2.939,1800,2.943,3400,2.947,2000,2.95,7200,2.953,6000,2.955,600
2020-08-10 10:15:21.190,2.927,10000.0,2.91,2.909672,2.938,2.917,2.924,10000,2.921,30000,2.92,300,2.916,25000,2.913,3000,2.907,20700,2.895,200,2.893,2000,2.89,3000,2.888,1200,2.927,5600,2.928,25500,2.929,4500,2.93,7400,2.933,100,2.936,10000,2.939,1800,2.941,1000,2.943,3400,2.947,2000
2020-08-10 10:15:48.350,2.927,20600.0,2.91,2.91035,2.938,2.917,2.927,279400,2.924,10000,2.921,30000,2.92,300,2.916,25000,2.913,3000,2.907,20700,2.895,200,2.893,2000,2.89,3000,2.928,5600,2.929,4500,2.93,7400,2.933,100,2.936,10000,2.939,1800,2.941,1000,2.943,3400,2.947,2000,2.95,7200
2020-08-10 10:15:49.190,2.927,9900.0,2.91,2.910658,2.939,2.917,2.927,269500,2.924,10000,2.921,30000,2.92,300,2.916,25000,2.913,3000,2.907,20700,2.895,200,2.893,2000,2.89,3000,2.928,5600,2.929,4500,2.93,7400,2.933,100,2.936,10000,2.939,1800,2.941,1000,2.943,3400,2.947,2000,2.95,7200
2020-08-10 10:15:56.710,2.928,5600.0,2.91,2.910837,2.938,2.917,2.928,24400,2.927,269500,2.924,10000,2.921,30000,2.92,300,2.916,25000,2.913,3000,2.907,20700,2.895,200,2.893,2000,2.929,4400,2.93,7400,2.933,100,2.939,1800,2.941,1000,2.943,3400,2.947,2000,2.95,7200,2.953,6000,2.955,600
2020-08-10 10:16:01.290,2.928,9900.0,2.91,2.911146,2.939,2.917,2.928,14500,2.927,269500,2.924,10000,2.921,30000,2.92,300,2.916,25000,2.913,3000,2.907,20700,2.895,200,2.893,2000,2.929,4400,2.93,7400,2.933,100,2.939,1800,2.941,1000,2.943,3400,2.947,2000,2.95,7200,2.953,6000,2.955,600
2020-08-10 10:16:01.810,2.929,4400.0,2.91,2.9112869999999997,2.939,2.917,2.929,25600,2.928,14500,2.927,269500,2.924,10000,2.921,30000,2.92,300,2.916,25000,2.913,3000,2.907,20700,2.895,200,2.93,7400,2.933,100,2.939,1800,2.941,1000,2.943,3400,2.947,2000,2.95,7200,2.953,6000,2.955,600,2.96,1400
2020-08-10 10:16:41.510,2.929,1700.0,2.91,2.911341,2.939,2.917,2.929,8300,2.928,14500,2.924,10000,2.921,30000,2.92,300,2.916,25000,2.913,3000,2.907,20700,2.895,200,2.893,2000,2.933,100,2.939,1800,2.941,1000,2.943,3400,2.947,2000,2.95,7200,2.953,6000,2.955,600,2.96,1400,2.969,1800
2020-08-10 10:17:33.440,2.929,4000.0,2.91,2.911467,2.939,2.917,2.929,4300,2.928,14500,2.927,269500,2.921,30000,2.92,300,2.916,25000,2.913,3000,2.907,20700,2.895,200,2.893,2000,2.932,20200,2.933,3700,2.939,100,2.941,1000,2.943,3400,2.947,2000,2.95,7200,2.953,6000,2.955,600,2.96,1400
2020-08-10 10:17:47.180,2.929,3700.0,2.91,2.911582,2.937,2.917,2.929,600,2.928,14500,2.927,269500,2.921,30000,2.92,300,2.916,25000,2.913,3000,2.907,20700,2.895,200,2.893,2000,2.932,20200,2.933,3700,2.939,100,2.941,1000,2.943,3400,2.946,3400,2.947,2000,2.95,7200,2.953,6000,2.955,600
2020-08-10 10:18:10.970,2.927,10000.0,2.91,2.91185,2.934,2.917,2.927,269500,2.921,30000,2.92,300,2.916,25000,2.913,3000,2.907,20700,2.895,200,2.893,2000,2.89,3000,2.888,1200,2.929,7400,2.932,20200,2.933,3700,2.938,11400,2.939,100,2.941,1000,2.943,3400,2.946,3400,2.947,2000,2.95,7200
2020-08-10 10:18:30.760,2.927,1100.0,2.91,2.911879,2.932,2.917,2.927,268400,2.921,30000,2.92,300,2.916,25000,2.913,3000,2.907,20700,2.895,200,2.893,2000,2.89,3000,2.888,1200,2.932,20200,2.933,3700,2.938,11400,2.939,100,2.941,1000,2.943,3400,2.946,3400,2.947,2000,2.949,5100,2.95,7200
2020-08-10 10:18:35.560,2.927,7400.0,2.91,2.91207,2.931,2.917,2.927,261000,2.921,30000,2.92,300,2.916,25000,2.913,3000,2.907,20700,2.895,200,2.893,2000,2.89,3000,2.888,1200,2.932,20200,2.933,3700,2.939,100,2.941,1000,2.943,3400,2.946,3400,2.947,2000,2.949,5100,2.95,7200,2.953,6000
2020-08-10 10:18:41.860,2.927,3000.0,2.91,2.912147,2.93,2.917,2.927,248000,2.92,300,2.916,25000,2.913,3000,2.907,20700,2.895,200,2.893,2000,2.89,3000,2.888,1200,2.885,16500,2.932,20200,2.933,3700,2.939,100,2.941,1000,2.943,3400,2.946,3400,2.947,2000,2.949,5100,2.95,7200,2.953,6000
2020-08-10 10:21:17.360,2.924,1000.0,2.91,2.9121669999999997,2.931,2.917,2.924,9000,2.923,40000,2.92,300,2.916,25000,2.898,5100,2.895,200,2.893,2000,2.89,3000,2.888,1200,2.885,16500,2.926,5600,2.93,3000,2.931,200,2.932,30200,2.933,3700,2.939,100,2.941,1000,2.943,3400,2.946,3400,2.947,2000
2020-08-10 10:21:23.010,2.924,1400.0,2.91,2.912195,2.931,2.917,2.924,7600,2.923,40000,2.92,300,2.916,25000,2.898,5100,2.895,200,2.893,2000,2.89,3000,2.888,1200,2.885,16500,2.926,5600,2.93,3000,2.931,200,2.932,30200,2.933,3700,2.939,100,2.941,1000,2.943,3400,2.946,3400,2.947,2000
2020-08-10 10:22:10.380,2.924,1500.0,2.91,2.912225,2.927,2.917,2.924,6100,2.923,40000,2.92,300,2.916,25000,2.898,5100,2.895,200,2.893,2000,2.89,3000,2.888,1200,2.886,5900,2.93,3000,2.931,200,2.932,20200,2.933,3700,2.939,100,2.941,1000,2.942,60500,2.943,3400,2.946,3400,2.947,2000
2020-08-10 10:25:10.310,2.926,100.0,2.91,2.912227,2.933,2.917,2.926,9900,2.925,10000,2.924,10000,2.923,30000,2.92,300,2.916,25000,2.902,6700,2.898,5100,2.895,200,2.893,2000,2.929,200,2.93,4000,2.931,200,2.932,20200,2.933,3700,2.939,100,2.942,60500,2.943,3400,2.946,3400,2.947,2000
2020-08-10 10:25:12.350,2.926,3000.0,2.91,2.912297,2.933,2.917,2.926,6900,2.925,10000,2.924,10000,2.923,30000,2.92,300,2.916,25000,2.902,6700,2.898,5100,2.895,200,2.893,2000,2.929,200,2.93,4000,2.931,200,2.932,20200,2.933,3700,2.939,100,2.94,5100,2.942,60500,2.943,3400,2.946,3400
2020-08-10 10:25:59.110,2.93,4200.0,2.91,2.9124209999999997,2.934,2.917,2.93,5800,2.924,10000,2.923,30000,2.92,300,2.916,25000,2.902,6700,2.898,5100,2.895,200,2.893,2000,2.89,3000,2.932,20200,2.933,3700,2.939,100,2.94,5100,2.942,60500,2.943,3400,2.946,3400,2.947,2000,2.949,5100,2.95,7200
2020-08-10 10:26:47.870,2.93,100.0,2.91,2.912424,2.934,2.917,2.93,5700,2.927,10000,2.924,10000,2.923,30000,2.92,300,2.916,25000,2.902,6700,2.898,5100,2.895,200,2.893,2000,2.932,20200,2.933,3700,2.939,100,2.94,5100,2.942,60500,2.943,3400,2.946,3400,2.947,2000,2.949,5100,2.95,7200
2020-08-10 10:26:58.500,2.93,200.0,2.91,2.91243,2.934,2.917,2.93,6500,2.927,10000,2.923,30000,2.92,300,2.916,25000,2.902,6700,2.898,5100,2.895,200,2.893,2000,2.89,3000,2.932,20200,2.933,3700,2.939,100,2.94,5100,2.942,60500,2.943,3400,2.946,3400,2.947,2000,2.949,5100,2.95,7200
2020-08-10 10:27:05.100,2.93,1000.0,2.91,2.912459,2.934,2.917,2.93,5500,2.927,10000,2.926,10000,2.923,30000,2.92,300,2.916,25000,2.902,6700,2.898,5100,2.895,200,2.893,2000,2.932,20200,2.933,3700,2.939,100,2.94,5100,2.942,60500,2.943,3400,2.946,3400,2.947,2000,2.949,5100,2.95,7200
2020-08-10 10:27:09.810,2.93,1000.0,2.91,2.912488,2.934,2.917,2.93,4500,2.927,10000,2.926,10000,2.923,30000,2.92,300,2.916,25000,2.902,6700,2.898,5100,2.895,200,2.893,2000,2.932,20200,2.933,3700,2.939,100,2.94,5100,2.942,60500,2.943,3400,2.946,3400,2.947,2000,2.949,5100,2.95,7200
2020-08-10 10:27:11.150,2.93,4500.0,2.91,2.912619,2.934,2.917,2.927,10000,2.926,10000,2.923,30000,2.92,300,2.916,25000,2.902,6700,2.898,5100,2.895,200,2.893,2000,2.89,3000,2.93,5500,2.932,20200,2.933,3700,2.939,100,2.94,5100,2.942,60500,2.943,3400,2.946,3400,2.947,2000,2.949,5100
2020-08-10 10:27:19.800,2.93,3200.0,2.91,2.9127099999999997,2.934,2.917,2.927,10000,2.926,10000,2.923,30000,2.92,300,2.916,25000,2.902,6700,2.898,5100,2.895,200,2.893,2000,2.89,3000,2.93,22400,2.932,20200,2.933,3700,2.939,100,2.94,5100,2.942,60500,2.943,3400,2.946,3400,2.947,2000,2.949,5100
2020-08-10 10:30:35.590,2.93,5800.0,2.91,2.912874,2.938,2.917,2.924,10000,2.923,40000,2.92,300,2.916,25000,2.902,6700,2.898,5100,2.895,200,2.893,2000,2.89,3000,2.888,1200,2.93,24300,2.932,20200,2.933,3700,2.935,10000,2.939,100,2.94,5100,2.942,60500,2.943,3400,2.946,3400,2.947,2000
2020-08-10 10:30:59.410,2.93,24300.0,2.91,2.913526,2.939,2.917,2.924,10000,2.923,40000,2.92,300,2.916,25000,2.902,6700,2.898,5100,2.895,200,2.893,2000,2.89,3000,2.888,1200,2.932,20200,2.933,3700,2.939,100,2.94,5100,2.942,60500,2.943,3400,2.946,3400,2.947,2000,2.949,5100,2.95,7200
2020-08-10 10:31:23.320,2.932,20200.0,2.91,2.914093,2.942,2.917,2.932,227800,2.925,30000,2.924,10000,2.923,40000,2.916,25000,2.902,6700,2.898,5100,2.895,200,2.893,2000,2.89,3000,2.933,3700,2.939,100,2.94,5100,2.942,60500,2.943,3400,2.946,3400,2.947,2000,2.949,5100,2.95,7200,2.953,6000
2020-08-10 10:31:42.510,2.932,400.0,2.91,2.914104,2.941,2.917,2.932,227400,2.925,30000,2.924,10000,2.923,40000,2.916,25000,2.902,6700,2.898,5100,2.895,200,2.893,2000,2.89,3000,2.933,3700,2.939,100,2.94,5100,2.942,60500,2.943,3400,2.946,3400,2.947,2000,2.949,5100,2.95,7200,2.953,6000
2020-08-10 10:31:42.720,2.933,3700.0,2.91,2.9142099999999997,2.941,2.917,2.933,6300,2.932,227400,2.925,30000,2.924,10000,2.923,40000,2.916,25000,2.902,6700,2.898,5100,2.895,200,2.893,2000,2.939,100,2.94,5100,2.942,60500,2.943,3400,2.946,3400,2.947,2000,2.949,5100,2.95,7200,2.953,6000,2.955,600
2020-08-10 10:32:26.010,2.933,500.0,2.91,2.9142240000000004,2.936,2.917,2.933,5800,2.932,227400,2.925,30000,2.924,10000,2.923,30000,2.916,25000,2.902,6700,2.898,5100,2.895,200,2.893,2000,2.939,1300,2.94,13100,2.942,60500,2.943,3400,2.946,3400,2.947,2000,2.949,5100,2.95,7200,2.953,6000,2.955,6600
2020-08-10 10:32:36.530,2.933,100.0,2.91,2.914227,2.934,2.917,2.933,5700,2.932,227400,2.925,30000,2.923,30000,2.916,25000,2.902,6700,2.898,5100,2.895,200,2.893,2000,2.89,3000,2.939,1300,2.94,13100,2.942,60500,2.943,3400,2.946,3400,2.947,2000,2.949,5100,2.95,7200,2.953,6000,2.955,6600
2020-08-10 10:32:41.260,2.933,5700.0,2.91,2.914387,2.934,2.917,2.932,10000,2.925,30000,2.923,30000,2.916,25000,2.902,6700,2.898,5100,2.895,200,2.893,2000,2.89,3000,2.888,1200,2.933,700,2.939,1300,2.94,13100,2.942,60500,2.943,3400,2.946,3400,2.947,2000,2.949,5100,2.95,7200,2.953,6000
2020-08-10 10:33:01.470,2.933,2100.0,2.91,2.914445,2.934,2.917,2.932,9900,2.923,30000,2.916,25000,2.902,6700,2.898,5100,2.895,200,2.893,2000,2.89,3000,2.888,1200,2.885,16000,2.933,4200,2.939,1300,2.94,13100,2.942,60500,2.943,3400,2.946,3400,2.947,2000,2.949,5100,2.95,7200,2.953,6000
2020-08-10 10:33:10.250,2.933,4200.0,2.91,2.91456,2.934,2.917,2.933,800,2.932,9900,2.923,30000,2.916,25000,2.902,6700,2.898,5100,2.895,200,2.893,2000,2.89,3000,2.888,1200,2.939,300,2.94,13100,2.942,60500,2.943,3400,2.946,3400,2.947,2000,2.949,5100,2.95,7200,2.953,6000,2.955,6600
2020-08-10 10:33:12.450,2.932,6800.0,2.91,2.914735,2.934,2.917,2.932,3900,2.923,30000,2.916,25000,2.902,6700,2.898,5100,2.895,200,2.893,2000,2.89,3000,2.888,1200,2.885,16000,2.939,300,2.94,13100,2.942,60500,2.943,3400,2.946,3400,2.947,2000,2.949,5100,2.95,7200,2.953,6000,2.955,6600
2020-08-10 10:33:38.740,2.933,100.0,2.91,2.9147380000000003,2.935,2.917,2.933,2900,2.923,30000,2.916,25000,2.902,6700,2.898,5100,2.895,200,2.893,2000,2.89,3000,2.888,1200,2.885,16000,2.939,10300,2.94,13100,2.942,60500,2.943,3400,2.946,3400,2.947,2000,2.949,5100,2.95,7200,2.953,6000,2.955,6600
2020-08-10 10:33:41.170,2.933,2900.0,2.91,2.914816,2.935,2.917,2.923,30000,2.916,25000,2.902,6700,2.898,5100,2.895,200,2.893,2000,2.89,3000,2.888,1200,2.885,16000,2.882,3000,2.931,8500,2.939,10300,2.94,13100,2.942,60500,2.943,3400,2.946,3400,2.947,2000,2.949,5100,2.95,7200,2.953,6000
2020-08-10 10:42:20.820,2.93,30000.0,2.91,2.915404,2.928,2.917,2.921,10000,2.916,25000,2.902,6700,2.898,5100,2.895,200,2.893,2000,2.89,3000,2.888,1200,2.885,16000,2.882,3000,2.93,2300,2.931,15200,2.933,21000,2.934,5000,2.939,10100,2.94,23100,2.942,60500,2.943,3400,2.946,3400,2.947,2000
2020-08-10 10:42:22.650,2.931,17500.0,2.91,2.9157740000000003,2.928,2.917,2.932,12500,2.921,10000,2.916,25000,2.902,6700,2.898,5100,2.895,200,2.893,2000,2.89,3000,2.888,1200,2.885,16000,2.933,21000,2.934,5000,2.939,10100,2.94,23100,2.942,60500,2.943,3400,2.946,3400,2.947,2000,2.949,5100,2.95,7200
2020-08-10 10:42:44.410,2.932,100.0,2.91,2.9157759999999997,2.93,2.917,2.932,12400,2.918,10000,2.916,25000,2.902,6700,2.898,5100,2.895,200,2.893,2000,2.89,3000,2.888,1200,2.885,16000,2.933,21000,2.934,5000,2.939,10100,2.94,23100,2.942,60500,2.943,3400,2.946,3400,2.947,2000,2.949,5100,2.95,7200
2020-08-10 10:42:53.750,2.932,100.0,2.91,2.915778,2.929,2.917,2.932,12300,2.918,10000,2.916,25000,2.902,6700,2.898,5100,2.895,200,2.893,2000,2.89,3000,2.888,1200,2.885,16000,2.933,21000,2.934,5000,2.939,10100,2.94,23100,2.942,60500,2.943,3400,2.946,3400,2.947,2000,2.949,5100,2.95,7200
2020-08-10 10:50:37.370,2.916,100.0,2.91,2.915778,2.923,2.917,2.912,10000,2.902,6700,2.898,5100,2.895,200,2.893,2000,2.89,3000,2.888,1200,2.885,16000,2.882,3000,2.881,20000,2.916,2500,2.925,40000,2.927,30000,2.929,30000,2.93,40100,2.932,66400,2.933,11000,2.934,5000,2.939,10100,2.94,5100
2020-08-10 10:50:55.070,2.916,2500.0,2.91,2.915779,2.924,2.917,2.916,27500,2.913,30000,2.912,10000,2.902,6700,2.898,5100,2.895,200,2.893,2000,2.89,3000,2.888,1200,2.885,16000,2.925,40000,2.927,30000,2.929,30000,2.93,40100,2.932,66400,2.933,11000,2.934,5000,2.939,10100,2.94,5100,2.942,60500
2020-08-10 10:57:06.820,2.928,3400.0,2.91,2.915835,2.933,2.917,2.921,5000,2.92,40000,2.919,6000,2.916,11000,2.915,15300,2.902,6700,2.9,2000,2.898,5100,2.895,200,2.893,2000,2.928,6600,2.93,40100,2.932,66400,2.933,15100,2.934,7000,2.939,10100,2.94,5700,2.942,60500,2.943,3400,2.946,3400
2020-08-10 10:57:57.000,2.93,9000.0,2.91,2.9160060000000003,2.932,2.917,2.922,10000,2.921,5000,2.92,40000,2.919,6000,2.916,1000,2.915,5300,2.902,6700,2.9,2000,2.898,5100,2.895,200,2.93,31100,2.932,66400,2.933,15100,2.934,7000,2.939,10100,2.94,5700,2.942,60500,2.943,3400,2.946,3400,2.947,2000
2020-08-10 10:58:28.230,2.93,100.0,2.91,2.916008,2.933,2.917,2.922,10000,2.921,5000,2.92,40000,2.919,6000,2.916,1000,2.915,5300,2.902,6700,2.9,2000,2.898,5100,2.895,200,2.93,31000,2.932,66400,2.933,15100,2.934,7000,2.939,10100,2.94,5700,2.942,60500,2.943,3400,2.946,3400,2.947,2000
2020-08-10 10:59:13.300,2.93,800.0,2.91,2.916023,2.934,2.917,2.922,10000,2.921,5000,2.92,40000,2.919,6000,2.916,1000,2.915,5300,2.902,6700,2.9,2000,2.898,5100,2.895,200,2.93,35200,2.932,66400,2.933,15100,2.934,7000,2.939,10100,2.94,5700,2.942,60500,2.943,3400,2.946,3400,2.947,2000
2020-08-10 11:03:03.720,2.93,400.0,2.91,2.91603,2.935,2.917,2.922,10000,2.921,5000,2.92,40000,2.919,6000,2.916,1300,2.915,5300,2.902,6700,2.9,2000,2.898,5100,2.895,200,2.93,37800,2.932,22300,2.933,20200,2.934,2000,2.935,5000,2.939,10100,2.94,5700,2.942,60500,2.943,3400,2.946,3400
2020-08-10 11:06:37.350,2.93,23100.0,2.91,2.916448,2.934,2.917,2.93,204300,2.922,10000,2.921,5000,2.92,10000,2.919,6000,2.916,1300,2.915,5300,2.902,6700,2.9,2000,2.898,5100,2.932,22300,2.933,20200,2.934,2000,2.935,5000,2.939,10100,2.94,600,2.942,60500,2.943,3400,2.946,3400,2.947,2000
2020-08-10 11:06:58.600,2.93,100.0,2.91,2.91645,2.936,2.917,2.93,204200,2.922,10000,2.921,5000,2.92,10000,2.919,6000,2.916,1300,2.915,5300,2.902,6700,2.9,2000,2.898,5100,2.932,22300,2.933,20200,2.934,2000,2.935,5000,2.939,10100,2.94,600,2.942,60500,2.943,3400,2.946,3400,2.947,2000
2020-08-10 11:07:16.880,2.93,4600.0,2.91,2.91653,2.937,2.917,2.93,199600,2.922,10000,2.921,5000,2.92,10000,2.919,6000,2.916,1300,2.915,5300,2.902,6700,2.9,2000,2.898,5100,2.932,22300,2.933,20200,2.934,2000,2.935,5000,2.939,10100,2.94,600,2.942,60500,2.943,3400,2.946,3400,2.947,2000
2020-08-10 11:07:24.830,2.93,8400.0,2.91,2.916674,2.937,2.917,2.93,201200,2.922,10000,2.921,5000,2.92,10000,2.919,6000,2.916,1300,2.915,5300,2.902,6700,2.9,2000,2.898,5100,2.932,22300,2.933,20200,2.934,2000,2.935,5000,2.939,10100,2.94,600,2.942,60500,2.943,3400,2.946,3400,2.947,2000
2020-08-10 11:07:26.810,2.932,1000.0,2.91,2.9166939999999997,2.937,2.917,2.93,201200,2.922,10000,2.921,5000,2.92,10000,2.919,6000,2.916,1300,2.915,5300,2.902,6700,2.9,2000,2.898,5100,2.932,21300,2.933,20200,2.934,2000,2.935,5000,2.939,10100,2.94,600,2.942,60500,2.943,3400,2.946,3400,2.947,2000
2020-08-10 11:10:04.460,2.93,100.0,2.91,2.916696,2.937,2.917,2.93,201100,2.921,5000,2.919,6000,2.916,1300,2.915,5300,2.902,6700,2.9,3500,2.898,5100,2.895,200,2.893,2000,2.932,21300,2.933,20200,2.934,2000,2.935,5000,2.939,10100,2.94,600,2.942,60500,2.943,3400,2.946,3400,2.947,2000
2020-08-10 11:11:37.500,2.93,4200.0,2.91,2.916766,2.932,2.917,2.93,186900,2.926,10000,2.921,5000,2.919,6000,2.916,1300,2.915,5300,2.902,6700,2.9,3500,2.898,5100,2.895,200,2.932,26400,2.933,20200,2.934,2000,2.935,5000,2.939,10100,2.94,600,2.942,60500,2.943,3400,2.946,3400,2.947,2000
2020-08-10 11:12:32.170,2.93,2000.0,2.91,2.9168,2.93,2.917,2.93,184900,2.927,10000,2.926,10000,2.919,6000,2.916,1300,2.915,5300,2.902,6700,2.9,3500,2.898,5100,2.895,200,2.932,26400,2.933,20200,2.934,2000,2.935,5000,2.937,10000,2.939,10100,2.94,600,2.942,60500,2.943,3400,2.946,3400
2020-08-10 11:12:36.130,2.93,10000.0,2.91,2.916964,2.93,2.917,2.93,174900,2.927,10000,2.926,10000,2.919,6000,2.916,1300,2.915,5300,2.902,6700,2.9,3500,2.898,5100,2.895,200,2.932,26400,2.933,20200,2.934,2000,2.935,5000,2.937,10000,2.939,10100,2.94,600,2.942,60500,2.943,3400,2.946,3400
2020-08-10 11:12:51.150,2.93,4200.0,2.91,2.917032,2.931,2.917,2.93,170700,2.926,10000,2.919,6000,2.916,1300,2.915,5300,2.902,6700,2.9,3500,2.898,5100,2.895,200,2.893,2000,2.932,26400,2.933,20200,2.934,2000,2.935,5000,2.937,10000,2.939,10100,2.94,600,2.942,60500,2.943,3400,2.946,3400
2020-08-10 11:13:01.050,2.93,1700.0,2.91,2.9170599999999998,2.932,2.917,2.93,169000,2.926,10000,2.925,10000,2.919,6000,2.916,1300,2.915,5300,2.902,6700,2.9,3500,2.898,5100,2.895,200,2.932,26400,2.933,20200,2.934,2000,2.935,5000,2.937,10000,2.939,10100,2.94,600,2.942,60500,2.943,3400,2.946,3400
2020-08-10 11:19:18.110,2.931,8700.0,2.91,2.917208,2.937,2.917,2.931,1300,2.93,171000,2.929,10000,2.926,10000,2.916,1300,2.915,5300,2.902,6700,2.9,3500,2.898,5100,2.895,200,2.932,26400,2.933,20200,2.934,2000,2.935,5000,2.939,10100,2.94,600,2.942,60500,2.943,3400,2.946,3400,2.947,2000
2020-08-10 11:20:47.520,2.93,2000.0,2.91,2.917239,2.93,2.917,2.916,1300,2.915,5300,2.903,100,2.902,6700,2.9,4000,2.898,5100,2.895,200,2.893,2000,2.89,3000,2.888,26000,2.93,1300,2.932,26400,2.933,20200,2.934,2000,2.935,5000,2.936,10000,2.939,10100,2.94,600,2.942,60500,2.943,3400
2020-08-10 11:22:52.370,2.92,5000.0,2.91,2.917256,2.928,2.917,2.92,5000,2.919,30000,2.918,10000,2.917,30000,2.916,1300,2.915,5300,2.903,100,2.902,6700,2.9,3000,2.898,5100,2.93,2800,2.931,10000,2.932,21300,2.933,30200,2.934,2000,2.935,5000,2.939,10100,2.94,600,2.942,60500,2.943,3400
2020-08-10 11:28:41.920,2.925,20000.0,2.91,2.91744,2.932,2.917,2.924,10000,2.922,10000,2.92,8000,2.917,1500,2.916,1300,2.915,5300,2.903,100,2.902,6700,2.9,3000,2.898,5100,2.925,2700,2.929,1100,2.93,3600,2.932,21300,2.933,15100,2.934,2000,2.935,5000,2.939,10100,2.94,600,2.942,60500
2020-08-10 11:29:06.690,2.925,2700.0,2.91,2.917464,2.932,2.917,2.925,166300,2.924,10000,2.922,10000,2.92,8000,2.917,1500,2.916,1300,2.915,5300,2.903,100,2.902,6700,2.9,3000,2.929,1100,2.93,3600,2.932,21300,2.933,15100,2.934,2000,2.935,5000,2.939,10100,2.94,600,2.942,60500,2.943,3400
2020-08-10 13:00:07.860,2.925,500.0,2.91,2.917468,2.934,2.917,2.925,175800,2.924,10000,2.922,10000,2.917,1500,2.916,1000,2.915,5300,2.91,2500,2.903,100,2.902,6700,2.901,50000,2.926,12600,2.929,6900,2.93,3600,2.932,21300,2.933,15100,2.934,12000,2.935,5000,2.939,10100,2.94,600,2.942,60500
2020-08-10 13:00:34.940,2.926,10000.0,2.91,2.917568,2.935,2.917,2.925,175800,2.924,10000,2.922,10000,2.917,1500,2.916,1000,2.915,5300,2.91,2500,2.903,100,2.902,6700,2.901,50000,2.926,2600,2.929,6900,2.93,3600,2.932,21300,2.933,15100,2.934,12000,2.935,5000,2.939,10100,2.94,600,2.943,3400
2020-08-10 13:00:35.420,2.926,2600.0,2.91,2.917593,2.935,2.917,2.926,7400,2.925,175800,2.924,10000,2.922,10000,2.917,1500,2.916,1000,2.915,5300,2.91,2500,2.903,100,2.902,6700,2.929,6900,2.93,3600,2.932,21300,2.933,15100,2.934,12000,2.935,5000,2.939,10100,2.94,600,2.943,3400,2.946,3400
2020-08-10 13:02:26.230,2.929,1400.0,2.91,2.917612,2.932,2.917,2.925,175800,2.924,10000,2.922,10000,2.917,1500,2.916,1000,2.915,5300,2.91,2500,2.903,100,2.902,6700,2.901,50000,2.929,5500,2.93,3600,2.932,21300,2.933,25100,2.934,12000,2.935,5000,2.939,10100,2.94,600,2.943,3400,2.946,3400
2020-08-10 13:06:52.670,2.929,5500.0,2.91,2.917684,2.935,2.917,2.929,190300,2.926,10000,2.925,10000,2.924,10000,2.922,10000,2.917,1500,2.916,1000,2.915,5300,2.91,2500,2.903,100,2.93,3600,2.932,21300,2.933,25100,2.934,12000,2.935,5000,2.939,10100,2.94,600,2.943,3400,2.946,3400,2.947,2000
2020-08-10 13:08:57.540,2.929,36200.0,2.91,2.918138,2.933,2.917,2.927,160300,2.926,10000,2.925,10000,2.924,10000,2.922,10000,2.917,1500,2.916,1000,2.915,5300,2.91,2500,2.903,100,2.929,9800,2.93,2300,2.932,21300,2.933,25100,2.934,12000,2.935,5000,2.939,10100,2.94,600,2.943,3400,2.946,3400
2020-08-10 13:13:05.370,2.93,2300.0,2.91,2.918168,2.935,2.917,2.93,158000,2.929,5000,2.926,10000,2.925,10000,2.924,10000,2.922,10000,2.917,1500,2.916,1000,2.915,5300,2.91,2500,2.931,30200,2.932,21300,2.933,25100,2.934,12000,2.935,5000,2.939,10100,2.94,600,2.943,3400,2.946,3400,2.947,2000
2020-08-10 13:13:39.560,2.931,100.0,2.91,2.91817,2.936,2.917,2.93,158000,2.929,5000,2.926,10000,2.925,10000,2.924,10000,2.922,10000,2.917,1500,2.916,1000,2.915,5300,2.91,2500,2.931,30100,2.932,21300,2.933,25100,2.934,12000,2.935,5000,2.939,10100,2.94,600,2.943,3400,2.946,3400,2.947,2000
2020-08-10 13:15:06.850,2.931,3100.0,2.91,2.918213,2.938,2.917,2.93,158000,2.929,5000,2.926,10000,2.925,10000,2.924,10000,2.922,10000,2.917,1500,2.916,1000,2.915,5300,2.91,2500,2.931,27000,2.932,21300,2.933,25100,2.934,12000,2.935,5000,2.939,100,2.94,600,2.943,3400,2.946,3400,2.947,2000
2020-08-10 13:15:59.060,2.931,200.0,2.91,2.918216,2.939,2.917,2.93,158000,2.929,5000,2.926,10000,2.925,10000,2.924,10000,2.922,10000,2.917,1500,2.916,1000,2.915,5300,2.91,2500,2.931,31800,2.932,21300,2.933,25100,2.934,12000,2.935,5000,2.939,100,2.94,600,2.943,3400,2.946,3400,2.947,2000
2020-08-10 13:16:55.600,2.93,3700.0,2.91,2.9182639999999997,2.938,2.917,2.93,154300,2.929,5000,2.926,10000,2.925,10000,2.924,10000,2.922,10000,2.917,1500,2.916,1000,2.915,5300,2.91,2500,2.931,31800,2.932,21300,2.933,25100,2.934,12000,2.935,5000,2.939,100,2.94,600,2.943,3400,2.946,3400,2.947,2000
2020-08-10 13:17:17.860,2.931,31800.0,2.91,2.918693,2.938,2.917,2.931,122500,2.929,5000,2.926,10000,2.925,10000,2.924,10000,2.922,10000,2.917,1500,2.916,1000,2.915,5300,2.91,2500,2.932,20300,2.933,25100,2.934,12000,2.935,5000,2.939,100,2.94,600,2.943,3400,2.946,3400,2.947,2000,2.948,95400
2020-08-10 13:17:29.490,2.932,900.0,2.91,2.9187060000000002,2.938,2.917,2.929,5000,2.926,10000,2.925,10000,2.924,10000,2.922,10000,2.917,1500,2.916,1000,2.915,5300,2.91,2500,2.902,6700,2.932,19400,2.933,25100,2.934,12000,2.935,5000,2.939,100,2.94,600,2.943,3400,2.946,3400,2.947,2000,2.948,95400
2020-08-10 13:18:43.980,2.932,19400.0,2.91,2.918973,2.939,2.917,2.932,103100,2.93,10000,2.929,5000,2.926,10000,2.925,10000,2.924,10000,2.922,10000,2.917,1500,2.916,1000,2.91,2500,2.933,25100,2.934,12000,2.935,5000,2.939,100,2.94,600,2.943,3400,2.946,3400,2.947,2000,2.948,95400,2.95,7700
2020-08-10 13:18:53.630,2.932,12000.0,2.91,2.919133,2.939,2.917,2.932,91100,2.93,10000,2.929,5000,2.926,10000,2.925,10000,2.924,10000,2.922,10000,2.917,1500,2.916,1000,2.91,2500,2.933,25100,2.934,12000,2.935,5000,2.939,100,2.94,600,2.943,3400,2.946,3400,2.947,2000,2.948,95400,2.95,7700
2020-08-10 13:19:08.500,2.932,5000.0,2.91,2.9191990000000003,2.939,2.917,2.932,91100,2.93,10000,2.929,5000,2.926,10000,2.925,10000,2.924,10000,2.922,10000,2.917,1500,2.916,1000,2.91,2500,2.933,25100,2.934,12000,2.935,5000,2.939,30400,2.94,600,2.943,3400,2.946,3400,2.947,2000,2.948,95400,2.95,7700
2020-08-10 13:19:18.310,2.932,5100.0,2.91,2.919265,2.94,2.917,2.932,86000,2.93,10000,2.929,5000,2.926,10000,2.925,10000,2.924,10000,2.922,10000,2.917,1500,2.916,1000,2.91,2500,2.933,25100,2.934,12000,2.935,5000,2.939,30400,2.94,600,2.943,3400,2.946,3400,2.947,2000,2.948,95400,2.95,7700
2020-08-10 13:19:32.680,2.933,10000.0,2.91,2.919403,2.94,2.917,2.932,86000,2.93,10000,2.929,5000,2.926,10000,2.925,10000,2.924,10000,2.922,10000,2.917,1500,2.916,1000,2.91,2500,2.933,15100,2.934,12000,2.935,5000,2.939,30400,2.94,600,2.943,3400,2.946,3400,2.947,2000,2.948,95400,2.95,7700
2020-08-10 13:19:34.370,2.933,15100.0,2.91,2.919606,2.94,2.917,2.933,4900,2.932,86000,2.93,10000,2.929,5000,2.926,10000,2.925,10000,2.924,10000,2.922,10000,2.917,1500,2.916,1000,2.934,12000,2.935,5000,2.939,30400,2.94,600,2.943,3400,2.946,3400,2.947,2000,2.948,95400,2.95,7700,2.955,6000
2020-08-10 13:19:50.160,2.934,12000.0,2.91,2.919775,2.941,2.917,2.934,69000,2.933,4900,2.932,5000,2.93,10000,2.929,5000,2.926,10000,2.925,10000,2.924,10000,2.922,10000,2.917,1500,2.935,5000,2.939,30400,2.94,600,2.943,3400,2.946,3400,2.947,2000,2.948,95400,2.95,7700,2.955,6000,2.96,1400
2020-08-10 13:20:54.200,2.935,5000.0,2.91,2.919849,2.944,2.917,2.935,64600,2.934,70000,2.933,4900,2.932,5000,2.93,10000,2.929,5000,2.926,10000,2.925,10000,2.924,10000,2.922,10000,2.939,100,2.94,600,2.946,30300,2.947,2000,2.948,95400,2.95,17700,2.955,6000,2.96,11400,2.964,5000,2.965,4800
2020-08-10 13:21:37.670,2.935,600.0,2.91,2.919858,2.945,2.917,2.935,64000,2.934,70000,2.932,5000,2.93,10000,2.929,5000,2.926,10000,2.925,10000,2.924,10000,2.922,10000,2.917,1500,2.939,3100,2.94,5600,2.946,30300,2.947,5300,2.948,95400,2.95,17700,2.955,6000,2.96,11400,2.964,5000,2.965,4800
2020-08-10 13:24:48.610,2.938,17000.0,2.91,2.920153,2.944,2.917,2.938,52000,2.935,64500,2.932,5000,2.93,10000,2.929,5000,2.926,10000,2.925,10000,2.924,10000,2.922,10000,2.917,1500,2.939,3100,2.94,5600,2.946,30300,2.947,5300,2.948,95400,2.95,17700,2.955,7000,2.96,11400,2.964,5000,2.965,4800
2020-08-10 13:24:52.700,2.938,5000.0,2.91,2.920238,2.944,2.917,2.938,47000,2.935,64500,2.932,5000,2.93,10000,2.929,5000,2.926,10000,2.925,10000,2.924,10000,2.922,10000,2.917,1500,2.939,3100,2.94,5600,2.946,30300,2.947,5300,2.948,95400,2.95,17700,2.955,7000,2.96,11400,2.964,5000,2.965,4800
2020-08-10 13:25:12.610,2.939,700.0,2.91,2.92025,2.944,2.917,2.938,47000,2.935,64500,2.932,5000,2.93,10000,2.929,5000,2.926,10000,2.925,10000,2.924,10000,2.922,10000,2.917,1500,2.939,2400,2.94,5600,2.946,30300,2.947,5300,2.948,95400,2.95,17700,2.955,7000,2.96,11400,2.964,5000,2.965,4800
2020-08-10 13:26:39.910,2.935,2000.0,2.91,2.9202779999999997,2.942,2.917,2.935,62000,2.932,5000,2.93,10000,2.929,5000,2.926,10000,2.925,10000,2.924,10000,2.922,10000,2.917,1500,2.916,1000,2.939,2400,2.94,5600,2.945,10100,2.946,2400,2.947,5300,2.948,95400,2.95,17700,2.955,7000,2.96,11400,2.964,5000
2020-08-10 13:26:53.330,2.939,100.0,2.91,2.92028,2.942,2.917,2.935,59600,2.932,5000,2.93,10000,2.929,5000,2.926,10000,2.925,10000,2.924,10000,2.922,10000,2.917,1500,2.916,1000,2.939,2300,2.94,5600,2.945,10100,2.946,2400,2.947,5300,2.948,95400,2.95,17700,2.955,7000,2.96,11400,2.964,5000
2020-08-10 13:28:08.540,2.939,700.0,2.91,2.920292,2.94,2.917,2.936,400,2.935,59600,2.932,5000,2.93,10000,2.929,5000,2.926,10000,2.925,10000,2.924,10000,2.922,10000,2.917,1500,2.939,22200,2.94,5600,2.945,10100,2.946,2400,2.947,5300,2.948,95400,2.95,17700,2.955,7000,2.96,11400,2.964,5000
2020-08-10 13:28:31.230,2.936,400.0,2.91,2.920298,2.94,2.917,2.935,59600,2.932,5000,2.93,10000,2.929,5000,2.926,10000,2.925,10000,2.924,10000,2.922,10000,2.917,1500,2.916,1000,2.936,200,2.939,23600,2.94,5600,2.945,10100,2.946,2400,2.947,7100,2.948,95400,2.95,17700,2.955,40700,2.96,11400
2020-08-10 13:28:35.750,2.935,30000.0,2.91,2.920705,2.94,2.917,2.935,29600,2.932,5000,2.93,10000,2.929,5000,2.926,10000,2.925,10000,2.924,10000,2.922,10000,2.917,1500,2.916,1000,2.936,200,2.939,23600,2.94,5600,2.945,10100,2.946,2400,2.947,7100,2.948,95400,2.95,17700,2.955,40700,2.96,11400
2020-08-10 13:28:54.180,2.935,200.0,2.91,2.920707,2.941,2.917,2.935,29400,2.932,5000,2.93,10000,2.929,5000,2.926,10000,2.925,10000,2.924,10000,2.922,10000,2.917,1500,2.916,1000,2.936,200,2.939,23600,2.94,5600,2.945,10100,2.946,2400,2.947,7100,2.948,95400,2.95,17700,2.955,40700,2.96,11400
2020-08-10 13:28:54.390,2.936,200.0,2.91,2.9207099999999997,2.941,2.917,2.936,46800,2.935,29400,2.932,5000,2.93,10000,2.929,5000,2.926,10000,2.925,10000,2.924,10000,2.922,10000,2.917,1500,2.939,23600,2.94,5600,2.945,10100,2.946,2400,2.947,7100,2.948,95400,2.95,17700,2.955,40700,2.96,11400,2.964,5000
2020-08-10 13:31:05.060,2.939,23600.0,2.91,2.9210990000000003,2.943,2.917,2.939,23200,2.935,29400,2.932,5000,2.93,10000,2.929,5000,2.926,10000,2.925,10000,2.924,10000,2.922,10000,2.917,1500,2.94,5600,2.945,10100,2.946,2400,2.947,7100,2.948,95400,2.95,17700,2.955,40700,2.96,11400,2.964,5000,2.965,4800
2020-08-10 13:31:08.210,2.939,2000.0,2.91,2.921132,2.943,2.917,2.939,21200,2.935,29400,2.932,5000,2.93,10000,2.929,5000,2.926,10000,2.925,10000,2.924,10000,2.922,10000,2.917,1500,2.94,5600,2.945,10100,2.946,2400,2.947,7100,2.948,95400,2.95,17700,2.955,40700,2.96,11400,2.964,5000,2.965,4800
2020-08-10 13:32:23.790,2.939,10000.0,2.91,2.921291,2.942,2.917,2.939,11200,2.935,29400,2.932,5000,2.93,10000,2.929,5000,2.926,10000,2.925,10000,2.924,10000,2.922,10000,2.917,1500,2.94,5600,2.945,10100,2.946,2400,2.947,7100,2.948,95400,2.95,17700,2.955,40700,2.96,11400,2.964,5000,2.965,4800
2020-08-10 13:32:27.330,2.939,11200.0,2.91,2.921466,2.942,2.917,2.935,29400,2.932,5000,2.93,10000,2.929,5000,2.926,10000,2.925,10000,2.924,10000,2.922,10000,2.917,1500,2.916,1000,2.939,88800,2.94,5600,2.945,10100,2.946,2400,2.947,7100,2.948,95400,2.95,17700,2.955,40700,2.96,11400,2.964,5000
2020-08-10 13:35:04.340,2.939,3300.0,2.91,2.9215169999999997,2.946,2.917,2.939,296700,2.935,29400,2.932,5000,2.93,10000,2.929,5000,2.926,10000,2.925,10000,2.924,10000,2.922,10000,2.917,1500,2.94,5600,2.945,10200,2.946,2400,2.947,107100,2.948,95400,2.95,17700,2.955,40700,2.96,11400,2.964,5000,2.965,4800
2020-08-10 13:35:49.750,2.939,2000.0,2.91,2.921548,2.946,2.917,2.939,294700,2.935,29400,2.932,5000,2.93,10000,2.929,5000,2.926,10000,2.925,10000,2.924,10000,2.922,10000,2.917,1500,2.94,5600,2.945,10200,2.946,2400,2.947,107100,2.948,95400,2.95,17700,2.955,40700,2.96,11400,2.963,100,2.964,5000
2020-08-10 13:36:35.890,2.94,3000.0,2.91,2.921597,2.946,2.917,2.939,294700,2.935,29400,2.932,5000,2.93,10000,2.929,5000,2.926,10000,2.925,10000,2.924,10000,2.922,10000,2.917,1500,2.94,4400,2.944,600,2.945,10200,2.946,5700,2.947,107100,2.948,95400,2.95,17700,2.955,40700,2.96,11400,2.963,100
2020-08-10 13:37:36.580,2.94,4900.0,2.91,2.921675,2.946,2.917,2.94,34400,2.939,294700,2.935,29400,2.932,5000,2.93,10000,2.929,5000,2.926,10000,2.925,10000,2.924,10000,2.922,10000,2.944,600,2.945,10200,2.946,5700,2.947,107100,2.948,95400,2.95,17700,2.955,40700,2.96,11400,2.963,100,2.964,5000
2020-08-10 13:37:52.800,2.94,1900.0,2.91,2.921706,2.946,2.917,2.94,32500,2.939,294700,2.935,29400,2.932,5000,2.93,10000,2.929,5000,2.926,10000,2.917,1500,2.916,1000,2.91,2500,2.944,600,2.945,10200,2.946,5700,2.947,107100,2.948,95400,2.95,17700,2.955,40700,2.96,11400,2.963,100,2.964,5000
2020-08-10 13:39:21.150,2.94,26700.0,2.91,2.9221220000000003,2.946,2.917,2.94,5800,2.939,294700,2.935,29400,2.932,5000,2.93,10000,2.929,5000,2.926,10000,2.917,1500,2.916,1000,2.91,2500,2.944,10600,2.945,10200,2.946,10700,2.947,107100,2.948,95400,2.95,17700,2.955,40700,2.96,11400,2.963,100,2.964,5000
2020-08-10 13:39:51.050,2.94,5800.0,2.91,2.9222099999999998,2.945,2.917,2.939,294700,2.935,39400,2.932,5000,2.93,10000,2.929,5000,2.926,10000,2.917,1500,2.916,1000,2.91,2500,2.902,6700,2.94,200,2.944,10600,2.945,10200,2.946,10700,2.947,107100,2.948,95400,2.95,17700,2.955,34700,2.96,11400,2.963,100
2020-08-10 13:41:51.340,2.935,5000.0,2.91,2.9222639999999998,2.941,2.917,2.935,24400,2.932,15000,2.93,10000,2.929,5000,2.926,10000,2.917,1500,2.916,1000,2.91,2500,2.902,6700,2.901,50000,2.939,10000,2.94,2300,2.943,10000,2.944,10600,2.945,10200,2.946,10700,2.947,107100,2.948,95400,2.95,17700,2.955,34700
2020-08-10 13:42:11.430,2.935,1300.0,2.91,2.922278,2.941,2.917,2.935,23100,2.932,15000,2.93,10000,2.929,5000,2.926,10000,2.917,1500,2.916,1000,2.91,2500,2.902,6700,2.901,50000,2.939,10000,2.94,2300,2.943,10000,2.944,10600,2.945,10200,2.946,10700,2.947,107100,2.948,95400,2.95,17700,2.955,34700
2020-08-10 13:43:11.620,2.935,1600.0,2.91,2.922295,2.939,2.917,2.935,21500,2.932,15000,2.931,10000,2.93,10000,2.929,5000,2.926,10000,2.917,1500,2.916,1000,2.91,2500,2.902,6700,2.939,10000,2.94,2300,2.943,10000,2.944,20600,2.945,10200,2.946,10700,2.947,107100,2.948,95400,2.95,17700,2.955,34700
2020-08-10 13:45:47.200,2.939,100.0,2.91,2.922296,2.943,2.917,2.936,5000,2.935,21500,2.934,10000,2.933,10000,2.932,15000,2.93,10000,2.929,5000,2.926,10000,2.917,1500,2.916,1000,2.939,9900,2.94,2300,2.943,10000,2.944,20600,2.945,10200,2.946,10700,2.947,105100,2.948,95400,2.95,17700,2.955,34700
2020-08-10 13:45:54.590,2.939,100.0,2.91,2.922298,2.943,2.917,2.936,5000,2.935,21500,2.934,10000,2.933,10000,2.932,15000,2.93,10000,2.929,5000,2.926,10000,2.917,1500,2.916,1000,2.939,9800,2.94,2300,2.943,10000,2.944,20600,2.945,10200,2.946,10700,2.947,105100,2.948,95400,2.95,17700,2.955,34700
2020-08-10 13:46:20.670,2.938,1000.0,2.91,2.922311,2.943,2.917,2.938,4000,2.935,21500,2.934,10000,2.933,10000,2.932,15000,2.93,10000,2.929,5000,2.926,10000,2.917,1500,2.916,1000,2.939,9800,2.94,2300,2.943,10000,2.944,20600,2.945,10200,2.946,10700,2.947,105100,2.948,95400,2.95,17700,2.955,34700
2020-08-10 13:46:24.330,2.938,4000.0,2.91,2.9223630000000003,2.943,2.917,2.935,21500,2.934,10000,2.933,10000,2.932,15000,2.93,10000,2.929,5000,2.926,10000,2.917,1500,2.916,1000,2.91,2500,2.938,6000,2.939,9800,2.94,2300,2.943,10000,2.944,20600,2.945,10200,2.946,10700,2.947,105100,2.948,95400,2.95,17700
2020-08-10 13:48:15.990,2.935,10000.0,2.91,2.922469,2.942,2.917,2.935,11500,2.934,10000,2.933,10000,2.932,15000,2.93,10000,2.929,5000,2.926,10000,2.917,1500,2.916,1000,2.91,2500,2.936,600,2.939,9800,2.94,2300,2.944,10600,2.945,10200,2.946,10700,2.947,105100,2.948,95400,2.95,17700,2.955,34700
2020-08-10 13:48:16.450,2.935,10000.0,2.91,2.922572,2.941,2.917,2.935,1500,2.934,10000,2.933,10000,2.932,15000,2.93,10000,2.929,5000,2.926,10000,2.917,1500,2.916,1000,2.91,2500,2.936,600,2.939,9800,2.94,2300,2.944,10600,2.945,10200,2.946,10700,2.947,105100,2.948,95400,2.95,17700,2.955,34700
2020-08-10 13:48:22.330,2.935,1500.0,2.91,2.922587,2.94,2.917,2.934,10000,2.933,10000,2.932,10000,2.93,10000,2.929,5000,2.926,10000,2.917,1500,2.916,1000,2.91,2500,2.902,6700,2.935,8500,2.936,600,2.939,9800,2.94,2300,2.944,10600,2.945,10200,2.946,10700,2.947,105100,2.948,95400,2.95,17700
2020-08-10 13:48:25.300,2.934,10000.0,2.91,2.9226799999999997,2.94,2.917,2.933,10000,2.932,10000,2.93,10000,2.926,10000,2.917,1500,2.916,1000,2.91,2500,2.902,6700,2.901,50000,2.9,3500,2.935,8500,2.936,600,2.939,9800,2.94,2300,2.944,10600,2.945,10200,2.946,10700,2.947,105100,2.948,95400,2.95,17700
2020-08-10 13:48:52.940,2.932,10000.0,2.91,2.922756,2.939,2.917,2.931,10000,2.93,10000,2.926,10000,2.917,1500,2.916,1000,2.91,2500,2.902,6700,2.901,50000,2.9,3500,2.895,200,2.932,37200,2.936,600,2.94,2300,2.944,10600,2.945,10200,2.946,10700,2.947,105100,2.948,95400,2.95,17700,2.955,34700
2020-08-10 13:49:12.680,2.931,400.0,2.91,2.922759,2.938,2.917,2.931,9600,2.93,10000,2.926,10000,2.917,1500,2.916,1000,2.91,2500,2.902,6700,2.901,50000,2.9,3500,2.895,200,2.932,37200,2.936,600,2.94,2300,2.944,10600,2.945,10200,2.946,10700,2.947,105100,2.948,95400,2.95,17700,2.955,34700
2020-08-10 13:49:46.350,2.932,54400.0,2.91,2.923149,2.939,2.917,2.932,240300,2.931,19600,2.93,10000,2.926,10000,2.917,1500,2.916,1000,2.91,2500,2.902,6700,2.901,50000,2.9,3500,2.936,600,2.94,2300,2.944,10600,2.945,10200,2.946,10700,2.947,105100,2.948,95400,2.95,17700,2.955,34700,2.96,11400
2020-08-10 13:51:26.500,2.932,500.0,2.91,2.923152,2.941,2.917,2.932,259800,2.931,19600,2.93,10000,2.926,10000,2.917,1500,2.916,1000,2.91,2500,2.902,6700,2.901,50000,2.9,3500,2.936,600,2.938,10400,2.94,2300,2.944,10600,2.945,10200,2.946,10700,2.947,105100,2.948,95400,2.95,17700,2.955,34700
2020-08-10 13:51:57.260,2.936,600.0,2.91,2.9231580000000004,2.942,2.917,2.936,17700,2.932,259800,2.931,19600,2.93,10000,2.926,10000,2.917,1500,2.916,1000,2.91,2500,2.902,6700,2.901,50000,2.938,400,2.94,2300,2.944,10600,2.945,10200,2.946,10700,2.947,105100,2.948,95400,2.95,17700,2.955,34700,2.96,11400
2020-08-10 13:52:30.930,2.936,4000.0,2.91,2.9231979999999997,2.942,2.917,2.936,13700,2.935,10000,2.932,259800,2.931,19600,2.93,10000,2.926,10000,2.917,1500,2.916,1000,2.91,2500,2.902,6700,2.938,400,2.94,12300,2.944,10600,2.945,10200,2.946,10700,2.947,5100,2.948,95400,2.95,17700,2.955,34700,2.96,11400
2020-08-10 13:53:54.530,2.936,4200.0,2.91,2.923239,2.944,2.917,2.936,9500,2.935,10000,2.934,10000,2.932,249800,2.931,10000,2.93,10000,2.926,10000,2.917,1500,2.91,2500,2.902,6700,2.938,400,2.94,12300,2.944,10600,2.945,10200,2.946,10700,2.947,5100,2.948,95400,2.95,17700,2.955,34700,2.96,11400
2020-08-10 13:53:56.280,2.94,11200.0,2.91,2.923382,2.944,2.917,2.936,9500,2.935,10000,2.934,10000,2.932,249800,2.931,10000,2.93,10000,2.926,10000,2.917,1500,2.91,2500,2.902,6700,2.94,1500,2.944,10600,2.945,10200,2.946,10700,2.947,5100,2.948,95400,2.95,17700,2.955,34700,2.96,11400,2.963,2100
2020-08-10 13:56:00.580,2.944,10600.0,2.91,2.923547,2.948,2.917,2.944,36400,2.937,10000,2.936,9500,2.935,10000,2.934,10000,2.932,249800,2.931,10000,2.93,10000,2.926,10000,2.917,1500,2.945,9700,2.946,10700,2.947,5600,2.948,98400,2.949,10000,2.95,17700,2.955,34700,2.96,11400,2.963,2100,2.964,5000
2020-08-10 13:56:47.940,2.945,100.0,2.91,2.923549,2.947,2.917,2.944,36400,2.937,10000,2.936,9500,2.935,10000,2.934,10000,2.932,249800,2.931,10000,2.93,10000,2.926,10000,2.917,1500,2.945,15600,2.946,10700,2.947,5600,2.948,98400,2.949,10000,2.95,27700,2.955,1000,2.96,11400,2.963,2100,2.964,5000
2020-08-10 13:56:49.750,2.944,3100.0,2.91,2.923597,2.947,2.917,2.944,33300,2.937,10000,2.936,9500,2.935,10000,2.934,10000,2.932,249800,2.931,10000,2.93,10000,2.926,10000,2.917,1500,2.945,15600,2.946,10700,2.947,5600,2.948,98400,2.949,10000,2.95,27700,2.955,1000,2.96,11400,2.963,2100,2.964,5000
2020-08-10 13:57:07.800,2.944,4400.0,2.91,2.923665,2.947,2.917,2.944,28900,2.937,10000,2.936,48100,2.935,10000,2.934,10000,2.932,249800,2.931,10000,2.93,10000,2.926,10000,2.917,1500,2.945,15600,2.946,10700,2.947,5600,2.948,98400,2.949,10000,2.95,27700,2.955,1000,2.96,11400,2.963,2100,2.964,5000
2020-08-10 13:57:42.640,2.944,1500.0,2.91,2.9236880000000003,2.946,2.917,2.944,27400,2.937,10000,2.936,48100,2.935,10000,2.934,10000,2.932,249800,2.931,10000,2.93,10000,2.926,10000,2.917,1500,2.945,15600,2.946,10700,2.947,5600,2.948,108400,2.949,10000,2.95,27700,2.955,1000,2.96,11400,2.963,2100,2.964,5000
2020-08-10 13:58:03.470,2.945,1000.0,2.91,2.9237040000000003,2.947,2.917,2.944,27400,2.937,13000,2.936,48100,2.935,10000,2.934,10000,2.932,249800,2.931,10000,2.917,1500,2.91,2500,2.902,6700,2.945,14600,2.946,10700,2.947,5600,2.948,108400,2.949,10000,2.95,27700,2.955,1000,2.96,11400,2.963,2100,2.964,5000
2020-08-10 13:58:27.240,2.944,27400.0,2.91,2.924113,2.947,2.917,2.937,13000,2.936,48100,2.935,10000,2.934,10000,2.932,249800,2.931,10000,2.917,1500,2.91,2500,2.902,6700,2.901,50000,2.944,72600,2.945,14600,2.946,10700,2.947,5600,2.948,108400,2.949,10000,2.95,27700,2.955,1000,2.96,11400,2.963,2100
2020-08-10 13:59:06.310,2.937,3600.0,2.91,2.924147,2.946,2.917,2.937,9400,2.936,48100,2.935,10000,2.934,10000,2.932,249800,2.931,10000,2.917,1500,2.91,2500,2.902,6700,2.901,50000,2.945,25000,2.946,7400,2.947,5600,2.948,108400,2.949,10000,2.95,27700,2.955,1000,2.96,11400,2.963,2100,2.964,5000
2020-08-10 14:01:46.120,2.943,1800.0,2.91,2.924172,2.953,2.917,2.943,8200,2.939,10000,2.938,15000,2.937,14800,2.936,58100,2.935,10500,2.934,10000,2.932,239800,2.931,10000,2.917,1500,2.944,6200,2.945,18000,2.946,7400,2.947,3800,2.948,98400,2.949,10000,2.95,27700,2.955,1000,2.96,11400,2.963,2100
2020-08-10 14:01:52.160,2.943,1400.0,2.91,2.9241919999999997,2.952,2.917,2.943,6800,2.939,10000,2.938,15000,2.937,14800,2.936,19500,2.935,10500,2.934,10000,2.932,239800,2.931,10000,2.917,1500,2.944,6200,2.945,18000,2.946,7400,2.947,3800,2.948,98400,2.949,10000,2.95,27700,2.955,1000,2.96,11400,2.963,2100
2020-08-10 14:02:27.070,2.943,6800.0,2.91,2.924285,2.955,2.917,2.939,10000,2.938,15000,2.937,20100,2.936,19500,2.935,10500,2.934,10000,2.932,239800,2.931,10000,2.917,1500,2.91,2500,2.943,28200,2.944,6200,2.945,18000,2.946,7400,2.947,500,2.948,98400,2.95,17700,2.955,1000,2.96,11400,2.963,2100
2020-08-10 14:02:34.600,2.943,10000.0,2.91,2.92442,2.956,2.917,2.939,10000,2.938,15000,2.937,20100,2.936,9500,2.935,10500,2.934,10000,2.932,239800,2.931,10000,2.917,1500,2.91,2500,2.943,18200,2.944,6200,2.945,18000,2.946,7400,2.947,500,2.948,98400,2.95,17700,2.955,1000,2.96,11400,2.963,2100
2020-08-10 14:02:35.980,2.943,18200.0,2.91,2.924662,2.956,2.917,2.943,12700,2.939,10000,2.938,15000,2.937,20100,2.936,9500,2.935,10500,2.934,10000,2.932,239800,2.931,10000,2.917,1500,2.944,6200,2.945,18000,2.946,7400,2.947,500,2.948,98400,2.95,17700,2.955,1000,2.96,11400,2.963,2100,2.964,5000
2020-08-10 14:02:42.150,2.944,6200.0,2.91,2.924747,2.956,2.917,2.944,76700,2.943,12700,2.939,10000,2.938,15000,2.937,20100,2.936,9500,2.935,10500,2.932,239800,2.931,10000,2.917,1500,2.945,18000,2.946,7400,2.947,500,2.948,98400,2.95,17700,2.955,1000,2.96,11400,2.963,2100,2.964,5000,2.969,200
2020-08-10 14:02:51.270,2.945,18000.0,2.91,2.925003,2.956,2.917,2.945,2000,2.944,76700,2.939,10000,2.938,15000,2.937,20100,2.936,9500,2.935,500,2.932,239800,2.931,10000,2.917,1500,2.946,7400,2.947,500,2.948,98400,2.95,17700,2.955,1000,2.96,11400,2.963,2100,2.964,5000,2.969,200,2.98,19700
2020-08-10 14:02:59.510,2.946,7400.0,2.91,2.925112,2.957,2.917,2.946,2600,2.945,241800,2.944,86700,2.939,10000,2.938,15000,2.937,20100,2.936,9500,2.935,500,2.931,10000,2.917,1500,2.947,500,2.948,98400,2.95,17700,2.955,1000,2.96,11400,2.963,2100,2.964,5000,2.969,200,2.98,19700,2.99,9000
2020-08-10 14:03:02.830,2.947,500.0,2.91,2.92512,2.957,2.917,2.947,9500,2.946,2600,2.945,241800,2.944,86700,2.939,10000,2.938,15000,2.937,20100,2.936,9500,2.935,500,2.931,10000,2.948,98400,2.95,17700,2.955,1000,2.96,11400,2.963,2100,2.964,5000,2.969,200,2.98,19700,2.99,9000,2.997,2000
2020-08-10 14:03:06.050,2.948,98400.0,2.91,2.926591,2.957,2.917,2.949,141400,2.947,9500,2.946,2600,2.945,2000,2.944,86700,2.939,10000,2.938,15000,2.937,20100,2.936,9500,2.935,500,2.95,17700,2.955,1000,2.96,11400,2.963,2100,2.964,5000,2.969,200,2.98,19700,2.99,9000,2.997,2000,2.998,800
2020-08-10 14:04:07.800,2.948,500.0,2.91,2.926598,2.956,2.917,2.948,9500,2.945,12000,2.944,10000,2.938,10000,2.937,13700,2.936,9500,2.935,500,2.931,10000,2.917,1500,2.91,2500,2.95,43800,2.955,1000,2.96,11400,2.963,2100,2.964,5000,2.965,3000,2.969,200,2.98,19700,2.99,9000,2.997,2000
2020-08-10 14:04:54.620,2.948,1000.0,2.91,2.926612,2.956,2.917,2.948,8500,2.945,12000,2.944,10000,2.938,10000,2.937,13700,2.936,9500,2.935,500,2.931,10000,2.917,1500,2.91,2500,2.95,43800,2.955,1000,2.96,11400,2.963,2100,2.964,5000,2.965,3000,2.969,200,2.98,19700,2.99,9000,2.997,2000
2020-08-10 14:05:27.400,2.948,5000.0,2.91,2.926682,2.955,2.917,2.948,3500,2.945,12000,2.938,10000,2.937,13700,2.936,9500,2.935,500,2.931,10000,2.917,1500,2.91,2500,2.902,6700,2.95,43800,2.955,1000,2.96,11400,2.963,2100,2.964,5000,2.965,3000,2.969,200,2.98,19700,2.99,9000,2.997,2000
2020-08-10 14:06:24.150,2.948,3100.0,2.91,2.926725,2.953,2.917,2.948,800,2.947,10000,2.945,12000,2.938,10000,2.937,13700,2.936,9500,2.935,500,2.931,10000,2.917,1500,2.91,2500,2.95,43800,2.955,1000,2.96,11400,2.963,2100,2.964,5000,2.965,3000,2.969,200,2.98,19700,2.99,9000,2.997,2000
2020-08-10 14:06:45.390,2.949,500.0,2.91,2.926732,2.953,2.917,2.948,800,2.947,10000,2.945,12000,2.938,10000,2.937,13300,2.936,9500,2.935,500,2.931,10000,2.917,1500,2.91,2500,2.949,9500,2.95,43800,2.955,1000,2.96,11400,2.963,2100,2.964,5000,2.965,3000,2.969,200,2.98,19700,2.99,9000
2020-08-10 14:06:49.380,2.949,100.0,2.91,2.926733,2.953,2.917,2.948,800,2.947,10000,2.945,12000,2.938,10000,2.937,13300,2.936,9500,2.935,500,2.931,10000,2.917,1500,2.91,2500,2.949,9400,2.95,43800,2.955,1000,2.96,11400,2.963,2100,2.964,5000,2.965,3000,2.969,200,2.98,19700,2.99,9000
2020-08-10 14:08:05.390,2.949,3000.0,2.91,2.926777,2.952,2.917,2.947,10000,2.946,10000,2.945,12000,2.938,10000,2.937,13300,2.936,9500,2.935,500,2.931,10000,2.917,1500,2.91,2500,2.949,11400,2.95,19200,2.952,1000,2.955,1000,2.96,11400,2.963,2100,2.964,5000,2.965,3000,2.969,200,2.98,19700
2020-08-10 14:09:20.900,2.949,5000.0,2.91,2.926848,2.956,2.917,2.947,5000,2.946,10000,2.945,10000,2.937,8300,2.935,500,2.917,1500,2.91,2500,2.902,6700,2.901,50000,2.9,3500,2.949,32700,2.95,19200,2.952,1000,2.955,1000,2.96,14400,2.963,2100,2.964,5000,2.965,3000,2.969,200,2.98,19700
2020-08-10 14:10:00.510,2.949,33800.0,2.91,2.92732,2.957,2.917,2.946,10000,2.945,10000,2.937,8300,2.935,500,2.93,100000,2.922,10000,2.917,1500,2.91,2500,2.902,6700,2.901,50000,2.949,900,2.95,19200,2.952,1000,2.955,1000,2.96,14400,2.963,2100,2.964,5000,2.965,3000,2.969,200,2.98,19700
2020-08-10 14:11:14.210,2.95,2800.0,2.91,2.927644,2.957,2.917,2.95,94700,2.948,10000,2.946,10000,2.945,200,2.937,8300,2.935,500,2.93,100000,2.922,10000,2.917,1500,2.91,2500,2.951,100,2.952,1000,2.955,51200,2.956,10000,2.96,14400,2.963,2100,2.964,5000,2.965,3000,2.969,200,2.98,19700
2020-08-10 14:11:21.510,2.95,100.0,2.91,2.927645,2.957,2.917,2.95,94600,2.948,10000,2.946,10000,2.945,200,2.937,8300,2.935,500,2.93,100000,2.922,10000,2.917,1500,2.91,2500,2.951,100,2.955,51200,2.956,10000,2.96,14400,2.963,2100,2.964,5000,2.965,3000,2.969,200,2.98,19700,2.99,12000
2020-08-10 14:12:14.990,2.95,14000.0,2.91,2.927838,2.956,2.917,2.95,73600,2.948,10000,2.946,10000,2.945,200,2.937,8300,2.935,500,2.93,100000,2.922,10000,2.917,1500,2.91,2500,2.951,100,2.953,4900,2.954,3100,2.955,51700,2.956,10000,2.96,13000,2.963,2100,2.964,5000,2.965,3000,2.969,200
2020-08-10 14:13:25.090,2.951,100.0,2.91,2.92784,2.954,2.917,2.951,2900,2.948,10000,2.947,10000,2.945,200,2.937,8300,2.935,500,2.93,100000,2.922,10000,2.917,1500,2.91,2500,2.952,1000,2.953,4900,2.954,3100,2.955,1500,2.956,20000,2.96,10000,2.963,2100,2.964,5000,2.965,3000,2.969,200
2020-08-10 14:13:38.400,2.951,2900.0,2.91,2.927881,2.954,2.917,2.948,10000,2.947,10000,2.945,200,2.937,8300,2.935,500,2.93,100000,2.922,10000,2.917,1500,2.91,2500,2.902,6700,2.951,200,2.952,1000,2.953,4900,2.954,3100,2.955,1500,2.956,20000,2.96,10000,2.963,2100,2.964,5000,2.965,3000
2020-08-10 14:14:05.620,2.951,400.0,2.91,2.9278869999999997,2.953,2.917,2.945,200,2.937,8300,2.935,500,2.93,100000,2.922,10000,2.917,1500,2.91,2500,2.902,6700,2.901,50000,2.9,3500,2.951,50000,2.952,1000,2.953,4900,2.954,3100,2.955,1500,2.956,20000,2.96,10000,2.963,2100,2.964,5000,2.965,3000
2020-08-10 14:14:20.420,2.945,2000.0,2.91,2.927908,2.953,2.917,2.945,8200,2.937,8300,2.935,500,2.93,100000,2.922,10000,2.917,1500,2.91,2500,2.902,6700,2.901,50000,2.9,3500,2.951,50000,2.952,1000,2.953,4900,2.954,3100,2.955,1500,2.956,20000,2.96,10000,2.963,2100,2.964,5000,2.965,3000
2020-08-10 14:15:36.690,2.945,3000.0,2.91,2.927939,2.954,2.917,2.945,5200,2.938,10000,2.937,8300,2.935,500,2.93,100000,2.922,10000,2.917,1500,2.91,2500,2.902,6700,2.901,50000,2.95,900,2.951,50000,2.952,1000,2.953,4900,2.954,3100,2.955,11500,2.956,20000,2.96,10000,2.963,2100,2.964,5000
2020-08-10 14:19:15.640,2.95,55500.0,2.91,2.928667,2.954,2.917,2.95,15100,2.946,10000,2.945,5600,2.944,10000,2.938,10000,2.937,8300,2.917,1500,2.91,2500,2.902,6700,2.901,50000,2.951,1800,2.952,1000,2.953,4900,2.954,3100,2.955,1500,2.956,10000,2.96,10000,2.961,3100,2.963,2100,2.964,5000
2020-08-10 14:19:27.580,2.95,400.0,2.91,2.928672,2.954,2.917,2.95,14700,2.946,10000,2.945,5600,2.944,10000,2.938,10000,2.937,8300,2.917,1500,2.91,2500,2.902,6700,2.901,50000,2.951,1800,2.952,1000,2.953,4900,2.954,3100,2.955,1500,2.956,10000,2.96,10000,2.961,3100,2.963,2100,2.964,5000
2020-08-10 14:21:04.760,2.95,4900.0,2.91,2.928734,2.954,2.917,2.95,25100,2.948,24700,2.946,10000,2.945,5600,2.944,10000,2.938,10000,2.937,8300,2.917,1500,2.91,2500,2.902,6700,2.951,6700,2.952,1900,2.953,4900,2.954,3100,2.955,1500,2.956,10000,2.96,10000,2.961,3100,2.963,2100,2.964,5000
2020-08-10 14:21:55.600,2.95,6800.0,2.91,2.928819,2.955,2.917,2.95,18300,2.948,14700,2.946,10000,2.945,5600,2.944,10000,2.938,10000,2.937,8300,2.917,1500,2.91,2500,2.902,6700,2.951,2800,2.953,4900,2.954,3100,2.955,1500,2.956,10000,2.96,10000,2.961,3100,2.963,2100,2.964,5000,2.965,3000
2020-08-10 14:22:54.480,2.951,100.0,2.91,2.928821,2.957,2.917,2.95,18300,2.948,14700,2.946,10000,2.945,10400,2.938,10000,2.937,5300,2.917,1500,2.91,2500,2.902,6700,2.901,50000,2.951,4200,2.954,3100,2.955,11500,2.96,10000,2.961,3100,2.963,2100,2.964,5000,2.965,3000,2.967,3000,2.969,200
2020-08-10 14:23:24.150,2.951,4200.0,2.91,2.928875,2.959,2.917,2.951,5800,2.95,18300,2.948,14700,2.946,10000,2.945,10400,2.938,10000,2.937,5300,2.917,1500,2.91,2500,2.902,6700,2.954,3100,2.955,11500,2.96,10000,2.961,3100,2.963,2100,2.964,5000,2.965,3000,2.967,3000,2.969,200,2.98,19700
2020-08-10 14:23:41.890,2.955,14600.0,2.91,2.929096,2.959,2.917,2.955,100,2.951,5800,2.95,18300,2.946,10000,2.945,10400,2.938,10000,2.937,5300,2.917,1500,2.91,2500,2.902,6700,2.96,10000,2.961,3100,2.963,2100,2.964,5000,2.965,3000,2.967,3000,2.969,200,2.98,19700,2.99,12000,2.997,2000
2020-08-10 14:24:11.880,2.955,100.0,2.91,2.9290979999999998,2.96,2.917,2.951,5800,2.95,18300,2.946,10000,2.945,10400,2.938,10000,2.937,5300,2.917,1500,2.91,2500,2.902,6700,2.901,50000,2.955,1900,2.959,10000,2.96,10000,2.961,3100,2.963,2100,2.964,5000,2.965,3000,2.967,3000,2.969,200,2.98,19700
2020-08-10 14:25:22.980,2.951,2400.0,2.91,2.929128,2.958,2.917,2.951,10100,2.95,18300,2.945,400,2.938,10000,2.937,5300,2.917,1500,2.91,2500,2.902,6700,2.901,50000,2.9,3500,2.955,2900,2.959,10000,2.96,10000,2.961,3100,2.963,2100,2.964,5000,2.965,3000,2.967,3000,2.969,200,2.98,19700
2020-08-10 14:25:24.180,2.955,200.0,2.91,2.929131,2.958,2.917,2.951,10100,2.95,18300,2.945,400,2.938,10000,2.937,5300,2.917,1500,2.91,2500,2.902,6700,2.901,50000,2.9,3500,2.955,2700,2.959,10000,2.96,10000,2.961,3100,2.963,2100,2.964,5000,2.965,3000,2.967,3000,2.969,200,2.98,19700
2020-08-10 14:28:50.670,2.955,2700.0,2.91,2.9291709999999997,2.956,2.917,2.95,18300,2.948,10000,2.945,400,2.938,10000,2.937,5300,2.917,1500,2.91,2500,2.902,6700,2.901,50000,2.9,3500,2.955,14400,2.959,10000,2.96,22200,2.961,18100,2.963,2100,2.964,5000,2.965,5200,2.967,3000,2.969,200,2.98,19700
2020-08-10 14:29:47.110,2.954,1000.0,2.91,2.929186,2.955,2.917,2.954,22100,2.95,18300,2.948,10000,2.945,400,2.938,10000,2.937,5300,2.917,1500,2.91,2500,2.902,6700,2.901,50000,2.955,14900,2.957,10000,2.958,1000,2.959,10000,2.96,22200,2.961,51800,2.963,2100,2.964,5000,2.965,5200,2.967,3000
2020-08-10 14:29:48.800,2.954,100.0,2.91,2.9291869999999998,2.954,2.917,2.954,22000,2.95,18300,2.948,10000,2.945,400,2.938,10000,2.937,5300,2.917,1500,2.91,2500,2.902,6700,2.901,50000,2.955,14900,2.957,10000,2.958,1000,2.959,10000,2.96,22200,2.961,51800,2.963,2100,2.964,5000,2.965,5200,2.967,3000
2020-08-10 14:29:53.860,2.954,22000.0,2.91,2.9295,2.954,2.917,2.95,18300,2.948,10000,2.945,400,2.938,10000,2.937,5300,2.917,1500,2.91,2500,2.902,6700,2.901,50000,2.9,3500,2.954,213900,2.955,14900,2.957,10000,2.958,1000,2.959,10000,2.96,22200,2.961,51800,2.963,2100,2.964,5000,2.965,5200
2020-08-10 14:32:14.580,2.95,18300.0,2.91,2.929714,2.951,2.917,2.945,400,2.938,10000,2.937,5300,2.91,2500,2.902,6700,2.901,50000,2.9,3500,2.895,200,2.893,2000,2.888,26000,2.95,3500,2.953,12000,2.954,12100,2.955,14900,2.957,10000,2.958,1000,2.959,10000,2.96,12200,2.961,51800,2.963,2100
2020-08-10 14:32:27.610,2.95,1200.0,2.91,2.929727,2.95,2.917,2.945,400,2.938,10000,2.937,5300,2.91,2500,2.902,6700,2.901,50000,2.9,3500,2.895,200,2.893,2000,2.888,26000,2.95,2300,2.953,12000,2.954,12100,2.955,14900,2.957,10000,2.958,1000,2.959,10000,2.96,12200,2.961,51800,2.963,2100
2020-08-10 14:32:32.770,2.938,10000.0,2.91,2.929776,2.95,2.917,2.938,400,2.937,5300,2.91,2500,2.902,6700,2.901,50000,2.9,3500,2.895,200,2.893,2000,2.888,26000,2.887,4000,2.95,2300,2.953,12000,2.954,12100,2.955,14900,2.957,10000,2.958,1000,2.959,10000,2.96,12200,2.961,51800,2.963,2100
2020-08-10 14:33:52.830,2.938,18600.0,2.91,2.9298610000000003,2.947,2.917,2.938,1400,2.937,5300,2.911,3000,2.91,2500,2.902,6700,2.901,50000,2.9,3500,2.895,200,2.893,2000,2.888,26000,2.949,11800,2.95,5700,2.951,10000,2.953,12000,2.954,19300,2.955,23900,2.958,1000,2.959,10000,2.96,12200,2.961,51800
2020-08-10 14:34:18.990,2.938,4000.0,2.91,2.929879,2.945,2.917,2.938,1700,2.937,5300,2.928,10000,2.911,3000,2.91,2500,2.902,6700,2.901,50000,2.9,3500,2.895,200,2.893,2000,2.949,11800,2.95,5700,2.951,10000,2.953,12000,2.954,19300,2.955,23900,2.958,1000,2.959,10000,2.96,12200,2.961,51800
2020-08-10 14:34:36.650,2.938,1700.0,2.91,2.929887,2.943,2.917,2.937,5300,2.928,10000,2.911,3000,2.91,2500,2.902,6700,2.901,50000,2.9,3500,2.895,200,2.893,2000,2.888,26000,2.938,12300,2.948,10000,2.949,11800,2.95,5700,2.951,10000,2.953,12000,2.954,19300,2.955,26900,2.958,1000,2.959,10000
2020-08-10 14:35:01.320,2.937,2100.0,2.91,2.929895,2.94,2.917,2.937,3200,2.928,10000,2.911,3000,2.91,2500,2.902,6700,2.901,50000,2.9,3500,2.895,200,2.893,2000,2.888,26000,2.938,12300,2.944,10000,2.948,11600,2.949,11800,2.95,5700,2.951,10000,2.953,12000,2.954,19300,2.955,26900,2.958,1000
2020-08-10 14:37:53.960,2.937,9200.0,2.91,2.9299310000000003,2.941,2.917,2.935,10000,2.928,10000,2.912,3000,2.911,3000,2.91,2500,2.902,6700,2.9,3500,2.895,200,2.893,2000,2.888,26000,2.937,3100,2.948,11600,2.95,3600,2.953,2000,2.954,17200,2.955,26900,2.958,1000,2.959,14900,2.96,12200,2.961,51800
2020-08-10 14:39:01.850,2.931,3100.0,2.91,2.929933,2.94,2.917,2.931,6900,2.928,10000,2.912,3000,2.911,3000,2.91,2500,2.902,6700,2.9,3500,2.895,200,2.893,2000,2.888,26000,2.948,11600,2.95,9800,2.953,2000,2.954,17200,2.955,26900,2.958,1000,2.959,14900,2.96,12200,2.961,51800,2.963,2100
2020-08-10 14:40:44.670,2.946,300.0,2.91,2.929936,2.941,2.917,2.933,12400,2.931,7400,2.914,10000,2.912,3000,2.911,3000,2.91,2500,2.902,6700,2.9,3500,2.895,200,2.893,2000,2.946,9700,2.947,10000,2.948,11600,2.95,9800,2.953,42300,2.954,17200,2.955,26900,2.958,1000,2.959,14900,2.96,12200
2020-08-10 14:41:35.760,2.933,12400.0,2.91,2.929957,2.939,2.917,2.932,10000,2.931,7400,2.916,5000,2.914,10000,2.912,3000,2.911,3000,2.91,2500,2.902,6700,2.9,3500,2.895,200,2.933,60600,2.946,11300,2.947,10000,2.948,10000,2.95,9800,2.953,42300,2.954,17200,2.955,25000,2.958,1000,2.959,14900
2020-08-10 14:43:07.710,2.933,200.0,2.91,2.929957,2.936,2.917,2.931,500,2.929,10000,2.92,1000,2.916,5000,2.914,10000,2.912,3000,2.911,3000,2.91,2500,2.902,6700,2.9,3500,2.933,60400,2.944,10000,2.945,1900,2.946,11300,2.947,10000,2.948,10000,2.95,9800,2.953,42300,2.954,17200,2.955,24500
2020-08-10 14:43:48.520,2.933,14200.0,2.91,2.929981,2.934,2.917,2.931,500,2.929,10000,2.92,1000,2.916,5000,2.914,10000,2.912,3000,2.911,3000,2.91,2500,2.902,6700,2.9,3500,2.933,46200,2.937,10000,2.944,10000,2.945,1900,2.946,11300,2.947,10000,2.948,10000,2.95,9800,2.953,42300,2.954,17200
2020-08-10 14:44:09.690,2.931,300.0,2.91,2.929981,2.934,2.917,2.931,200,2.929,10000,2.92,1000,2.916,5000,2.914,10000,2.912,3000,2.911,3000,2.91,2500,2.902,6700,2.9,3500,2.933,46200,2.937,10000,2.944,10000,2.945,1900,2.946,1600,2.947,10000,2.95,9800,2.953,40300,2.954,7200,2.955,14500
2020-08-10 14:45:24.430,2.931,200.0,2.91,2.929981,2.937,2.917,2.926,10000,2.92,1000,2.916,5000,2.914,10000,2.912,3000,2.911,3000,2.91,2500,2.902,6700,2.9,3500,2.895,200,2.931,300,2.937,10000,2.944,10000,2.945,1900,2.946,1600,2.947,10000,2.95,9800,2.953,40300,2.954,7200,2.955,14500
2020-08-10 14:45:39.890,2.931,300.0,2.91,2.929981,2.937,2.917,2.931,4700,2.926,10000,2.92,1000,2.916,5000,2.914,10000,2.912,3000,2.911,3000,2.91,2500,2.902,6700,2.9,3500,2.937,10000,2.944,10000,2.945,1900,2.946,1600,2.947,10000,2.95,9800,2.953,40300,2.954,7200,2.955,14500,2.958,1000
2020-08-10 14:46:38.600,2.942,4000.0,2.91,2.930007,2.937,2.917,2.932,10000,2.926,10000,2.92,1000,2.916,5000,2.914,10000,2.912,3000,2.911,3000,2.91,2500,2.902,6700,2.9,3500,2.942,6000,2.944,10000,2.945,1900,2.946,1600,2.95,3600,2.953,40300,2.954,7200,2.955,12500,2.958,1000,2.959,4900
2020-08-10 14:47:40.760,2.933,300.0,2.91,2.9300080000000004,2.936,2.917,2.933,3500,2.932,10000,2.926,10000,2.92,1000,2.916,5000,2.914,10000,2.912,3000,2.911,3000,2.91,2500,2.902,6700,2.94,10000,2.941,10000,2.942,8000,2.944,10000,2.945,1900,2.946,7600,2.95,3600,2.953,40300,2.954,7200,2.955,12500
2020-08-10 14:50:59.560,2.933,100.0,2.91,2.9300080000000004,2.939,2.917,2.93,12100,2.929,10000,2.92,1000,2.918,8500,2.916,5000,2.914,10000,2.912,3000,2.911,3000,2.91,2500,2.902,6700,2.933,1900,2.94,10000,2.941,10000,2.942,6000,2.944,10000,2.945,1900,2.946,12600,2.95,8600,2.953,40300,2.954,7200
2020-08-10 14:53:27.570,2.931,200.0,2.91,2.9300080000000004,2.938,2.917,2.931,4800,2.93,2100,2.929,10000,2.928,10000,2.92,1000,2.919,1000,2.918,8500,2.916,5000,2.914,10000,2.912,3000,2.933,1900,2.94,10000,2.941,10000,2.942,6000,2.944,10000,2.945,1900,2.946,12600,2.95,8600,2.954,7200,2.955,12000
2020-08-10 14:54:26.930,2.931,4800.0,2.91,2.93001,2.936,2.917,2.93,2100,2.929,2000,2.928,10000,2.927,10000,2.92,1000,2.919,1000,2.918,8500,2.916,5000,2.914,10000,2.912,3000,2.931,2600,2.939,20000,2.94,10000,2.941,10000,2.942,6000,2.944,10000,2.945,1900,2.946,12600,2.95,8600,2.954,7200
2020-08-10 14:55:11.570,2.931,1000.0,2.91,2.930011,2.936,2.917,2.93,2100,2.929,5000,2.927,10000,2.926,10000,2.92,1000,2.919,1000,2.918,8500,2.916,5000,2.914,10000,2.911,3000,2.931,1600,2.933,1000,2.938,10000,2.939,10000,2.94,10000,2.941,10000,2.942,6000,2.944,10000,2.945,1900,2.946,12600
2020-08-10 14:55:30.700,2.931,500.0,2.91,2.930011,2.936,2.917,2.93,2100,2.929,5000,2.927,10000,2.926,10000,2.92,1000,2.919,1000,2.918,8500,2.916,5000,2.914,10000,2.911,3000,2.931,1100,2.933,1000,2.938,10000,2.939,10000,2.94,10000,2.941,10000,2.942,6000,2.944,10000,2.945,1900,2.946,12600
2020-08-10 14:56:09.420,2.931,1000.0,2.91,2.930012,2.937,2.917,2.93,2100,2.929,5000,2.928,10000,2.927,10000,2.926,10000,2.92,1000,2.919,1000,2.918,8500,2.916,5000,2.911,3000,2.931,100,2.933,1000,2.938,10000,2.939,10000,2.94,10000,2.941,10000,2.942,6000,2.944,10000,2.945,1900,2.946,12600
2020-08-10 14:56:25.300,2.931,100.0,2.91,2.930012,2.937,2.917,2.931,900,2.93,2100,2.929,5000,2.928,10000,2.927,10000,2.926,10000,2.92,1000,2.919,1000,2.918,8500,2.916,5000,2.933,1000,2.938,10000,2.939,10000,2.94,10000,2.941,10000,2.942,6000,2.944,10000,2.945,1900,2.946,12600,2.95,8600
2020-08-10 14:58:26.120,2.931,900.0,2.91,2.930012,2.938,2.917,2.929,5000,2.92,1000,2.919,1000,2.918,8500,2.916,5000,2.911,3000,2.91,2500,2.902,6700,2.9,3500,2.895,200,2.931,4100,2.933,1000,2.938,10000,2.94,10000,2.942,6000,2.944,10000,2.945,1900,2.946,12600,2.95,8600,2.954,7200
2020-08-10 14:59:06.120,2.931,100.0,2.91,2.930012,2.938,2.917,2.929,18600,2.92,1000,2.918,8500,2.916,5000,2.911,3000,2.91,2500,2.902,6700,2.9,3500,2.895,200,2.893,2000,2.931,5000,2.938,10000,2.94,10000,2.942,6000,2.944,10000,2.945,1900,2.946,12600,2.95,8600,2.954,7200,2.955,12000
2020-08-10 14:59:07.480,2.929,100.0,2.91,2.930012,2.938,2.917,2.929,18500,2.92,1000,2.918,8500,2.916,5000,2.911,3000,2.91,2500,2.902,6700,2.9,3500,2.895,200,2.893,2000,2.931,5000,2.938,10000,2.94,10000,2.942,6000,2.944,10000,2.945,1900,2.946,12600,2.95,8600,2.954,7200,2.955,12000
2020-08-10 14:59:18.000,2.929,100.0,2.91,2.930012,2.938,2.917,2.929,18400,2.92,1000,2.918,8500,2.916,5000,2.911,3000,2.91,2500,2.902,6700,2.9,3500,2.895,200,2.893,2000,2.931,5000,2.938,10000,2.94,10000,2.942,6000,2.944,10000,2.945,1900,2.946,12600,2.95,8600,2.954,7200,2.955,12000
