Datetime,Price,Volume
2020-09-02 09:25:00.220,3.414,500
2020-09-02 09:25:00.220,3.414,10400
2020-09-02 09:25:00.220,3.414,5000
2020-09-02 09:25:00.220,3.414,3300
2020-09-02 09:25:00.220,3.414,1300
2020-09-02 09:25:00.220,3.414,1800
2020-09-02 09:25:00.220,3.414,200
2020-09-02 09:25:00.220,3.414,100
2020-09-02 09:25:00.220,3.414,1000
2020-09-02 09:25:00.220,3.414,2100
2020-09-02 09:25:00.220,3.414,6600
2020-09-02 09:25:00.220,3.414,100
2020-09-02 09:25:00.220,3.414,100
2020-09-02 09:25:00.220,3.414,300
2020-09-02 09:25:00.220,3.414,1000
2020-09-02 09:25:00.220,3.414,4000
2020-09-02 09:25:00.220,3.414,14100
2020-09-02 09:25:00.220,3.414,1500
2020-09-02 09:25:00.220,3.414,3000
2020-09-02 09:25:00.220,3.414,3000
2020-09-02 09:25:00.220,3.414,1300
2020-09-02 09:25:00.220,3.414,15200
2020-09-02 09:25:00.220,3.414,200
2020-09-02 09:25:00.220,3.414,300
2020-09-02 09:25:00.220,3.414,14000
2020-09-02 09:25:00.220,3.414,300
2020-09-02 09:25:00.220,3.414,1000
2020-09-02 09:25:00.220,3.414,1000
2020-09-02 09:25:00.220,3.414,1000
2020-09-02 09:25:00.220,3.414,10000
2020-09-02 09:25:00.220,3.414,300
2020-09-02 09:25:00.220,3.414,1000
2020-09-02 09:25:00.220,3.414,1000
2020-09-02 09:25:00.220,3.414,15100
2020-09-02 09:25:00.220,3.414,1300
2020-09-02 09:25:00.220,3.414,600
2020-09-02 09:25:00.220,3.414,4600
2020-09-02 09:25:00.220,3.414,200
2020-09-02 09:25:00.220,3.414,11700
2020-09-02 09:25:00.220,3.414,20000
2020-09-02 09:25:00.220,3.414,100
2020-09-02 09:25:00.220,3.414,3000
2020-09-02 09:25:00.220,3.414,100
2020-09-02 09:25:00.220,3.414,300
2020-09-02 09:25:00.220,3.414,100
2020-09-02 09:25:00.220,3.414,1000
2020-09-02 09:25:00.220,3.414,47200
2020-09-02 09:25:00.220,3.414,2000
2020-09-02 09:25:00.220,3.414,12300
2020-09-02 09:25:00.220,3.414,500
2020-09-02 09:25:00.220,3.414,300
2020-09-02 09:25:00.220,3.414,100
2020-09-02 09:25:00.220,3.414,1800
2020-09-02 09:25:00.220,3.414,3200
2020-09-02 09:25:00.220,3.414,300
2020-09-02 09:25:00.220,3.414,5000
2020-09-02 09:25:00.220,3.414,3000
2020-09-02 09:25:00.220,3.414,2100
2020-09-02 09:25:00.220,3.414,200
2020-09-02 09:25:00.220,3.414,100
2020-09-02 09:25:00.220,3.414,200
2020-09-02 09:25:00.220,3.414,200
2020-09-02 09:25:00.220,3.414,35700
2020-09-02 09:25:00.220,3.414,5600
2020-09-02 09:25:00.220,3.414,100
2020-09-02 09:25:00.220,3.414,7300
2020-09-02 09:25:00.220,3.414,20000
2020-09-02 09:25:00.220,3.414,113900
2020-09-02 09:25:00.220,3.414,4400
2020-09-02 09:25:00.220,3.414,60000
2020-09-02 09:25:00.220,3.414,20000
2020-09-02 09:25:00.220,3.414,5000
2020-09-02 09:25:00.220,3.414,50000
2020-09-02 09:25:00.220,3.414,10000
2020-09-02 09:25:00.220,3.414,30000
2020-09-02 09:25:00.220,3.414,10000
2020-09-02 09:25:00.220,3.414,79900
2020-09-02 09:25:00.220,3.414,11000
2020-09-02 09:25:00.220,3.414,400
2020-09-02 09:25:00.220,3.414,1000
2020-09-02 09:25:00.220,3.414,1900
2020-09-02 09:25:00.220,3.414,1000
2020-09-02 09:25:00.220,3.414,3000
2020-09-02 09:25:00.220,3.414,6500
2020-09-02 09:25:00.220,3.414,200
2020-09-02 09:25:00.220,3.414,1000
2020-09-02 09:25:00.220,3.414,6000
2020-09-02 09:25:00.220,3.414,200
2020-09-02 09:25:00.220,3.414,200
2020-09-02 09:25:00.220,3.414,1000
2020-09-02 09:25:00.220,3.414,100
2020-09-02 09:25:00.220,3.414,1000
2020-09-02 09:25:00.220,3.414,500
2020-09-02 09:25:00.220,3.414,20000
2020-09-02 09:25:00.220,3.414,100
2020-09-02 09:25:00.220,3.414,7700
2020-09-02 09:25:00.220,3.414,10000
2020-09-02 09:25:00.220,3.414,100
2020-09-02 09:25:00.220,3.414,1000
2020-09-02 09:25:00.220,3.414,6000
2020-09-02 09:25:00.220,3.414,500
2020-09-02 09:25:00.220,3.414,13000
2020-09-02 09:25:00.220,3.414,100
2020-09-02 09:25:00.220,3.414,500
2020-09-02 09:25:00.220,3.414,2000
2020-09-02 09:25:00.220,3.414,300
2020-09-02 09:25:00.220,3.414,10000
2020-09-02 09:25:00.220,3.414,90000
2020-09-02 09:25:00.220,3.414,10000
2020-09-02 09:25:00.220,3.414,100
2020-09-02 09:25:00.220,3.414,1000
2020-09-02 09:25:00.220,3.414,1000
2020-09-02 09:25:00.220,3.414,300
2020-09-02 09:25:00.220,3.414,300
2020-09-02 09:25:00.220,3.414,6000
2020-09-02 09:25:00.220,3.414,1400
2020-09-02 09:25:00.220,3.414,16600
2020-09-02 09:25:00.220,3.414,15100
2020-09-02 09:25:00.220,3.414,1900
2020-09-02 09:25:00.220,3.414,11000
2020-09-02 09:25:00.220,3.414,9000
2020-09-02 09:25:00.220,3.414,1000
2020-09-02 09:25:00.220,3.414,100
2020-09-02 09:25:00.220,3.414,5200
2020-09-02 09:25:00.220,3.414,1000
2020-09-02 09:25:00.220,3.414,700
2020-09-02 09:25:00.220,3.414,6000
2020-09-02 09:25:00.220,3.414,100
2020-09-02 09:25:00.220,3.414,90000
2020-09-02 09:25:00.220,3.414,14500
2020-09-02 09:25:00.220,3.414,600
2020-09-02 09:25:00.220,3.414,15000
2020-09-02 09:25:00.220,3.414,10000
2020-09-02 09:25:00.220,3.414,2000
2020-09-02 09:25:00.220,3.414,100
2020-09-02 09:25:00.220,3.414,300
2020-09-02 09:25:00.220,3.414,1400
2020-09-02 09:25:00.220,3.414,10000
2020-09-02 09:25:00.220,3.414,2000
2020-09-02 09:25:00.220,3.414,2000
2020-09-02 09:25:00.220,3.414,10000
2020-09-02 09:25:00.220,3.414,5000
2020-09-02 09:25:00.220,3.414,2000
2020-09-02 09:25:00.220,3.414,1500
2020-09-02 09:25:00.220,3.414,500
2020-09-02 09:25:00.220,3.414,500
2020-09-02 09:25:00.220,3.414,200
2020-09-02 09:25:00.220,3.414,2000
2020-09-02 09:25:00.220,3.414,13200
2020-09-02 09:25:00.220,3.414,50000
2020-09-02 09:25:00.220,3.414,3200
2020-09-02 09:25:00.220,3.414,12300
2020-09-02 09:25:00.220,3.414,6000
2020-09-02 09:25:00.220,3.414,2100
2020-09-02 09:25:00.220,3.414,100
2020-09-02 09:25:00.220,3.414,1000
2020-09-02 09:25:00.220,3.414,500
2020-09-02 09:25:00.220,3.414,200
2020-09-02 09:25:00.220,3.414,600
2020-09-02 09:25:00.220,3.414,100
2020-09-02 09:25:00.220,3.414,100
2020-09-02 09:25:00.220,3.414,1000
2020-09-02 09:25:00.220,3.414,6000
2020-09-02 09:25:00.220,3.414,100
2020-09-02 09:25:00.220,3.414,400
2020-09-02 09:25:00.220,3.414,400
2020-09-02 09:25:00.220,3.414,1500
2020-09-02 09:25:00.220,3.414,18100
2020-09-02 09:25:00.220,3.414,700
2020-09-02 09:25:00.220,3.414,9000
2020-09-02 09:25:00.220,3.414,1000
2020-09-02 09:25:00.220,3.414,7000
2020-09-02 09:25:00.220,3.414,5100
2020-09-02 09:25:00.220,3.414,2100
2020-09-02 09:25:00.220,3.414,33300
2020-09-02 09:25:00.220,3.414,100
2020-09-02 09:25:00.220,3.414,1000
2020-09-02 09:25:00.220,3.414,100
2020-09-02 09:25:00.220,3.414,7000
2020-09-02 09:25:00.220,3.414,500
2020-09-02 09:25:00.220,3.414,30000
2020-09-02 09:25:00.220,3.414,10000
2020-09-02 09:25:00.220,3.414,100
2020-09-02 09:25:00.220,3.414,1000
2020-09-02 09:25:00.220,3.414,6000
2020-09-02 09:25:00.220,3.414,13000
2020-09-02 09:25:00.220,3.414,7000
2020-09-02 09:25:00.220,3.414,3100
2020-09-02 09:25:00.220,3.414,3000
2020-09-02 09:25:00.220,3.414,41800
2020-09-02 09:25:00.220,3.414,100
2020-09-02 09:30:00.040,3.414,858100
2020-09-02 09:30:00.040,3.415,100
2020-09-02 09:30:00.040,3.415,1000
2020-09-02 09:30:00.040,3.415,100
2020-09-02 09:30:00.040,3.415,500
2020-09-02 09:30:00.040,3.415,500
2020-09-02 09:30:00.040,3.415,1000
2020-09-02 09:30:00.040,3.415,7000
2020-09-02 09:30:00.040,3.415,31700
2020-09-02 09:30:00.120,3.415,123700
2020-09-02 09:30:00.120,3.415,10000
2020-09-02 09:30:00.120,3.415,1500
2020-09-02 09:30:00.120,3.415,10000
2020-09-02 09:30:00.120,3.415,100
2020-09-02 09:30:00.230,3.416,500
2020-09-02 09:30:00.230,3.416,900
2020-09-02 09:30:00.260,3.415,14200
2020-09-02 09:30:00.290,3.415,2000
2020-09-02 09:30:00.290,3.415,1300
2020-09-02 09:30:00.390,3.415,73300
2020-09-02 09:30:00.470,3.416,30500
2020-09-02 09:30:00.470,3.416,6000
2020-09-02 09:30:00.470,3.416,300
2020-09-02 09:30:00.690,3.415,2000
2020-09-02 09:30:00.940,3.415,1000
2020-09-02 09:30:01.010,3.416,100
2020-09-02 09:30:01.120,3.415,10000
2020-09-02 09:30:01.190,3.415,3000
2020-09-02 09:30:01.330,3.416,20200
2020-09-02 09:30:01.330,3.416,100
2020-09-02 09:30:01.330,3.416,1000
2020-09-02 09:30:01.330,3.416,6000
2020-09-02 09:30:01.330,3.416,7000
2020-09-02 09:30:01.330,3.416,1500
2020-09-02 09:30:01.330,3.416,132600
2020-09-02 09:30:01.330,3.416,300
2020-09-02 09:30:01.330,3.416,2900
2020-09-02 09:30:01.330,3.416,37000
2020-09-02 09:30:01.330,3.416,8800
2020-09-02 09:30:01.330,3.416,1000
2020-09-02 09:30:01.330,3.417,6000
2020-09-02 09:30:01.330,3.417,3000
2020-09-02 09:30:01.330,3.417,100
2020-09-02 09:30:01.330,3.417,1000
2020-09-02 09:30:01.330,3.417,20000
2020-09-02 09:30:01.330,3.417,7000
2020-09-02 09:30:01.330,3.417,5000
2020-09-02 09:30:01.330,3.417,3000
2020-09-02 09:30:01.330,3.417,13100
2020-09-02 09:30:01.420,3.417,4000
2020-09-02 09:30:01.420,3.418,15000
2020-09-02 09:30:01.420,3.418,10000
2020-09-02 09:30:01.420,3.418,4000
2020-09-02 09:30:01.420,3.418,4000
2020-09-02 09:30:01.420,3.418,500
2020-09-02 09:30:01.420,3.418,100
2020-09-02 09:30:01.420,3.418,1000
2020-09-02 09:30:01.420,3.418,6000
2020-09-02 09:30:01.420,3.418,500
2020-09-02 09:30:01.420,3.418,4000
2020-09-02 09:30:01.420,3.418,20000
2020-09-02 09:30:01.420,3.418,7000
2020-09-02 09:30:01.420,3.418,1000
2020-09-02 09:30:01.420,3.418,1000
2020-09-02 09:30:01.420,3.418,1000
2020-09-02 09:30:01.420,3.418,5000
2020-09-02 09:30:01.420,3.419,1500
2020-09-02 09:30:01.420,3.419,1500
2020-09-02 09:30:01.420,3.419,10000
2020-09-02 09:30:01.420,3.419,100
2020-09-02 09:30:01.420,3.419,1000
2020-09-02 09:30:01.420,3.419,500
2020-09-02 09:30:01.420,3.419,1000
2020-09-02 09:30:01.420,3.419,300
2020-09-02 09:30:01.420,3.419,200
2020-09-02 09:30:01.420,3.419,6000
2020-09-02 09:30:01.420,3.419,1000
2020-09-02 09:30:01.420,3.419,1000
2020-09-02 09:30:01.420,3.419,1500
2020-09-02 09:30:01.420,3.419,7000
2020-09-02 09:30:01.420,3.419,3000
2020-09-02 09:30:01.420,3.419,1000
2020-09-02 09:30:01.420,3.419,100
2020-09-02 09:30:01.420,3.419,5000
2020-09-02 09:30:01.420,3.419,58500
2020-09-02 09:30:01.420,3.419,10000
2020-09-02 09:30:01.420,3.419,3800
2020-09-02 09:30:01.420,3.419,1000
2020-09-02 09:30:01.530,3.419,5800
2020-09-02 09:30:01.530,3.419,3000
2020-09-02 09:30:01.530,3.419,5000
2020-09-02 09:30:01.640,3.419,3000
2020-09-02 09:30:01.760,3.419,6900
2020-09-02 09:30:01.760,3.419,4200
2020-09-02 09:30:01.760,3.419,400
2020-09-02 09:30:01.860,3.419,5100
2020-09-02 09:30:01.860,3.419,200
2020-09-02 09:30:01.960,3.419,4000
2020-09-02 09:30:02.030,3.419,100
2020-09-02 09:30:02.030,3.419,2500
2020-09-02 09:30:02.030,3.419,10000
2020-09-02 09:30:02.100,3.419,5000
2020-09-02 09:30:02.460,3.419,7500
2020-09-02 09:30:02.550,3.419,30000
2020-09-02 09:30:02.580,3.419,10000
2020-09-02 09:30:02.760,3.419,300
2020-09-02 09:30:02.760,3.419,1000
2020-09-02 09:30:02.850,3.419,900
2020-09-02 09:30:02.850,3.417,100
2020-09-02 09:30:02.850,3.417,200
2020-09-02 09:30:02.910,3.417,19100
2020-09-02 09:30:02.910,3.416,72300
2020-09-02 09:30:02.990,3.418,3500
2020-09-02 09:30:03.170,3.418,20000
2020-09-02 09:30:03.210,3.418,3100
2020-09-02 09:30:03.260,3.418,14900
2020-09-02 09:30:03.260,3.416,100
2020-09-02 09:30:03.300,3.419,5900
2020-09-02 09:30:03.350,3.416,5000
2020-09-02 09:30:03.540,3.416,100
2020-09-02 09:30:03.540,3.416,2000
2020-09-02 09:30:03.600,3.417,1000
2020-09-02 09:30:03.600,3.416,3100
2020-09-02 09:30:03.680,3.416,200
2020-09-02 09:30:03.790,3.416,4000
2020-09-02 09:30:03.790,3.416,500
2020-09-02 09:30:03.920,3.416,15000
2020-09-02 09:30:04.060,3.416,100
2020-09-02 09:30:04.160,3.416,5000
2020-09-02 09:30:04.250,3.416,3000
2020-09-02 09:30:04.290,3.416,12200
2020-09-02 09:30:04.440,3.416,15000
2020-09-02 09:30:04.520,3.416,3100
2020-09-02 09:30:04.670,3.416,9300
2020-09-02 09:30:04.670,3.416,3000
2020-09-02 09:30:04.670,3.416,73500
2020-09-02 09:30:04.810,3.417,8900
2020-09-02 09:30:04.810,3.417,300
2020-09-02 09:30:04.810,3.417,100
2020-09-02 09:30:04.810,3.418,6000
2020-09-02 09:30:04.810,3.418,10000
2020-09-02 09:30:04.810,3.418,3000
2020-09-02 09:30:04.860,3.418,200
2020-09-02 09:30:04.860,3.418,300
2020-09-02 09:30:04.860,3.418,21300
2020-09-02 09:30:04.900,3.418,9900
2020-09-02 09:30:04.900,3.416,500
2020-09-02 09:30:04.900,3.416,4000
2020-09-02 09:30:05.020,3.416,11300
2020-09-02 09:30:05.180,3.416,3000
2020-09-02 09:30:05.220,3.416,1000
2020-09-02 09:30:05.260,3.416,10000
2020-09-02 09:30:05.320,3.416,2000
2020-09-02 09:30:05.610,3.417,5000
2020-09-02 09:30:05.650,3.417,3000
2020-09-02 09:30:05.650,3.417,6000
2020-09-02 09:30:05.680,3.417,100
2020-09-02 09:30:05.800,3.417,15500
2020-09-02 09:30:05.830,3.417,1800
2020-09-02 09:30:05.940,3.419,5700
2020-09-02 09:30:05.940,3.419,500
2020-09-02 09:30:05.940,3.419,400
2020-09-02 09:30:05.940,3.42,3900
2020-09-02 09:30:05.940,3.42,1800
2020-09-02 09:30:06.020,3.417,3000
2020-09-02 09:30:06.150,3.417,10000
2020-09-02 09:30:06.240,3.417,10000
2020-09-02 09:30:06.320,3.417,1800
2020-09-02 09:30:06.360,3.417,10000
2020-09-02 09:30:06.410,3.418,3000
2020-09-02 09:30:06.690,3.419,100
2020-09-02 09:30:06.720,3.419,265800
2020-09-02 09:30:06.760,3.419,8500
2020-09-02 09:30:06.760,3.419,100
2020-09-02 09:30:06.800,3.419,5000
2020-09-02 09:30:06.840,3.419,50000
2020-09-02 09:30:06.840,3.42,200
2020-09-02 09:30:07.000,3.419,5000
2020-09-02 09:30:07.260,3.419,100
2020-09-02 09:30:07.380,3.42,5000
2020-09-02 09:30:07.380,3.419,39000
2020-09-02 09:30:07.890,3.419,1200
2020-09-02 09:30:07.930,3.419,22200
2020-09-02 09:30:07.930,3.419,87700
2020-09-02 09:30:07.930,3.419,50000
2020-09-02 09:30:07.960,3.419,10000
2020-09-02 09:30:08.010,3.419,10000
2020-09-02 09:30:08.160,3.419,6200
2020-09-02 09:30:08.200,3.419,5000
2020-09-02 09:30:08.270,3.419,4000
2020-09-02 09:30:08.270,3.42,3000
2020-09-02 09:30:08.270,3.42,28800
2020-09-02 09:30:08.270,3.42,5000
2020-09-02 09:30:08.270,3.42,17900
2020-09-02 09:30:08.270,3.42,400
2020-09-02 09:30:08.270,3.42,200
2020-09-02 09:30:08.270,3.42,10000
2020-09-02 09:30:08.270,3.42,100
2020-09-02 09:30:08.270,3.42,1000
2020-09-02 09:30:08.270,3.42,700
2020-09-02 09:30:08.270,3.42,6000
2020-09-02 09:30:08.270,3.42,100
2020-09-02 09:30:08.270,3.42,5600
2020-09-02 09:30:08.270,3.42,500
2020-09-02 09:30:08.270,3.42,100
2020-09-02 09:30:08.270,3.42,10000
2020-09-02 09:30:08.270,3.42,300
2020-09-02 09:30:08.270,3.42,5000
2020-09-02 09:30:08.270,3.42,500
2020-09-02 09:30:08.270,3.42,2000
2020-09-02 09:30:08.270,3.42,10000
2020-09-02 09:30:08.270,3.42,1000
2020-09-02 09:30:08.270,3.42,20000
2020-09-02 09:30:08.270,3.42,7000
2020-09-02 09:30:08.270,3.42,200
2020-09-02 09:30:08.270,3.42,20000
2020-09-02 09:30:08.270,3.42,1000
2020-09-02 09:30:08.270,3.42,5000
2020-09-02 09:30:08.270,3.42,2500
2020-09-02 09:30:08.270,3.42,5000
2020-09-02 09:30:08.270,3.42,2000
2020-09-02 09:30:08.270,3.42,100
2020-09-02 09:30:08.270,3.42,10000
2020-09-02 09:30:08.270,3.42,15000
2020-09-02 09:30:08.270,3.42,5000
2020-09-02 09:30:08.270,3.42,10000
2020-09-02 09:30:08.270,3.42,4000
2020-09-02 09:30:08.270,3.42,100
2020-09-02 09:30:08.270,3.42,10000
2020-09-02 09:30:08.270,3.42,1000
2020-09-02 09:30:08.270,3.42,3000
2020-09-02 09:30:08.270,3.42,3000
2020-09-02 09:30:08.270,3.42,200
2020-09-02 09:30:08.270,3.421,500
2020-09-02 09:30:08.270,3.421,100
2020-09-02 09:30:08.270,3.421,1000
2020-09-02 09:30:08.270,3.421,200
2020-09-02 09:30:08.270,3.421,600
2020-09-02 09:30:08.270,3.421,7000
2020-09-02 09:30:08.270,3.421,300
2020-09-02 09:30:08.270,3.422,46600
2020-09-02 09:30:08.420,3.419,700
2020-09-02 09:30:08.420,3.419,1200
2020-09-02 09:30:09.210,3.419,1000
2020-09-02 09:30:09.210,3.419,1500
2020-09-02 09:30:09.550,3.419,13200
2020-09-02 09:30:09.550,3.419,3000
2020-09-02 09:30:09.550,3.418,3800
2020-09-02 09:30:09.890,3.417,3000
2020-09-02 09:30:10.130,3.417,3000
2020-09-02 09:30:10.350,3.417,21000
2020-09-02 09:30:11.010,3.418,200
2020-09-02 09:30:11.490,3.418,200
2020-09-02 09:30:11.840,3.419,2900
2020-09-02 09:30:11.840,3.419,6000
2020-09-02 09:30:11.840,3.42,800
2020-09-02 09:30:11.840,3.42,2000
2020-09-02 09:30:11.840,3.42,2000
2020-09-02 09:30:11.840,3.42,16300
2020-09-02 09:30:11.840,3.418,100
2020-09-02 09:30:12.070,3.418,1600
2020-09-02 09:30:12.310,3.418,100
2020-09-02 09:30:12.490,3.418,20000
2020-09-02 09:30:12.710,3.418,2900
2020-09-02 09:30:13.120,3.417,100
2020-09-02 09:30:14.000,3.417,60000
2020-09-02 09:30:14.000,3.416,40000
2020-09-02 09:30:15.060,3.419,100000
2020-09-02 09:30:15.060,3.42,100
2020-09-02 09:30:15.060,3.42,100
2020-09-02 09:30:15.060,3.42,149800
2020-09-02 09:30:15.330,3.42,300
2020-09-02 09:30:15.390,3.42,2100
2020-09-02 09:30:15.670,3.416,28600
2020-09-02 09:30:15.670,3.416,300
2020-09-02 09:30:16.250,3.417,2900
2020-09-02 09:30:16.700,3.416,100
2020-09-02 09:30:16.790,3.417,200
2020-09-02 09:30:16.900,3.417,3000
2020-09-02 09:30:17.120,3.416,200
2020-09-02 09:30:17.240,3.417,40000
2020-09-02 09:30:17.240,3.417,40000
2020-09-02 09:30:17.270,3.417,30000
2020-09-02 09:30:17.270,3.417,30000
2020-09-02 09:30:19.570,3.416,1400
2020-09-02 09:30:19.900,3.417,10000
2020-09-02 09:30:20.090,3.416,300000
2020-09-02 09:30:20.150,3.417,125200
2020-09-02 09:30:21.660,3.417,4000
2020-09-02 09:30:21.660,3.416,271100
2020-09-02 09:30:21.660,3.416,1800
2020-09-02 09:30:21.660,3.416,27100
2020-09-02 09:30:22.090,3.416,300000
2020-09-02 09:30:22.090,3.416,272900
2020-09-02 09:30:22.090,3.416,2900
2020-09-02 09:30:22.090,3.416,200
2020-09-02 09:30:22.090,3.415,5000
2020-09-02 09:30:22.090,3.415,500
2020-09-02 09:30:22.090,3.415,10000
2020-09-02 09:30:22.090,3.415,8500
2020-09-02 09:30:22.400,3.415,1100
2020-09-02 09:30:22.400,3.415,8000
2020-09-02 09:30:22.400,3.415,10000
2020-09-02 09:30:22.400,3.415,10000
2020-09-02 09:30:22.400,3.415,700
2020-09-02 09:30:22.400,3.415,10000
2020-09-02 09:30:22.400,3.415,1200
2020-09-02 09:30:22.400,3.415,58600
2020-09-02 09:30:22.400,3.415,10000
2020-09-02 09:30:22.400,3.414,37600
2020-09-02 09:30:22.400,3.414,2000
2020-09-02 09:30:22.400,3.414,47900
2020-09-02 09:30:22.400,3.414,700
2020-09-02 09:30:22.400,3.414,5000
2020-09-02 09:30:22.400,3.414,100
2020-09-02 09:30:22.400,3.414,8800
2020-09-02 09:30:22.400,3.414,1000
2020-09-02 09:30:22.400,3.414,44500
2020-09-02 09:30:22.400,3.414,1000
2020-09-02 09:30:22.400,3.414,41800
2020-09-02 09:30:24.750,3.415,1000
2020-09-02 09:30:25.280,3.414,600
2020-09-02 09:30:25.390,3.414,100
2020-09-02 09:30:26.000,3.414,100000
2020-09-02 09:30:27.290,3.414,157500
2020-09-02 09:30:27.290,3.414,7500
2020-09-02 09:30:27.290,3.414,30000
2020-09-02 09:30:27.290,3.414,38400
2020-09-02 09:30:27.290,3.414,1600
2020-09-02 09:30:27.290,3.414,100
2020-09-02 09:30:27.290,3.414,400
2020-09-02 09:30:27.290,3.414,100
2020-09-02 09:30:27.290,3.414,60000
2020-09-02 09:30:27.290,3.414,500
2020-09-02 09:30:27.290,3.414,3900
2020-09-02 09:30:27.320,3.414,10100
2020-09-02 09:30:27.320,3.414,200
2020-09-02 09:30:27.320,3.414,11300
2020-09-02 09:30:27.320,3.414,100
2020-09-02 09:30:27.320,3.414,1200
2020-09-02 09:30:27.320,3.414,500
2020-09-02 09:30:27.320,3.414,10000
2020-09-02 09:30:27.320,3.414,13000
2020-09-02 09:30:27.320,3.414,5000
2020-09-02 09:30:27.320,3.414,8600
2020-09-02 09:30:27.580,3.414,8900
2020-09-02 09:30:27.580,3.414,100
2020-09-02 09:30:27.580,3.414,1000
2020-09-02 09:30:27.580,3.414,5000
2020-09-02 09:30:27.580,3.414,48400
2020-09-02 09:30:27.580,3.414,38800
2020-09-02 09:30:27.580,3.414,16000
2020-09-02 09:30:27.580,3.414,100
2020-09-02 09:30:27.580,3.414,100
2020-09-02 09:30:27.580,3.414,138700
2020-09-02 09:30:27.580,3.414,6900
2020-09-02 09:30:27.580,3.414,36000
2020-09-02 09:30:27.750,3.414,14700
2020-09-02 09:30:27.750,3.414,9400
2020-09-02 09:30:27.750,3.414,6100
2020-09-02 09:30:27.750,3.414,3400
2020-09-02 09:30:28.750,3.413,10000
2020-09-02 09:30:28.770,3.412,10000
2020-09-02 09:30:29.010,3.412,10000
2020-09-02 09:30:29.260,3.412,900
2020-09-02 09:30:30.320,3.412,68200
2020-09-02 09:30:30.320,3.412,1800
2020-09-02 09:30:30.320,3.412,96500
2020-09-02 09:30:30.320,3.412,1000
2020-09-02 09:30:30.320,3.412,10000
2020-09-02 09:30:30.320,3.412,2000
2020-09-02 09:30:30.320,3.412,3400
2020-09-02 09:30:30.320,3.412,60000
2020-09-02 09:30:31.820,3.412,57100
2020-09-02 09:30:32.580,3.412,2900
2020-09-02 09:30:32.580,3.411,300
2020-09-02 09:30:32.580,3.411,1800
2020-09-02 09:30:32.580,3.411,5000
2020-09-02 09:30:32.610,3.411,5000
2020-09-02 09:30:32.860,3.413,500
2020-09-02 09:30:33.900,3.412,60000
2020-09-02 09:30:34.420,3.412,222700
2020-09-02 09:30:34.510,3.413,5500
2020-09-02 09:30:34.510,3.413,2000
2020-09-02 09:30:34.510,3.413,5000
2020-09-02 09:30:34.850,3.413,12500
2020-09-02 09:30:35.170,3.412,50000
2020-09-02 09:30:35.230,3.413,1000
2020-09-02 09:30:35.230,3.413,11500
2020-09-02 09:30:35.510,3.413,7000
2020-09-02 09:30:35.510,3.414,2200
2020-09-02 09:30:35.510,3.414,3300
2020-09-02 09:30:35.930,3.413,1100
2020-09-02 09:30:35.930,3.414,11400
2020-09-02 09:30:36.440,3.412,10000
2020-09-02 09:30:36.710,3.413,14300
2020-09-02 09:30:37.000,3.413,14200
2020-09-02 09:30:37.880,3.413,118000
2020-09-02 09:30:38.250,3.412,20000
2020-09-02 09:30:38.990,3.411,200
2020-09-02 09:30:38.990,3.411,1000
2020-09-02 09:30:38.990,3.411,3000
2020-09-02 09:30:38.990,3.411,700
2020-09-02 09:30:39.660,3.411,9300
2020-09-02 09:30:39.660,3.411,700
2020-09-02 09:30:39.690,3.411,6500
2020-09-02 09:30:39.770,3.411,300
2020-09-02 09:30:42.270,3.411,300
2020-09-02 09:30:42.380,3.411,19000
2020-09-02 09:30:43.930,3.412,10000
2020-09-02 09:30:44.290,3.411,10000
2020-09-02 09:30:44.360,3.411,36700
2020-09-02 09:30:44.420,3.412,300000
2020-09-02 09:30:44.940,3.412,73200
2020-09-02 09:30:45.190,3.411,6000
2020-09-02 09:30:45.310,3.411,150000
2020-09-02 09:30:45.950,3.411,10000
2020-09-02 09:30:47.450,3.411,200
2020-09-02 09:30:47.450,3.412,200
2020-09-02 09:30:47.450,3.412,4800
2020-09-02 09:30:48.020,3.412,2500
2020-09-02 09:30:48.020,3.412,200
2020-09-02 09:30:48.020,3.412,35600
2020-09-02 09:30:48.020,3.412,48800
2020-09-02 09:30:48.020,3.412,200
2020-09-02 09:30:48.020,3.412,3300
2020-09-02 09:30:48.300,3.412,1000
2020-09-02 09:30:48.850,3.413,1700
2020-09-02 09:30:50.400,3.412,300
2020-09-02 09:30:50.400,3.412,2500
2020-09-02 09:30:50.830,3.412,50000
2020-09-02 09:30:51.570,3.412,500
2020-09-02 09:30:51.590,3.412,12000
2020-09-02 09:30:51.920,3.412,36800
2020-09-02 09:30:52.870,3.412,106300
2020-09-02 09:30:52.870,3.412,60000
2020-09-02 09:30:53.840,3.412,60000
2020-09-02 09:30:54.660,3.411,300
2020-09-02 09:30:58.120,3.411,6700
2020-09-02 09:30:58.120,3.411,20400
2020-09-02 09:30:58.510,3.411,39600
2020-09-02 09:30:58.510,3.411,9000
2020-09-02 09:30:58.510,3.411,73300
2020-09-02 09:30:58.590,3.411,5000
2020-09-02 09:31:00.900,3.411,10000
2020-09-02 09:31:01.050,3.411,10000
2020-09-02 09:31:02.040,3.411,4600
2020-09-02 09:31:03.670,3.41,500
2020-09-02 09:31:03.670,3.41,2000
2020-09-02 09:31:03.670,3.41,900
2020-09-02 09:31:03.670,3.41,300
2020-09-02 09:31:03.670,3.41,3500
2020-09-02 09:31:03.670,3.41,100
2020-09-02 09:31:03.670,3.41,20000
2020-09-02 09:31:03.670,3.41,11900
2020-09-02 09:31:03.670,3.41,300
2020-09-02 09:31:03.670,3.41,13700
2020-09-02 09:31:03.670,3.41,87400
2020-09-02 09:31:03.670,3.41,2000
2020-09-02 09:31:03.670,3.41,30000
2020-09-02 09:31:03.670,3.41,8900
2020-09-02 09:31:03.670,3.41,10000
2020-09-02 09:31:03.670,3.41,400
2020-09-02 09:31:03.670,3.41,400
2020-09-02 09:31:03.670,3.41,10000
2020-09-02 09:31:03.670,3.41,50000
2020-09-02 09:31:03.670,3.41,15000
2020-09-02 09:31:03.670,3.41,2000
2020-09-02 09:31:03.670,3.41,600
2020-09-02 09:31:03.670,3.41,7000
2020-09-02 09:31:03.670,3.41,1000
2020-09-02 09:31:03.670,3.41,10000
2020-09-02 09:31:03.670,3.41,12100
2020-09-02 09:31:03.920,3.41,46600
2020-09-02 09:31:03.920,3.41,50000
2020-09-02 09:31:04.480,3.409,300
2020-09-02 09:31:05.210,3.409,5800
2020-09-02 09:31:05.210,3.409,34200
2020-09-02 09:31:05.630,3.409,5800
2020-09-02 09:31:05.880,3.409,60000
2020-09-02 09:31:05.880,3.409,7000
2020-09-02 09:31:05.880,3.409,60000
2020-09-02 09:31:06.890,3.409,60000
2020-09-02 09:31:07.810,3.409,60000
2020-09-02 09:31:08.230,3.409,1000
2020-09-02 09:31:08.880,3.409,52000
2020-09-02 09:31:08.880,3.409,2900
2020-09-02 09:31:08.880,3.409,5100
2020-09-02 09:31:09.120,3.409,10000
2020-09-02 09:31:11.660,3.409,2000
2020-09-02 09:31:12.860,3.408,2000
2020-09-02 09:31:12.990,3.409,700
2020-09-02 09:31:13.860,3.408,16000
2020-09-02 09:31:13.860,3.408,300
2020-09-02 09:31:14.050,3.408,2700
2020-09-02 09:31:14.050,3.408,1800
2020-09-02 09:31:14.050,3.408,8200
2020-09-02 09:31:14.050,3.408,500
2020-09-02 09:31:14.050,3.408,1300
2020-09-02 09:31:14.510,3.409,100
2020-09-02 09:31:14.880,3.409,4200
2020-09-02 09:31:15.770,3.408,100
2020-09-02 09:31:16.260,3.408,1000
2020-09-02 09:31:16.380,3.408,4600
2020-09-02 09:31:16.380,3.408,15400
2020-09-02 09:31:17.630,3.409,34100
2020-09-02 09:31:17.630,3.409,13500
2020-09-02 09:31:17.630,3.409,18500
2020-09-02 09:31:17.630,3.409,18500
2020-09-02 09:31:17.630,3.409,100
2020-09-02 09:31:17.630,3.409,2600
2020-09-02 09:31:17.630,3.409,200
2020-09-02 09:31:17.630,3.409,400
2020-09-02 09:31:17.630,3.409,29400
2020-09-02 09:31:18.310,3.409,200
2020-09-02 09:31:19.310,3.41,400
2020-09-02 09:31:19.310,3.41,5600
2020-09-02 09:31:19.310,3.41,2400
2020-09-02 09:31:19.310,3.41,8400
2020-09-02 09:31:19.310,3.41,8400
2020-09-02 09:31:19.310,3.411,2300
2020-09-02 09:31:22.460,3.409,10000
2020-09-02 09:31:23.780,3.41,3800
2020-09-02 09:31:24.340,3.41,56200
2020-09-02 09:31:24.340,3.409,3800
2020-09-02 09:31:25.360,3.41,1000
2020-09-02 09:31:25.360,3.411,49000
2020-09-02 09:31:26.760,3.41,58600
2020-09-02 09:31:28.920,3.41,800
2020-09-02 09:31:29.150,3.41,600
2020-09-02 09:31:29.150,3.41,6400
2020-09-02 09:31:29.150,3.411,100
2020-09-02 09:31:29.820,3.41,10000
2020-09-02 09:31:30.250,3.41,200
2020-09-02 09:31:30.430,3.411,97100
2020-09-02 09:31:30.430,3.411,200
2020-09-02 09:31:30.430,3.411,5000
2020-09-02 09:31:30.430,3.411,3100
2020-09-02 09:31:30.430,3.411,25000
2020-09-02 09:31:30.430,3.411,3800
2020-09-02 09:31:30.430,3.411,165800
2020-09-02 09:31:30.710,3.41,2000
2020-09-02 09:31:32.240,3.411,200
2020-09-02 09:31:33.490,3.411,30000
2020-09-02 09:31:33.840,3.411,20000
2020-09-02 09:31:34.230,3.41,4700
2020-09-02 09:31:34.910,3.411,34000
2020-09-02 09:31:34.910,3.411,4000
2020-09-02 09:31:34.910,3.411,28800
2020-09-02 09:31:34.910,3.411,49000
2020-09-02 09:31:34.910,3.411,200
2020-09-02 09:31:35.660,3.411,30000
2020-09-02 09:31:36.360,3.411,6500
2020-09-02 09:31:36.630,3.411,500000
2020-09-02 09:31:37.000,3.411,1800
2020-09-02 09:31:38.300,3.411,600
2020-09-02 09:31:39.660,3.411,13100
2020-09-02 09:31:39.660,3.411,60000
2020-09-02 09:31:39.780,3.41,1500
2020-09-02 09:31:40.230,3.411,1000
2020-09-02 09:31:40.800,3.411,1000
2020-09-02 09:31:40.980,3.411,60000
2020-09-02 09:31:42.530,3.41,5500
2020-09-02 09:31:42.530,3.41,700
2020-09-02 09:31:42.530,3.41,1000
2020-09-02 09:31:42.530,3.41,30000
2020-09-02 09:31:42.650,3.409,6900
2020-09-02 09:31:42.650,3.409,3000
2020-09-02 09:31:42.650,3.409,100
2020-09-02 09:31:44.090,3.41,3000
2020-09-02 09:31:44.350,3.41,25000
2020-09-02 09:31:44.990,3.41,8900
2020-09-02 09:31:45.670,3.41,225900
2020-09-02 09:31:45.670,3.41,300000
2020-09-02 09:31:45.870,3.41,150000
2020-09-02 09:31:46.070,3.41,600
2020-09-02 09:31:46.070,3.41,100000
2020-09-02 09:31:46.660,3.41,4000
2020-09-02 09:31:49.670,3.411,164900
2020-09-02 09:31:49.670,3.411,41300
2020-09-02 09:31:49.670,3.411,300000
2020-09-02 09:31:49.670,3.411,300000
2020-09-02 09:31:49.670,3.411,9800
2020-09-02 09:31:49.670,3.411,43400
2020-09-02 09:31:50.190,3.411,40600
2020-09-02 09:31:50.190,3.41,119500
2020-09-02 09:31:50.910,3.41,3000
2020-09-02 09:31:51.410,3.41,136900
2020-09-02 09:31:51.410,3.41,300000
2020-09-02 09:31:52.050,3.411,5000
2020-09-02 09:31:52.420,3.41,100000
2020-09-02 09:31:52.640,3.41,8200
2020-09-02 09:31:54.360,3.41,400
2020-09-02 09:31:54.700,3.41,38300
2020-09-02 09:31:55.540,3.41,20500
2020-09-02 09:31:55.810,3.41,200
2020-09-02 09:31:56.340,3.41,6000
2020-09-02 09:31:56.660,3.411,10400
2020-09-02 09:31:59.070,3.41,1000
2020-09-02 09:32:02.050,3.41,177100
2020-09-02 09:32:02.480,3.411,800
2020-09-02 09:32:03.080,3.41,100
2020-09-02 09:32:03.950,3.41,103800
2020-09-02 09:32:03.950,3.41,116200
2020-09-02 09:32:05.020,3.41,300100
2020-09-02 09:32:05.370,3.41,1100
2020-09-02 09:32:05.470,3.411,700
2020-09-02 09:32:05.840,3.411,8000
2020-09-02 09:32:05.840,3.411,10000
2020-09-02 09:32:06.370,3.41,300
2020-09-02 09:32:07.290,3.41,9700
2020-09-02 09:32:07.290,3.41,100
2020-09-02 09:32:07.290,3.41,12000
2020-09-02 09:32:07.290,3.41,200
2020-09-02 09:32:07.290,3.41,5000
2020-09-02 09:32:07.370,3.41,800
2020-09-02 09:32:07.660,3.41,15600
2020-09-02 09:32:08.500,3.41,61000
2020-09-02 09:32:08.580,3.41,31600
2020-09-02 09:32:08.650,3.409,9900
2020-09-02 09:32:08.650,3.409,10000
2020-09-02 09:32:08.650,3.409,1000
2020-09-02 09:32:08.650,3.409,500
2020-09-02 09:32:08.650,3.409,10000
2020-09-02 09:32:08.650,3.409,800
2020-09-02 09:32:08.650,3.409,300
2020-09-02 09:32:08.650,3.409,10000
2020-09-02 09:32:08.650,3.408,30000
2020-09-02 09:32:08.650,3.408,15000
2020-09-02 09:32:08.650,3.408,5800
2020-09-02 09:32:10.620,3.409,10000
2020-09-02 09:32:10.620,3.41,81000
2020-09-02 09:32:12.970,3.408,600
2020-09-02 09:32:16.710,3.408,200
2020-09-02 09:32:17.430,3.409,97100
2020-09-02 09:32:17.880,3.409,1000
2020-09-02 09:32:18.870,3.408,43400
2020-09-02 09:32:18.870,3.408,100
2020-09-02 09:32:18.870,3.408,6400
2020-09-02 09:32:19.330,3.409,3500
2020-09-02 09:32:20.050,3.408,10000
2020-09-02 09:32:20.160,3.408,14200
2020-09-02 09:32:20.160,3.408,43700
2020-09-02 09:32:20.340,3.408,10100
2020-09-02 09:32:21.890,3.407,300
2020-09-02 09:32:22.860,3.408,30000
2020-09-02 09:32:24.450,3.408,12500
2020-09-02 09:32:24.610,3.408,5000
2020-09-02 09:32:24.780,3.408,900
2020-09-02 09:32:26.280,3.407,100
2020-09-02 09:32:26.430,3.408,1000
2020-09-02 09:32:26.430,3.408,30000
2020-09-02 09:32:26.430,3.408,269000
2020-09-02 09:32:27.270,3.408,4200
2020-09-02 09:32:29.730,3.408,300100
2020-09-02 09:32:29.730,3.408,500
2020-09-02 09:32:29.730,3.408,100
2020-09-02 09:32:29.730,3.408,7100
2020-09-02 09:32:29.730,3.408,80000
2020-09-02 09:32:29.730,3.408,2000
2020-09-02 09:32:29.730,3.408,300
2020-09-02 09:32:30.660,3.408,4500
2020-09-02 09:32:30.710,3.409,2000
2020-09-02 09:32:31.350,3.408,40000
2020-09-02 09:32:33.150,3.408,30000
2020-09-02 09:32:35.040,3.408,5000
2020-09-02 09:32:36.200,3.408,40000
2020-09-02 09:32:38.960,3.409,6500
2020-09-02 09:32:38.960,3.409,6600
2020-09-02 09:32:38.960,3.409,15100
2020-09-02 09:32:38.960,3.409,200
2020-09-02 09:32:38.960,3.409,1600
2020-09-02 09:32:39.400,3.408,100
2020-09-02 09:32:42.900,3.409,2700
2020-09-02 09:32:44.020,3.408,180000
2020-09-02 09:32:44.050,3.409,700
2020-09-02 09:32:44.050,3.409,200
2020-09-02 09:32:44.050,3.409,1300
2020-09-02 09:32:44.050,3.409,800
2020-09-02 09:32:45.980,3.409,500
2020-09-02 09:32:46.120,3.408,600
2020-09-02 09:32:46.120,3.408,400
2020-09-02 09:32:47.120,3.408,3800
2020-09-02 09:32:48.040,3.408,5000
2020-09-02 09:32:48.310,3.409,1600
2020-09-02 09:32:48.400,3.409,500
2020-09-02 09:32:48.400,3.409,200
2020-09-02 09:32:50.280,3.408,600
2020-09-02 09:32:50.520,3.408,200
2020-09-02 09:32:51.860,3.408,100
2020-09-02 09:32:54.470,3.408,100
2020-09-02 09:32:55.090,3.408,7200
2020-09-02 09:32:55.090,3.408,100
2020-09-02 09:32:55.090,3.408,5100
2020-09-02 09:32:55.380,3.408,4900
2020-09-02 09:32:55.380,3.408,5100
2020-09-02 09:32:58.040,3.408,17900
2020-09-02 09:32:58.040,3.408,2000
2020-09-02 09:32:58.040,3.408,3100
2020-09-02 09:32:59.660,3.408,5000
2020-09-02 09:32:59.770,3.408,200
2020-09-02 09:33:00.100,3.408,300
2020-09-02 09:33:01.220,3.408,200
2020-09-02 09:33:02.110,3.408,500
2020-09-02 09:33:04.140,3.408,800
2020-09-02 09:33:08.030,3.407,200
2020-09-02 09:33:09.210,3.407,5000
2020-09-02 09:33:10.610,3.408,200
2020-09-02 09:33:11.090,3.407,500
2020-09-02 09:33:11.290,3.407,7000
2020-09-02 09:33:11.290,3.407,200
2020-09-02 09:33:11.290,3.407,7600
2020-09-02 09:33:12.910,3.408,100
2020-09-02 09:33:15.380,3.408,5300
2020-09-02 09:33:15.380,3.408,8500
2020-09-02 09:33:15.380,3.408,18500
2020-09-02 09:33:15.380,3.409,800
2020-09-02 09:33:15.380,3.409,60000
2020-09-02 09:33:15.380,3.409,2000
2020-09-02 09:33:15.380,3.409,10000
2020-09-02 09:33:15.380,3.409,4000
2020-09-02 09:33:15.380,3.409,2000
2020-09-02 09:33:15.380,3.409,300300
2020-09-02 09:33:15.410,3.409,20200
2020-09-02 09:33:16.250,3.409,32400
2020-09-02 09:33:16.760,3.409,26000
2020-09-02 09:33:17.280,3.409,10000
2020-09-02 09:33:18.860,3.409,19000
2020-09-02 09:33:18.940,3.41,8000
2020-09-02 09:33:18.940,3.41,2000
2020-09-02 09:33:18.940,3.41,90000
2020-09-02 09:33:19.040,3.409,7800
2020-09-02 09:33:20.820,3.41,210000
2020-09-02 09:33:20.820,3.41,50000
2020-09-02 09:33:20.820,3.41,1000
2020-09-02 09:33:20.820,3.41,7000
2020-09-02 09:33:20.820,3.41,16000
2020-09-02 09:33:20.820,3.41,100
2020-09-02 09:33:20.910,3.41,2800
2020-09-02 09:33:24.600,3.411,20000
2020-09-02 09:33:24.600,3.411,200
2020-09-02 09:33:24.600,3.411,10000
2020-09-02 09:33:24.600,3.411,200
2020-09-02 09:33:24.600,3.411,1300
2020-09-02 09:33:27.480,3.411,6000
2020-09-02 09:33:27.480,3.411,4000
2020-09-02 09:33:32.610,3.411,100
2020-09-02 09:33:34.340,3.41,10000
2020-09-02 09:33:34.740,3.41,10000
2020-09-02 09:33:37.600,3.41,200
2020-09-02 09:33:38.410,3.41,3000
2020-09-02 09:33:38.440,3.409,500
2020-09-02 09:33:39.090,3.409,1500
2020-09-02 09:33:42.020,3.41,100
2020-09-02 09:33:42.020,3.41,3000
2020-09-02 09:33:42.020,3.41,3900
2020-09-02 09:33:42.020,3.41,10000
2020-09-02 09:33:42.020,3.41,100
2020-09-02 09:33:45.980,3.411,100
2020-09-02 09:33:47.600,3.41,2000
2020-09-02 09:33:49.440,3.411,800
2020-09-02 09:33:49.440,3.411,3300
2020-09-02 09:33:49.440,3.411,3400
2020-09-02 09:33:49.440,3.411,2500
2020-09-02 09:33:50.640,3.41,3000
2020-09-02 09:33:51.730,3.41,400
2020-09-02 09:33:53.950,3.41,200
2020-09-02 09:33:53.950,3.41,100
2020-09-02 09:33:54.480,3.41,100
2020-09-02 09:33:54.480,3.41,400
2020-09-02 09:33:54.590,3.41,8200
2020-09-02 09:33:55.000,3.41,1300
2020-09-02 09:33:55.250,3.41,100
2020-09-02 09:33:55.570,3.411,30000
2020-09-02 09:33:56.210,3.41,100
2020-09-02 09:33:57.010,3.41,37000
2020-09-02 09:33:57.010,3.41,8200
2020-09-02 09:33:57.010,3.41,20000
2020-09-02 09:33:57.560,3.41,1300
2020-09-02 09:33:58.270,3.41,5000
2020-09-02 09:33:58.540,3.41,1000
2020-09-02 09:33:59.660,3.41,700
2020-09-02 09:33:59.690,3.41,100
2020-09-02 09:34:00.370,3.409,9000
2020-09-02 09:34:00.440,3.41,226800
2020-09-02 09:34:00.440,3.41,10000
2020-09-02 09:34:00.440,3.41,2000
2020-09-02 09:34:00.440,3.41,39400
2020-09-02 09:34:01.070,3.41,300
2020-09-02 09:34:01.370,3.41,200
2020-09-02 09:34:02.160,3.41,1000
2020-09-02 09:34:02.180,3.41,5000
2020-09-02 09:34:02.240,3.409,1900
2020-09-02 09:34:05.850,3.41,10000
2020-09-02 09:34:06.720,3.41,5000
2020-09-02 09:34:07.690,3.41,5800
2020-09-02 09:34:07.920,3.41,600
2020-09-02 09:34:08.670,3.41,3900
2020-09-02 09:34:08.670,3.41,1800
2020-09-02 09:34:08.670,3.41,2900
2020-09-02 09:34:08.670,3.41,200
2020-09-02 09:34:08.670,3.41,28700
2020-09-02 09:34:08.830,3.41,200
2020-09-02 09:34:08.870,3.41,1000
2020-09-02 09:34:11.170,3.41,300
2020-09-02 09:34:11.250,3.41,5000
2020-09-02 09:34:12.340,3.41,100
2020-09-02 09:34:14.990,3.411,25000
2020-09-02 09:34:14.990,3.411,200
2020-09-02 09:34:14.990,3.411,1800
2020-09-02 09:34:14.990,3.411,200
2020-09-02 09:34:14.990,3.411,5000
2020-09-02 09:34:14.990,3.411,18300
2020-09-02 09:34:14.990,3.411,2000
2020-09-02 09:34:14.990,3.411,48900
2020-09-02 09:34:14.990,3.412,10000
2020-09-02 09:34:14.990,3.412,900
2020-09-02 09:34:14.990,3.412,1000
2020-09-02 09:34:14.990,3.412,4000
2020-09-02 09:34:14.990,3.412,5000
2020-09-02 09:34:14.990,3.412,1000
2020-09-02 09:34:14.990,3.412,200
2020-09-02 09:34:14.990,3.412,86600
2020-09-02 09:34:14.990,3.412,500
2020-09-02 09:34:14.990,3.412,11300
2020-09-02 09:34:14.990,3.412,40000
2020-09-02 09:34:14.990,3.412,300000
2020-09-02 09:34:15.420,3.412,400
2020-09-02 09:34:15.760,3.412,9000
2020-09-02 09:34:16.950,3.412,6000
2020-09-02 09:34:17.650,3.412,6100
2020-09-02 09:34:17.780,3.412,300000
2020-09-02 09:34:18.230,3.412,40000
2020-09-02 09:34:18.310,3.412,76600
2020-09-02 09:34:18.310,3.411,12000
2020-09-02 09:34:19.520,3.411,2000
2020-09-02 09:34:21.830,3.41,226700
2020-09-02 09:34:21.830,3.41,1000
2020-09-02 09:34:21.830,3.41,300
2020-09-02 09:34:21.830,3.41,2000
2020-09-02 09:34:23.280,3.411,200
2020-09-02 09:34:23.820,3.411,43200
2020-09-02 09:34:24.080,3.411,10000
2020-09-02 09:34:24.610,3.411,100
2020-09-02 09:34:25.430,3.41,17800
2020-09-02 09:34:30.110,3.41,200
2020-09-02 09:34:34.630,3.41,2400
2020-09-02 09:34:34.630,3.41,100
2020-09-02 09:34:34.630,3.41,2500
2020-09-02 09:34:34.940,3.41,5600
2020-09-02 09:34:37.230,3.41,3400
2020-09-02 09:34:38.100,3.41,3000
2020-09-02 09:34:38.290,3.41,29500
2020-09-02 09:34:39.120,3.41,5000
2020-09-02 09:34:40.150,3.409,5000
2020-09-02 09:34:40.360,3.409,300000
2020-09-02 09:34:43.520,3.41,1000
2020-09-02 09:34:44.210,3.409,17600
2020-09-02 09:34:45.260,3.409,4000
2020-09-02 09:34:45.370,3.41,3000
2020-09-02 09:34:48.060,3.409,10000
2020-09-02 09:34:48.750,3.409,1600
2020-09-02 09:34:50.220,3.41,4500
2020-09-02 09:34:50.220,3.41,700
2020-09-02 09:34:50.220,3.41,200
2020-09-02 09:34:50.220,3.41,600
2020-09-02 09:34:50.220,3.41,2000
2020-09-02 09:34:50.590,3.41,5000
2020-09-02 09:34:50.720,3.41,100
2020-09-02 09:34:51.090,3.41,23500
2020-09-02 09:34:51.320,3.41,6000
2020-09-02 09:34:53.200,3.41,29100
2020-09-02 09:34:55.770,3.411,155900
2020-09-02 09:34:55.770,3.411,5000
2020-09-02 09:34:55.770,3.411,200
2020-09-02 09:34:55.770,3.411,600
2020-09-02 09:34:55.770,3.411,1000
2020-09-02 09:34:55.770,3.411,2000
2020-09-02 09:34:55.880,3.411,400
2020-09-02 09:34:57.150,3.411,600
2020-09-02 09:34:57.860,3.411,2900
2020-09-02 09:34:58.460,3.411,34800
2020-09-02 09:34:59.570,3.411,500
2020-09-02 09:35:00.240,3.411,200
2020-09-02 09:35:00.240,3.412,200
2020-09-02 09:35:00.240,3.412,300
2020-09-02 09:35:00.240,3.412,500
2020-09-02 09:35:00.240,3.412,100
2020-09-02 09:35:00.240,3.412,1900
2020-09-02 09:35:00.270,3.412,100
2020-09-02 09:35:02.270,3.412,200
2020-09-02 09:35:03.130,3.413,10000
2020-09-02 09:35:03.130,3.413,3000
2020-09-02 09:35:03.130,3.413,2000
2020-09-02 09:35:03.330,3.411,60000
2020-09-02 09:35:03.530,3.411,1600
2020-09-02 09:35:04.100,3.411,15200
2020-09-02 09:35:05.930,3.412,2000
2020-09-02 09:35:06.100,3.412,400
2020-09-02 09:35:07.820,3.412,100
2020-09-02 09:35:08.290,3.412,20200
2020-09-02 09:35:15.020,3.411,19100
2020-09-02 09:35:15.020,3.411,280900
2020-09-02 09:35:15.140,3.411,19100
2020-09-02 09:35:15.140,3.411,5200
2020-09-02 09:35:15.140,3.411,50000
2020-09-02 09:35:16.230,3.411,53400
2020-09-02 09:35:21.550,3.411,20000
2020-09-02 09:35:22.850,3.41,200
2020-09-02 09:35:22.850,3.41,300
2020-09-02 09:35:24.590,3.41,2000
2020-09-02 09:35:24.980,3.409,12000
2020-09-02 09:35:24.980,3.409,4000
2020-09-02 09:35:24.980,3.409,2500
2020-09-02 09:35:24.980,3.409,12000
2020-09-02 09:35:24.980,3.409,7000
2020-09-02 09:35:25.660,3.409,1800
2020-09-02 09:35:30.010,3.409,1700
2020-09-02 09:35:32.230,3.409,10000
2020-09-02 09:35:34.680,3.408,500
2020-09-02 09:35:37.390,3.409,2000
2020-09-02 09:35:37.900,3.409,200
2020-09-02 09:35:40.650,3.409,600
2020-09-02 09:35:40.650,3.409,71300
2020-09-02 09:35:43.440,3.408,1900
2020-09-02 09:35:44.800,3.408,600
2020-09-02 09:35:44.800,3.408,15300
2020-09-02 09:35:45.600,3.409,40000
2020-09-02 09:35:46.940,3.41,400
2020-09-02 09:35:46.940,3.41,600
2020-09-02 09:35:48.910,3.409,5000
2020-09-02 09:35:49.940,3.409,5000
2020-09-02 09:35:49.940,3.409,1000
2020-09-02 09:35:49.940,3.409,100
2020-09-02 09:35:50.210,3.41,100
2020-09-02 09:35:54.240,3.409,3000
2020-09-02 09:35:55.900,3.409,6900
2020-09-02 09:35:55.900,3.409,30000
2020-09-02 09:35:55.900,3.408,89400
2020-09-02 09:35:55.930,3.41,200
2020-09-02 09:35:55.930,3.41,10000
2020-09-02 09:35:55.930,3.41,2000
2020-09-02 09:35:55.930,3.41,24900
2020-09-02 09:35:55.930,3.41,100
2020-09-02 09:35:55.930,3.41,2000
2020-09-02 09:35:55.930,3.41,1600
2020-09-02 09:35:55.930,3.41,200
2020-09-02 09:35:55.930,3.41,10000
2020-09-02 09:35:55.930,3.41,10000
2020-09-02 09:35:55.930,3.411,61100
2020-09-02 09:35:56.450,3.409,10000
2020-09-02 09:35:57.520,3.41,2000
2020-09-02 09:35:58.940,3.41,2000
2020-09-02 09:36:00.100,3.41,400
2020-09-02 09:36:00.100,3.41,1500
2020-09-02 09:36:00.450,3.41,1000
2020-09-02 09:36:00.560,3.41,500
2020-09-02 09:36:00.860,3.41,1500
2020-09-02 09:36:02.400,3.41,7000
2020-09-02 09:36:02.540,3.41,100
2020-09-02 09:36:02.900,3.41,900
2020-09-02 09:36:07.050,3.409,4000
2020-09-02 09:36:07.050,3.409,2000
2020-09-02 09:36:07.150,3.409,77200
2020-09-02 09:36:07.550,3.409,5000
2020-09-02 09:36:10.320,3.41,500
2020-09-02 09:36:11.210,3.409,131100
2020-09-02 09:36:11.490,3.409,900
2020-09-02 09:36:11.600,3.409,12100
2020-09-02 09:36:11.790,3.41,5600
2020-09-02 09:36:12.910,3.41,1000
2020-09-02 09:36:13.110,3.41,400
2020-09-02 09:36:13.250,3.411,91200
2020-09-02 09:36:13.250,3.411,3000
2020-09-02 09:36:13.250,3.411,10000
2020-09-02 09:36:13.250,3.411,1000
2020-09-02 09:36:13.250,3.411,3000
2020-09-02 09:36:17.800,3.412,29800
2020-09-02 09:36:17.800,3.412,200
2020-09-02 09:36:17.940,3.412,1400
2020-09-02 09:36:17.940,3.412,300
2020-09-02 09:36:17.940,3.412,50000
2020-09-02 09:36:17.940,3.412,2000
2020-09-02 09:36:17.940,3.412,10000
2020-09-02 09:36:17.940,3.412,236300
2020-09-02 09:36:17.940,3.412,300000
2020-09-02 09:36:18.200,3.412,3300
2020-09-02 09:36:18.260,3.412,50700
2020-09-02 09:36:18.280,3.412,18800
2020-09-02 09:36:18.430,3.412,148500
2020-09-02 09:36:18.660,3.412,6200
2020-09-02 09:36:18.800,3.412,136200
2020-09-02 09:36:18.990,3.413,18000
2020-09-02 09:36:18.990,3.413,700
2020-09-02 09:36:18.990,3.413,5900
2020-09-02 09:36:18.990,3.413,100
2020-09-02 09:36:18.990,3.413,1200
2020-09-02 09:36:18.990,3.413,200
2020-09-02 09:36:18.990,3.413,1500
2020-09-02 09:36:18.990,3.413,600
2020-09-02 09:36:19.490,3.413,1800
2020-09-02 09:36:19.490,3.412,200
2020-09-02 09:36:20.200,3.412,200
2020-09-02 09:36:23.310,3.412,10000
2020-09-02 09:36:23.310,3.412,10000
2020-09-02 09:36:24.750,3.413,2000
2020-09-02 09:36:24.750,3.412,63900
2020-09-02 09:36:28.060,3.414,1400
2020-09-02 09:36:28.060,3.414,30000
2020-09-02 09:36:28.060,3.414,8800
2020-09-02 09:36:28.060,3.414,5000
2020-09-02 09:36:28.060,3.414,2000
2020-09-02 09:36:28.060,3.414,2800
2020-09-02 09:36:29.420,3.412,500
2020-09-02 09:36:29.750,3.414,207800
2020-09-02 09:36:29.750,3.414,3300
2020-09-02 09:36:29.750,3.414,300000
2020-09-02 09:36:32.990,3.414,5000
2020-09-02 09:36:34.110,3.414,300
2020-09-02 09:36:36.030,3.414,5000
2020-09-02 09:36:36.860,3.414,300000
2020-09-02 09:36:36.910,3.414,78600
2020-09-02 09:36:37.230,3.414,10000
2020-09-02 09:36:38.130,3.414,5900
2020-09-02 09:36:39.310,3.413,3000
2020-09-02 09:36:39.910,3.413,1400
2020-09-02 09:36:40.530,3.413,300
2020-09-02 09:36:40.530,3.412,9500
2020-09-02 09:36:40.530,3.412,500
2020-09-02 09:36:41.460,3.413,300
2020-09-02 09:36:41.890,3.413,295000
2020-09-02 09:36:41.890,3.414,205500
2020-09-02 09:36:41.890,3.414,250000
2020-09-02 09:36:41.890,3.414,600
2020-09-02 09:36:41.890,3.414,248900
2020-09-02 09:36:43.730,3.413,100
2020-09-02 09:36:43.910,3.414,10000
2020-09-02 09:36:44.810,3.414,5000
2020-09-02 09:36:47.830,3.414,1000
2020-09-02 09:36:47.970,3.413,1000
2020-09-02 09:36:48.170,3.414,1700
2020-09-02 09:36:48.390,3.413,1000
2020-09-02 09:36:49.410,3.414,30000
2020-09-02 09:36:50.570,3.414,5000
2020-09-02 09:36:50.690,3.413,2900
2020-09-02 09:36:50.690,3.412,3000
2020-09-02 09:36:57.070,3.412,1000
2020-09-02 09:36:58.890,3.412,2500
2020-09-02 09:37:01.460,3.413,3000
2020-09-02 09:37:03.790,3.413,9500
2020-09-02 09:37:03.790,3.413,13200
2020-09-02 09:37:03.790,3.413,200
2020-09-02 09:37:03.790,3.413,2000
2020-09-02 09:37:03.790,3.413,2900
2020-09-02 09:37:04.540,3.413,2200
2020-09-02 09:37:04.640,3.413,5800
2020-09-02 09:37:04.640,3.413,100
2020-09-02 09:37:04.870,3.413,1000
2020-09-02 09:37:07.280,3.413,200
2020-09-02 09:37:07.920,3.413,1800
2020-09-02 09:37:07.920,3.413,1200
2020-09-02 09:37:09.680,3.413,800
2020-09-02 09:37:09.890,3.414,14300
2020-09-02 09:37:13.260,3.414,249000
2020-09-02 09:37:13.260,3.414,51000
2020-09-02 09:37:14.660,3.414,10000
2020-09-02 09:37:16.180,3.414,2900
2020-09-02 09:37:16.340,3.413,500
2020-09-02 09:37:16.990,3.413,18700
2020-09-02 09:37:16.990,3.413,600
2020-09-02 09:37:16.990,3.413,280700
2020-09-02 09:37:18.020,3.413,19300
2020-09-02 09:37:18.020,3.413,10000
2020-09-02 09:37:18.020,3.413,4000
2020-09-02 09:37:18.020,3.412,3000
2020-09-02 09:37:18.020,3.412,10000
2020-09-02 09:37:18.020,3.412,10000
2020-09-02 09:37:18.020,3.412,1400
2020-09-02 09:37:18.020,3.412,5500
2020-09-02 09:37:18.020,3.412,36800
2020-09-02 09:37:20.790,3.413,250000
2020-09-02 09:37:20.790,3.413,2000
2020-09-02 09:37:20.790,3.413,10000
2020-09-02 09:37:20.790,3.413,4600
2020-09-02 09:37:21.700,3.413,300
2020-09-02 09:37:21.940,3.413,2000
2020-09-02 09:37:24.780,3.412,400
2020-09-02 09:37:27.950,3.413,20000
2020-09-02 09:37:28.240,3.413,10000
2020-09-02 09:37:31.090,3.413,1100
2020-09-02 09:37:31.090,3.413,500
2020-09-02 09:37:31.500,3.413,1400
2020-09-02 09:37:31.500,3.413,8600
2020-09-02 09:37:31.600,3.414,600
2020-09-02 09:37:32.360,3.414,200
2020-09-02 09:37:32.790,3.413,2200
2020-09-02 09:37:32.790,3.413,700
2020-09-02 09:37:34.050,3.413,21900
2020-09-02 09:37:35.450,3.412,2600
2020-09-02 09:37:36.350,3.413,10000
2020-09-02 09:37:36.530,3.413,5000
2020-09-02 09:37:38.280,3.412,460200
2020-09-02 09:37:38.280,3.412,900
2020-09-02 09:37:38.280,3.412,435700
2020-09-02 09:37:38.750,3.413,1800
2020-09-02 09:37:40.120,3.412,299000
2020-09-02 09:37:40.720,3.412,165300
2020-09-02 09:37:40.720,3.412,2000
2020-09-02 09:37:40.720,3.412,5000
2020-09-02 09:37:40.720,3.412,50000
2020-09-02 09:37:41.880,3.412,6000
2020-09-02 09:37:46.140,3.412,6400
2020-09-02 09:37:48.340,3.412,600
2020-09-02 09:37:49.340,3.411,1200
2020-09-02 09:37:50.450,3.411,10000
2020-09-02 09:37:54.340,3.411,2000
2020-09-02 09:37:54.740,3.411,178600
2020-09-02 09:37:54.740,3.411,121400
2020-09-02 09:37:55.140,3.411,2200
2020-09-02 09:37:55.230,3.412,14200
2020-09-02 09:37:56.080,3.411,2000
2020-09-02 09:37:58.790,3.411,70000
2020-09-02 09:37:59.260,3.412,1000
2020-09-02 09:37:59.490,3.412,2500
2020-09-02 09:37:59.870,3.411,4100
2020-09-02 09:38:00.360,3.412,100
2020-09-02 09:38:00.410,3.412,100
2020-09-02 09:38:00.410,3.412,100
2020-09-02 09:38:00.410,3.412,100
2020-09-02 09:38:00.410,3.412,100
2020-09-02 09:38:00.410,3.412,100
2020-09-02 09:38:00.410,3.412,100
2020-09-02 09:38:00.410,3.412,100
2020-09-02 09:38:00.410,3.412,100
2020-09-02 09:38:00.500,3.412,100
2020-09-02 09:38:00.500,3.412,100
2020-09-02 09:38:00.500,3.412,100
2020-09-02 09:38:00.500,3.412,100
2020-09-02 09:38:00.500,3.412,100
2020-09-02 09:38:00.500,3.412,100
2020-09-02 09:38:00.500,3.412,100
2020-09-02 09:38:00.500,3.412,100
2020-09-02 09:38:00.500,3.412,100
2020-09-02 09:38:00.550,3.412,100
2020-09-02 09:38:00.550,3.412,100
2020-09-02 09:38:00.550,3.412,100
2020-09-02 09:38:00.550,3.412,100
2020-09-02 09:38:00.550,3.412,100
2020-09-02 09:38:00.550,3.412,100
2020-09-02 09:38:00.550,3.412,100
2020-09-02 09:38:00.550,3.412,100
2020-09-02 09:38:00.640,3.412,100
2020-09-02 09:38:00.640,3.412,100
2020-09-02 09:38:00.640,3.412,100
2020-09-02 09:38:00.640,3.412,100
2020-09-02 09:38:00.640,3.412,100
2020-09-02 09:38:00.640,3.412,100
2020-09-02 09:38:00.640,3.412,100
2020-09-02 09:38:00.730,3.412,100
2020-09-02 09:38:00.730,3.412,100
2020-09-02 09:38:00.730,3.412,100
2020-09-02 09:38:00.730,3.412,100
2020-09-02 09:38:00.750,3.412,100
2020-09-02 09:38:00.750,3.412,100
2020-09-02 09:38:00.750,3.412,100
2020-09-02 09:38:00.750,3.412,100
2020-09-02 09:38:00.750,3.412,100
2020-09-02 09:38:00.750,3.412,100
2020-09-02 09:38:00.750,3.412,100
2020-09-02 09:38:00.750,3.412,100
2020-09-02 09:38:00.780,3.412,100
2020-09-02 09:38:00.780,3.412,100
2020-09-02 09:38:00.780,3.412,100
2020-09-02 09:38:00.780,3.412,100
2020-09-02 09:38:00.780,3.412,100
2020-09-02 09:38:00.890,3.412,100
2020-09-02 09:38:00.890,3.412,100
2020-09-02 09:38:00.890,3.412,100
2020-09-02 09:38:00.890,3.412,100
2020-09-02 09:38:00.890,3.412,100
2020-09-02 09:38:00.950,3.412,100
2020-09-02 09:38:00.980,3.412,100
2020-09-02 09:38:00.980,3.412,100
2020-09-02 09:38:00.980,3.412,100
2020-09-02 09:38:00.980,3.412,100
2020-09-02 09:38:00.980,3.412,100
2020-09-02 09:38:00.980,3.412,100
2020-09-02 09:38:00.980,3.412,100
2020-09-02 09:38:00.980,3.412,100
2020-09-02 09:38:00.980,3.412,100
2020-09-02 09:38:00.980,3.412,100
2020-09-02 09:38:00.980,3.412,100
2020-09-02 09:38:01.000,3.412,100
2020-09-02 09:38:01.000,3.412,100
2020-09-02 09:38:01.000,3.412,100
2020-09-02 09:38:01.000,3.412,100
2020-09-02 09:38:01.000,3.412,100
2020-09-02 09:38:01.150,3.412,100
2020-09-02 09:38:01.150,3.412,100
2020-09-02 09:38:01.150,3.412,100
2020-09-02 09:38:01.150,3.412,100
2020-09-02 09:38:01.150,3.412,100
2020-09-02 09:38:01.240,3.412,100
2020-09-02 09:38:01.240,3.412,100
2020-09-02 09:38:01.240,3.412,100
2020-09-02 09:38:01.240,3.412,100
2020-09-02 09:38:01.240,3.412,100
2020-09-02 09:38:01.240,3.412,100
2020-09-02 09:38:01.240,3.412,100
2020-09-02 09:38:01.240,3.412,100
2020-09-02 09:38:01.240,3.412,100
2020-09-02 09:38:01.240,3.412,100
2020-09-02 09:38:01.240,3.412,100
2020-09-02 09:38:01.300,3.412,100
2020-09-02 09:38:01.300,3.412,100
2020-09-02 09:38:01.300,3.412,100
2020-09-02 09:38:01.300,3.412,100
2020-09-02 09:38:01.300,3.412,100
2020-09-02 09:38:01.300,3.412,100
2020-09-02 09:38:01.300,3.412,100
2020-09-02 09:38:01.300,3.412,100
2020-09-02 09:38:01.300,3.412,100
2020-09-02 09:38:01.300,3.412,100
2020-09-02 09:38:01.300,3.412,100
2020-09-02 09:38:01.300,3.412,100
2020-09-02 09:38:01.450,3.412,100
2020-09-02 09:38:01.450,3.412,100
2020-09-02 09:38:01.450,3.412,100
2020-09-02 09:38:01.450,3.412,100
2020-09-02 09:38:01.450,3.412,100
2020-09-02 09:38:01.450,3.412,100
2020-09-02 09:38:01.450,3.412,100
2020-09-02 09:38:01.450,3.412,100
2020-09-02 09:38:01.450,3.412,100
2020-09-02 09:38:01.450,3.412,100
2020-09-02 09:38:01.450,3.412,100
2020-09-02 09:38:01.450,3.412,100
2020-09-02 09:38:01.450,3.412,100
2020-09-02 09:38:01.450,3.412,100
2020-09-02 09:38:01.520,3.412,100
2020-09-02 09:38:01.520,3.412,100
2020-09-02 09:38:01.520,3.412,100
2020-09-02 09:38:01.520,3.412,100
2020-09-02 09:38:01.520,3.412,100
2020-09-02 09:38:01.520,3.412,100
2020-09-02 09:38:01.520,3.412,100
2020-09-02 09:38:01.590,3.412,100
2020-09-02 09:38:01.590,3.412,100
2020-09-02 09:38:01.590,3.412,100
2020-09-02 09:38:01.590,3.412,100
2020-09-02 09:38:01.590,3.412,100
2020-09-02 09:38:01.590,3.412,100
2020-09-02 09:38:01.590,3.412,100
2020-09-02 09:38:02.150,3.412,100
2020-09-02 09:38:02.150,3.412,100
2020-09-02 09:38:02.150,3.412,100
2020-09-02 09:38:02.150,3.412,100
2020-09-02 09:38:02.150,3.412,100
2020-09-02 09:38:02.150,3.412,100
2020-09-02 09:38:02.150,3.412,100
2020-09-02 09:38:02.150,3.412,100
2020-09-02 09:38:02.150,3.412,100
2020-09-02 09:38:02.150,3.412,100
2020-09-02 09:38:02.150,3.412,100
2020-09-02 09:38:02.150,3.412,100
2020-09-02 09:38:02.310,3.411,5000
2020-09-02 09:38:02.370,3.412,100
2020-09-02 09:38:02.370,3.412,100
2020-09-02 09:38:02.370,3.412,100
2020-09-02 09:38:02.370,3.412,100
2020-09-02 09:38:02.370,3.412,100
2020-09-02 09:38:02.370,3.412,100
2020-09-02 09:38:02.370,3.412,100
2020-09-02 09:38:02.370,3.412,100
2020-09-02 09:38:02.370,3.412,100
2020-09-02 09:38:02.460,3.412,100
2020-09-02 09:38:02.910,3.411,95300
2020-09-02 09:38:02.910,3.411,4700
2020-09-02 09:38:03.230,3.411,300
2020-09-02 09:38:03.230,3.411,5000
2020-09-02 09:38:03.230,3.411,100
2020-09-02 09:38:03.230,3.411,50000
2020-09-02 09:38:03.230,3.411,3200
2020-09-02 09:38:03.850,3.411,100
2020-09-02 09:38:03.850,3.411,100
2020-09-02 09:38:03.850,3.411,100
2020-09-02 09:38:03.850,3.411,100
2020-09-02 09:38:03.910,3.411,100
2020-09-02 09:38:03.910,3.411,100
2020-09-02 09:38:03.910,3.411,100
2020-09-02 09:38:03.910,3.411,100
2020-09-02 09:38:03.910,3.411,100
2020-09-02 09:38:03.960,3.411,100
2020-09-02 09:38:03.960,3.411,100
2020-09-02 09:38:03.960,3.411,100
2020-09-02 09:38:04.010,3.411,100
2020-09-02 09:38:04.010,3.411,100
2020-09-02 09:38:04.010,3.411,100
2020-09-02 09:38:04.010,3.411,100
2020-09-02 09:38:04.010,3.411,100
2020-09-02 09:38:04.040,3.411,100
2020-09-02 09:38:04.040,3.411,100
2020-09-02 09:38:04.120,3.411,100
2020-09-02 09:38:04.120,3.411,100
2020-09-02 09:38:04.120,3.411,100
2020-09-02 09:38:04.120,3.411,100
2020-09-02 09:38:04.120,3.411,100
2020-09-02 09:38:04.150,3.411,100
2020-09-02 09:38:04.150,3.411,100
2020-09-02 09:38:04.150,3.411,100
2020-09-02 09:38:04.150,3.411,100
2020-09-02 09:38:04.210,3.411,100
2020-09-02 09:38:04.210,3.411,100
2020-09-02 09:38:04.210,3.411,100
2020-09-02 09:38:04.210,3.411,100
2020-09-02 09:38:04.210,3.411,100
2020-09-02 09:38:04.210,3.411,100
2020-09-02 09:38:04.210,3.411,100
2020-09-02 09:38:04.210,3.411,100
2020-09-02 09:38:04.210,3.411,100
2020-09-02 09:38:04.350,3.411,100
2020-09-02 09:38:04.350,3.411,100
2020-09-02 09:38:04.400,3.411,100
2020-09-02 09:38:04.400,3.411,100
2020-09-02 09:38:04.400,3.411,100
2020-09-02 09:38:04.400,3.411,100
2020-09-02 09:38:04.400,3.411,100
2020-09-02 09:38:04.400,3.411,100
2020-09-02 09:38:04.400,3.411,100
2020-09-02 09:38:04.440,3.411,100
2020-09-02 09:38:04.440,3.411,100
2020-09-02 09:38:04.440,3.411,100
2020-09-02 09:38:04.440,3.411,100
2020-09-02 09:38:04.440,3.411,100
2020-09-02 09:38:04.490,3.411,100
2020-09-02 09:38:04.490,3.411,100
2020-09-02 09:38:04.490,3.411,100
2020-09-02 09:38:04.490,3.411,100
2020-09-02 09:38:04.540,3.411,100
2020-09-02 09:38:04.540,3.411,100
2020-09-02 09:38:04.540,3.411,100
2020-09-02 09:38:04.590,3.411,100
2020-09-02 09:38:04.590,3.411,100
2020-09-02 09:38:04.590,3.411,100
2020-09-02 09:38:04.590,3.411,100
2020-09-02 09:38:04.590,3.411,100
2020-09-02 09:38:04.590,3.411,100
2020-09-02 09:38:04.620,3.411,100
2020-09-02 09:38:04.620,3.411,100
2020-09-02 09:38:04.620,3.411,100
2020-09-02 09:38:04.670,3.411,100
2020-09-02 09:38:04.670,3.411,100
2020-09-02 09:38:04.670,3.411,100
2020-09-02 09:38:04.670,3.411,100
2020-09-02 09:38:04.740,3.411,100
2020-09-02 09:38:04.740,3.411,100
2020-09-02 09:38:04.740,3.411,100
2020-09-02 09:38:04.740,3.411,100
2020-09-02 09:38:04.740,3.411,100
2020-09-02 09:38:04.770,3.411,100
2020-09-02 09:38:04.770,3.411,100
2020-09-02 09:38:04.770,3.411,100
2020-09-02 09:38:04.770,3.411,100
2020-09-02 09:38:04.770,3.411,100
2020-09-02 09:38:05.350,3.411,100
2020-09-02 09:38:05.350,3.411,100
2020-09-02 09:38:05.350,3.411,100
2020-09-02 09:38:05.350,3.411,100
2020-09-02 09:38:05.350,3.411,100
2020-09-02 09:38:05.410,3.411,100
2020-09-02 09:38:05.410,3.411,100
2020-09-02 09:38:05.410,3.411,100
2020-09-02 09:38:05.470,3.411,100
2020-09-02 09:38:05.470,3.411,100
2020-09-02 09:38:05.470,3.411,100
2020-09-02 09:38:05.470,3.411,100
2020-09-02 09:38:05.470,3.411,100
2020-09-02 09:38:05.470,3.411,100
2020-09-02 09:38:05.470,3.411,100
2020-09-02 09:38:05.470,3.411,100
2020-09-02 09:38:05.470,3.411,100
2020-09-02 09:38:05.470,3.411,100
2020-09-02 09:38:05.550,3.411,100
2020-09-02 09:38:05.550,3.411,100
2020-09-02 09:38:05.550,3.411,100
2020-09-02 09:38:05.550,3.411,100
2020-09-02 09:38:05.550,3.411,100
2020-09-02 09:38:05.550,3.411,100
2020-09-02 09:38:05.550,3.411,100
2020-09-02 09:38:05.550,3.411,100
2020-09-02 09:38:05.550,3.411,100
2020-09-02 09:38:05.550,3.411,100
2020-09-02 09:38:05.550,3.411,100
2020-09-02 09:38:05.550,3.411,100
2020-09-02 09:38:05.550,3.411,100
2020-09-02 09:38:05.630,3.411,100
2020-09-02 09:38:05.660,3.411,100
2020-09-02 09:38:05.660,3.411,100
2020-09-02 09:38:05.660,3.411,100
2020-09-02 09:38:05.660,3.411,100
2020-09-02 09:38:05.660,3.411,100
2020-09-02 09:38:05.710,3.411,100
2020-09-02 09:38:05.710,3.411,100
2020-09-02 09:38:05.710,3.411,100
2020-09-02 09:38:05.710,3.411,100
2020-09-02 09:38:05.710,3.411,100
2020-09-02 09:38:05.710,3.411,100
2020-09-02 09:38:05.710,3.411,100
2020-09-02 09:38:05.770,3.411,100
2020-09-02 09:38:05.770,3.411,100
2020-09-02 09:38:05.770,3.411,100
2020-09-02 09:38:05.770,3.411,100
2020-09-02 09:38:05.770,3.411,100
2020-09-02 09:38:05.770,3.411,100
2020-09-02 09:38:05.830,3.411,100
2020-09-02 09:38:05.830,3.411,100
2020-09-02 09:38:05.830,3.411,100
2020-09-02 09:38:05.830,3.411,100
2020-09-02 09:38:05.830,3.411,100
2020-09-02 09:38:05.830,3.411,100
2020-09-02 09:38:05.830,3.411,100
2020-09-02 09:38:05.830,3.411,100
2020-09-02 09:38:05.830,3.411,100
2020-09-02 09:38:05.830,3.411,100
2020-09-02 09:38:05.910,3.411,100
2020-09-02 09:38:05.910,3.411,100
2020-09-02 09:38:05.910,3.411,100
2020-09-02 09:38:05.910,3.411,100
2020-09-02 09:38:05.910,3.411,100
2020-09-02 09:38:05.970,3.411,100
2020-09-02 09:38:05.970,3.411,100
2020-09-02 09:38:05.970,3.411,100
2020-09-02 09:38:05.970,3.411,100
2020-09-02 09:38:11.290,3.411,1500
2020-09-02 09:38:11.790,3.41,5000
2020-09-02 09:38:12.080,3.411,10000
2020-09-02 09:38:13.390,3.41,10000
2020-09-02 09:38:14.930,3.41,22600
2020-09-02 09:38:16.230,3.41,2000
2020-09-02 09:38:16.570,3.41,10000
2020-09-02 09:38:17.180,3.41,92000
2020-09-02 09:38:18.470,3.411,5000
2020-09-02 09:38:18.930,3.41,3000
2020-09-02 09:38:19.830,3.41,1000
2020-09-02 09:38:19.960,3.41,3000
2020-09-02 09:38:20.940,3.41,25000
2020-09-02 09:38:22.310,3.41,100000
2020-09-02 09:38:22.730,3.41,900
2020-09-02 09:38:23.200,3.41,10000
2020-09-02 09:38:25.840,3.411,100
2020-09-02 09:38:26.600,3.41,800
2020-09-02 09:38:26.940,3.41,400
2020-09-02 09:38:27.000,3.41,1000
2020-09-02 09:38:27.420,3.41,1800
2020-09-02 09:38:27.590,3.41,4500
2020-09-02 09:38:27.590,3.41,3500
2020-09-02 09:38:27.590,3.41,2000
2020-09-02 09:38:27.590,3.41,12200
2020-09-02 09:38:27.670,3.411,800
2020-09-02 09:38:28.570,3.41,6700
2020-09-02 09:38:29.150,3.41,31100
2020-09-02 09:38:29.150,3.41,4500
2020-09-02 09:38:29.150,3.41,43900
2020-09-02 09:38:29.150,3.41,300
2020-09-02 09:38:29.150,3.41,100
2020-09-02 09:38:29.150,3.41,10000
2020-09-02 09:38:29.150,3.41,20000
2020-09-02 09:38:29.150,3.41,30000
2020-09-02 09:38:29.150,3.41,100
2020-09-02 09:38:29.150,3.41,10000
2020-09-02 09:38:29.150,3.41,4000
2020-09-02 09:38:29.150,3.41,146000
2020-09-02 09:38:30.010,3.41,2300
2020-09-02 09:38:30.960,3.41,2300
2020-09-02 09:38:31.090,3.411,3000
2020-09-02 09:38:31.150,3.41,149400
2020-09-02 09:38:31.150,3.41,150600
2020-09-02 09:38:31.340,3.411,16100
2020-09-02 09:38:31.340,3.411,3000
2020-09-02 09:38:31.340,3.411,21200
2020-09-02 09:38:31.450,3.41,149400
2020-09-02 09:38:31.450,3.41,50600
2020-09-02 09:38:31.690,3.41,6000
2020-09-02 09:38:34.470,3.41,40000
2020-09-02 09:38:34.470,3.41,260000
2020-09-02 09:38:34.570,3.41,5300
2020-09-02 09:38:35.780,3.411,28800
2020-09-02 09:38:35.780,3.411,141500
2020-09-02 09:38:35.780,3.411,300
2020-09-02 09:38:35.780,3.411,71000
2020-09-02 09:38:35.780,3.411,500
2020-09-02 09:38:35.780,3.411,5800
2020-09-02 09:38:35.780,3.411,52100
2020-09-02 09:38:35.940,3.411,50000
2020-09-02 09:38:36.750,3.41,200
2020-09-02 09:38:36.750,3.41,29800
2020-09-02 09:38:36.750,3.41,23400
2020-09-02 09:38:36.750,3.411,6600
2020-09-02 09:38:39.180,3.41,4500
2020-09-02 09:38:39.770,3.411,30000
2020-09-02 09:38:40.200,3.411,400
2020-09-02 09:38:41.100,3.41,100
2020-09-02 09:38:41.780,3.41,35400
2020-09-02 09:38:41.780,3.41,40000
2020-09-02 09:38:41.780,3.41,30000
2020-09-02 09:38:41.780,3.41,30000
2020-09-02 09:38:41.780,3.41,300000
2020-09-02 09:38:42.930,3.41,1000
2020-09-02 09:38:44.000,3.41,8900
2020-09-02 09:38:44.000,3.411,16100
2020-09-02 09:38:44.280,3.409,200
2020-09-02 09:38:45.880,3.411,100
2020-09-02 09:38:46.850,3.411,100000
2020-09-02 09:38:47.190,3.411,30000
2020-09-02 09:38:48.030,3.41,2000
2020-09-02 09:38:48.970,3.411,14700
2020-09-02 09:38:48.970,3.411,9700
2020-09-02 09:38:48.970,3.411,200
2020-09-02 09:38:48.970,3.411,5400
2020-09-02 09:38:49.330,3.411,24600
2020-09-02 09:38:49.330,3.411,200
2020-09-02 09:38:49.330,3.411,275200
2020-09-02 09:38:49.350,3.41,600
2020-09-02 09:38:49.940,3.41,20000
2020-09-02 09:38:51.550,3.41,500
2020-09-02 09:38:51.860,3.411,100
2020-09-02 09:38:52.420,3.411,3000
2020-09-02 09:38:55.100,3.411,2000
2020-09-02 09:38:55.420,3.41,6900
2020-09-02 09:38:55.420,3.41,5500
2020-09-02 09:38:55.600,3.41,34500
2020-09-02 09:38:55.600,3.41,40000
2020-09-02 09:38:55.600,3.41,300000
2020-09-02 09:38:55.600,3.41,625500
2020-09-02 09:38:56.470,3.411,10000
2020-09-02 09:38:56.710,3.41,6000
2020-09-02 09:38:57.170,3.411,209700
2020-09-02 09:38:57.170,3.411,1000
2020-09-02 09:38:57.170,3.411,10000
2020-09-02 09:38:57.170,3.411,2400
2020-09-02 09:38:57.170,3.412,10000
2020-09-02 09:38:57.170,3.412,4700
2020-09-02 09:38:57.170,3.412,500
2020-09-02 09:38:57.170,3.412,20000
2020-09-02 09:38:57.170,3.412,3800
2020-09-02 09:38:57.170,3.412,2600
2020-09-02 09:38:57.170,3.412,20200
2020-09-02 09:38:57.170,3.412,10000
2020-09-02 09:38:57.170,3.412,100
2020-09-02 09:38:57.170,3.412,205000
2020-09-02 09:38:57.720,3.41,6000
2020-09-02 09:38:59.140,3.41,900
2020-09-02 09:39:06.800,3.411,1000
2020-09-02 09:39:06.800,3.411,1300
2020-09-02 09:39:07.740,3.411,6000
2020-09-02 09:39:08.250,3.411,12100
2020-09-02 09:39:08.350,3.411,11600
2020-09-02 09:39:08.350,3.411,3000
2020-09-02 09:39:08.350,3.411,300
2020-09-02 09:39:11.390,3.41,600100
2020-09-02 09:39:11.390,3.41,300000
2020-09-02 09:39:11.390,3.41,1000
2020-09-02 09:39:11.390,3.41,30000
2020-09-02 09:39:11.390,3.41,1000
2020-09-02 09:39:11.390,3.41,4400
2020-09-02 09:39:12.710,3.41,30000
2020-09-02 09:39:13.220,3.41,33500
2020-09-02 09:39:15.600,3.411,1000
2020-09-02 09:39:19.980,3.41,10000
2020-09-02 09:39:23.120,3.41,100
2020-09-02 09:39:25.880,3.41,256400
2020-09-02 09:39:25.880,3.41,500000
2020-09-02 09:39:25.880,3.41,30000
2020-09-02 09:39:25.880,3.41,10000
2020-09-02 09:39:25.920,3.409,6800
2020-09-02 09:39:25.920,3.409,4400
2020-09-02 09:39:27.640,3.41,3000
2020-09-02 09:39:30.080,3.41,200600
2020-09-02 09:39:30.080,3.41,2000
2020-09-02 09:39:30.080,3.41,2000
2020-09-02 09:39:32.820,3.41,95400
2020-09-02 09:39:33.740,3.41,30000
2020-09-02 09:39:45.950,3.409,1700
2020-09-02 09:39:45.950,3.409,1600
2020-09-02 09:39:45.950,3.409,100
2020-09-02 09:39:45.950,3.409,2000
2020-09-02 09:39:45.950,3.409,4700
2020-09-02 09:39:45.950,3.409,4900
2020-09-02 09:39:50.620,3.409,600
2020-09-02 09:39:50.960,3.409,5000
2020-09-02 09:39:51.500,3.41,1500
2020-09-02 09:39:54.360,3.41,73100
2020-09-02 09:39:54.360,3.41,4000
2020-09-02 09:39:54.360,3.41,10000
2020-09-02 09:39:54.360,3.41,14500
2020-09-02 09:39:54.360,3.41,1000
2020-09-02 09:39:54.360,3.41,10000
2020-09-02 09:39:54.360,3.41,3000
2020-09-02 09:39:54.460,3.41,2100
2020-09-02 09:39:56.310,3.41,200
2020-09-02 09:39:58.370,3.41,1900
2020-09-02 09:39:58.590,3.41,3000
2020-09-02 09:39:59.350,3.41,2000
2020-09-02 09:39:59.350,3.41,2600
2020-09-02 09:39:59.770,3.41,300
2020-09-02 09:39:59.820,3.41,100
2020-09-02 09:40:00.420,3.41,200
2020-09-02 09:40:01.620,3.41,172000
2020-09-02 09:40:01.620,3.409,489500
2020-09-02 09:40:01.620,3.409,5000
2020-09-02 09:40:01.620,3.409,10000
2020-09-02 09:40:01.620,3.409,600
2020-09-02 09:40:01.620,3.409,30000
2020-09-02 09:40:01.620,3.409,292900
2020-09-02 09:40:02.560,3.409,1000
2020-09-02 09:40:03.790,3.41,500
2020-09-02 09:40:05.490,3.409,290000
2020-09-02 09:40:06.000,3.409,10000
2020-09-02 09:40:06.110,3.411,4000
2020-09-02 09:40:08.210,3.409,100
2020-09-02 09:40:10.220,3.409,200
2020-09-02 09:40:10.220,3.409,100
2020-09-02 09:40:18.550,3.409,200
2020-09-02 09:40:18.550,3.409,30500
2020-09-02 09:40:19.690,3.409,1100
2020-09-02 09:40:21.100,3.41,100
2020-09-02 09:40:21.100,3.41,2000
2020-09-02 09:40:23.920,3.409,300
2020-09-02 09:40:24.770,3.409,268100
2020-09-02 09:40:24.770,3.409,5000
2020-09-02 09:40:24.770,3.409,30000
2020-09-02 09:40:24.770,3.409,300000
2020-09-02 09:40:24.770,3.409,29100
2020-09-02 09:40:25.340,3.41,39100
2020-09-02 09:40:25.340,3.41,1000
2020-09-02 09:40:25.340,3.41,200
2020-09-02 09:40:25.340,3.41,2000
2020-09-02 09:40:31.840,3.41,10000
2020-09-02 09:40:33.710,3.41,12000
2020-09-02 09:40:34.490,3.411,1000
2020-09-02 09:40:35.320,3.41,5000
2020-09-02 09:40:35.840,3.411,145000
2020-09-02 09:40:36.500,3.41,30000
2020-09-02 09:40:37.020,3.411,50000
2020-09-02 09:40:38.150,3.411,80000
2020-09-02 09:40:38.200,3.41,100
2020-09-02 09:40:38.860,3.41,100
2020-09-02 09:40:40.770,3.41,30000
2020-09-02 09:40:41.160,3.41,5000
2020-09-02 09:40:42.470,3.411,100
2020-09-02 09:40:42.940,3.41,10000
2020-09-02 09:40:43.670,3.41,155500
2020-09-02 09:40:43.670,3.41,2000
2020-09-02 09:40:43.670,3.41,200
2020-09-02 09:40:48.470,3.41,1000
2020-09-02 09:40:50.940,3.409,300
2020-09-02 09:40:50.940,3.409,5000
2020-09-02 09:40:50.940,3.409,2000
2020-09-02 09:40:50.940,3.409,100
2020-09-02 09:40:52.810,3.408,92600
2020-09-02 09:40:54.030,3.409,300
2020-09-02 09:40:55.500,3.409,100
2020-09-02 09:40:57.970,3.408,19700
2020-09-02 09:40:58.320,3.408,83000
2020-09-02 09:40:58.320,3.408,500
2020-09-02 09:40:58.320,3.408,2900
2020-09-02 09:40:58.320,3.408,10000
2020-09-02 09:40:58.320,3.408,2000
2020-09-02 09:40:58.320,3.408,300
2020-09-02 09:40:58.320,3.408,1000
2020-09-02 09:40:58.320,3.408,1000
2020-09-02 09:40:58.320,3.408,195900
2020-09-02 09:40:58.460,3.408,104100
2020-09-02 09:40:58.460,3.408,4700
2020-09-02 09:40:58.460,3.408,50000
2020-09-02 09:40:58.460,3.408,1000
2020-09-02 09:40:58.460,3.408,57200
2020-09-02 09:40:58.460,3.408,2300
2020-09-02 09:40:58.460,3.408,3000
2020-09-02 09:40:58.460,3.408,20000
2020-09-02 09:40:58.460,3.408,100
2020-09-02 09:40:58.460,3.408,50000
2020-09-02 09:40:58.460,3.408,300
2020-09-02 09:40:58.460,3.408,7400
2020-09-02 09:40:58.460,3.408,7600
2020-09-02 09:40:58.460,3.408,500
2020-09-02 09:40:58.460,3.408,5000
2020-09-02 09:40:58.970,3.407,2400
2020-09-02 09:40:58.970,3.407,300
2020-09-02 09:40:58.970,3.407,1000
2020-09-02 09:40:58.970,3.407,100
2020-09-02 09:40:58.970,3.407,10000
2020-09-02 09:40:58.970,3.407,5000
2020-09-02 09:40:58.970,3.407,50000
2020-09-02 09:40:58.970,3.407,100
2020-09-02 09:40:58.970,3.407,31100
2020-09-02 09:41:00.640,3.407,268900
2020-09-02 09:41:00.640,3.407,500
2020-09-02 09:41:00.640,3.407,10000
2020-09-02 09:41:00.640,3.407,100
2020-09-02 09:41:00.640,3.407,500
2020-09-02 09:41:00.700,3.407,300
2020-09-02 09:41:01.010,3.407,14800
2020-09-02 09:41:04.660,3.407,200
2020-09-02 09:41:10.430,3.406,5000
2020-09-02 09:41:11.040,3.406,1000
2020-09-02 09:41:11.530,3.406,4000
2020-09-02 09:41:11.530,3.406,5100
2020-09-02 09:41:11.530,3.406,500
2020-09-02 09:41:11.530,3.406,7000
2020-09-02 09:41:11.530,3.406,25000
2020-09-02 09:41:11.530,3.406,100
2020-09-02 09:41:11.530,3.406,100
2020-09-02 09:41:11.530,3.406,8200
2020-09-02 09:41:12.140,3.406,600
2020-09-02 09:41:12.360,3.406,1200
2020-09-02 09:41:12.360,3.406,1000
2020-09-02 09:41:12.360,3.406,297800
2020-09-02 09:41:13.720,3.406,2200
2020-09-02 09:41:13.720,3.406,700
2020-09-02 09:41:15.270,3.406,100
2020-09-02 09:41:15.320,3.406,49200
2020-09-02 09:41:15.320,3.406,100
2020-09-02 09:41:15.320,3.406,2000
2020-09-02 09:41:15.320,3.406,600
2020-09-02 09:41:15.640,3.405,300
2020-09-02 09:41:15.640,3.405,100
2020-09-02 09:41:15.640,3.405,400
2020-09-02 09:41:15.640,3.405,3000
2020-09-02 09:41:15.640,3.405,100
2020-09-02 09:41:15.640,3.405,100
2020-09-02 09:41:15.640,3.405,100
2020-09-02 09:41:15.640,3.405,500
2020-09-02 09:41:15.640,3.405,1000
2020-09-02 09:41:15.640,3.405,100
2020-09-02 09:41:15.640,3.405,100
2020-09-02 09:41:15.640,3.405,700
2020-09-02 09:41:15.640,3.405,500
2020-09-02 09:41:15.690,3.406,3000
2020-09-02 09:41:16.540,3.406,1000
2020-09-02 09:41:17.240,3.405,500
2020-09-02 09:41:17.240,3.405,5000
2020-09-02 09:41:17.240,3.405,500
2020-09-02 09:41:17.240,3.405,700
2020-09-02 09:41:17.240,3.405,10000
2020-09-02 09:41:17.240,3.405,1000
2020-09-02 09:41:17.240,3.405,30000
2020-09-02 09:41:17.240,3.405,6100
2020-09-02 09:41:17.240,3.405,300
2020-09-02 09:41:17.240,3.405,200
2020-09-02 09:41:17.240,3.405,7000
2020-09-02 09:41:17.240,3.405,100
2020-09-02 09:41:17.240,3.405,5000
2020-09-02 09:41:17.240,3.405,500
2020-09-02 09:41:17.240,3.405,2900
2020-09-02 09:41:17.240,3.405,500
2020-09-02 09:41:17.240,3.405,3000
2020-09-02 09:41:17.240,3.405,100
2020-09-02 09:41:17.240,3.405,5000
2020-09-02 09:41:17.240,3.405,91100
2020-09-02 09:41:17.740,3.406,100
2020-09-02 09:41:17.880,3.406,6200
2020-09-02 09:41:18.020,3.406,5000
2020-09-02 09:41:19.540,3.405,49100
2020-09-02 09:41:24.760,3.405,159800
2020-09-02 09:41:24.760,3.405,200
2020-09-02 09:41:24.760,3.405,3000
2020-09-02 09:41:24.760,3.405,5000
2020-09-02 09:41:25.860,3.405,100
2020-09-02 09:41:26.460,3.405,100
2020-09-02 09:41:28.170,3.405,300
2020-09-02 09:41:29.260,3.405,10000
2020-09-02 09:41:34.030,3.405,1500
2020-09-02 09:41:37.030,3.405,500
2020-09-02 09:41:39.220,3.404,300
2020-09-02 09:41:39.220,3.404,200
2020-09-02 09:41:39.220,3.404,700
2020-09-02 09:41:39.220,3.404,500
2020-09-02 09:41:39.220,3.404,300
2020-09-02 09:41:39.220,3.404,600
2020-09-02 09:41:40.450,3.404,1000
2020-09-02 09:41:42.230,3.404,4400
2020-09-02 09:41:42.230,3.404,100
2020-09-02 09:41:42.230,3.404,100
2020-09-02 09:41:42.230,3.404,1000
2020-09-02 09:41:42.230,3.404,15000
2020-09-02 09:41:42.230,3.404,500
2020-09-02 09:41:42.230,3.404,800
2020-09-02 09:41:42.230,3.404,500
2020-09-02 09:41:42.230,3.404,7000
2020-09-02 09:41:42.230,3.404,1000
2020-09-02 09:41:42.230,3.404,2000
2020-09-02 09:41:42.230,3.404,5000
2020-09-02 09:41:42.230,3.404,5000
2020-09-02 09:41:42.230,3.404,5000
2020-09-02 09:41:42.230,3.404,5000
2020-09-02 09:41:42.230,3.404,4000
2020-09-02 09:41:42.230,3.404,5000
2020-09-02 09:41:42.230,3.404,50000
2020-09-02 09:41:42.230,3.404,300
2020-09-02 09:41:42.230,3.404,4600
2020-09-02 09:41:42.230,3.404,100
2020-09-02 09:41:42.230,3.404,800
2020-09-02 09:41:44.640,3.404,100
2020-09-02 09:41:45.460,3.404,900
2020-09-02 09:41:47.270,3.404,300
2020-09-02 09:41:47.270,3.403,100
2020-09-02 09:41:50.180,3.403,900
2020-09-02 09:41:50.180,3.403,200
2020-09-02 09:41:50.180,3.403,6100
2020-09-02 09:41:50.180,3.403,7000
2020-09-02 09:41:50.180,3.403,1000
2020-09-02 09:41:50.180,3.403,10000
2020-09-02 09:41:50.180,3.403,1000
2020-09-02 09:41:50.180,3.403,100
2020-09-02 09:41:50.180,3.403,17300
2020-09-02 09:41:52.730,3.403,100
2020-09-02 09:41:53.630,3.403,10000
2020-09-02 09:41:53.750,3.404,100
2020-09-02 09:41:56.550,3.403,100
2020-09-02 09:41:58.150,3.404,500
2020-09-02 09:41:58.150,3.404,1100
2020-09-02 09:41:58.150,3.404,500
2020-09-02 09:41:58.150,3.404,7900
2020-09-02 09:41:59.260,3.404,2900
2020-09-02 09:41:59.390,3.404,2200
2020-09-02 09:41:59.390,3.404,200
2020-09-02 09:41:59.390,3.404,100
2020-09-02 09:41:59.620,3.403,500
2020-09-02 09:41:59.620,3.403,1300
2020-09-02 09:42:00.080,3.403,500
2020-09-02 09:42:00.190,3.404,2900
2020-09-02 09:42:00.190,3.404,3100
2020-09-02 09:42:00.330,3.403,4200
2020-09-02 09:42:00.330,3.403,10000
2020-09-02 09:42:00.330,3.403,2000
2020-09-02 09:42:00.330,3.403,120700
2020-09-02 09:42:02.820,3.404,1900
2020-09-02 09:42:03.400,3.405,124200
2020-09-02 09:42:03.400,3.405,145000
2020-09-02 09:42:03.400,3.405,300
2020-09-02 09:42:03.400,3.405,6800
2020-09-02 09:42:03.400,3.405,2000
2020-09-02 09:42:03.400,3.405,20000
2020-09-02 09:42:03.400,3.405,1700
2020-09-02 09:42:03.540,3.404,1000
2020-09-02 09:42:03.830,3.404,500
2020-09-02 09:42:03.830,3.404,4500
2020-09-02 09:42:04.350,3.405,40000
2020-09-02 09:42:04.530,3.405,258300
2020-09-02 09:42:04.530,3.405,10000
2020-09-02 09:42:04.530,3.405,1500
2020-09-02 09:42:05.130,3.405,30200
2020-09-02 09:42:05.130,3.405,30000
2020-09-02 09:42:10.940,3.405,30000
2020-09-02 09:42:11.480,3.405,5000
2020-09-02 09:42:11.700,3.405,23000
2020-09-02 09:42:11.700,3.405,200
2020-09-02 09:42:11.700,3.406,200
2020-09-02 09:42:11.700,3.406,100
2020-09-02 09:42:11.700,3.406,1000
2020-09-02 09:42:11.700,3.406,65200
2020-09-02 09:42:13.410,3.404,1900
2020-09-02 09:42:15.510,3.404,5000
2020-09-02 09:42:15.700,3.405,300
2020-09-02 09:42:16.740,3.404,2900
2020-09-02 09:42:17.100,3.405,2000
2020-09-02 09:42:17.130,3.404,20000
2020-09-02 09:42:18.450,3.405,1500
2020-09-02 09:42:19.540,3.404,1000
2020-09-02 09:42:22.360,3.405,100
2020-09-02 09:42:23.280,3.405,2000
2020-09-02 09:42:23.280,3.405,200
2020-09-02 09:42:24.260,3.406,30000
2020-09-02 09:42:25.190,3.406,300
2020-09-02 09:42:25.990,3.405,5000
2020-09-02 09:42:28.640,3.405,300
2020-09-02 09:42:29.250,3.406,3000
2020-09-02 09:42:29.410,3.405,20000
2020-09-02 09:42:30.180,3.405,2000
2020-09-02 09:42:30.780,3.405,30000
2020-09-02 09:42:32.690,3.405,500
2020-09-02 09:42:33.770,3.405,1100
2020-09-02 09:42:35.070,3.406,300
2020-09-02 09:42:37.060,3.405,300
2020-09-02 09:42:37.300,3.405,238600
2020-09-02 09:42:37.300,3.405,24200
2020-09-02 09:42:37.300,3.405,3000
2020-09-02 09:42:37.580,3.405,200
2020-09-02 09:42:38.960,3.405,3000
2020-09-02 09:42:41.900,3.405,3000
2020-09-02 09:42:44.690,3.405,17900
2020-09-02 09:42:44.690,3.405,17000
2020-09-02 09:42:44.690,3.405,300000
2020-09-02 09:42:44.690,3.405,1600
2020-09-02 09:42:44.690,3.405,1400
2020-09-02 09:42:44.690,3.406,91100
2020-09-02 09:42:45.850,3.405,1000
2020-09-02 09:42:45.930,3.405,9000
2020-09-02 09:42:45.930,3.405,3500
2020-09-02 09:42:46.450,3.406,1500
2020-09-02 09:42:47.840,3.405,2000
2020-09-02 09:42:51.360,3.405,4500
2020-09-02 09:42:51.360,3.405,10000
2020-09-02 09:42:51.360,3.405,1000
2020-09-02 09:42:51.360,3.405,1300
2020-09-02 09:42:53.280,3.405,1000
2020-09-02 09:42:53.910,3.404,264700
2020-09-02 09:42:53.910,3.404,35300
2020-09-02 09:42:55.380,3.405,2500
2020-09-02 09:42:56.220,3.404,40000
2020-09-02 09:42:56.630,3.404,224700
2020-09-02 09:42:56.630,3.404,2000
2020-09-02 09:42:56.630,3.404,5000
2020-09-02 09:42:56.630,3.404,100
2020-09-02 09:42:56.630,3.404,500
2020-09-02 09:42:56.630,3.404,5000
2020-09-02 09:42:56.630,3.404,300
2020-09-02 09:42:56.630,3.404,1000
2020-09-02 09:42:56.630,3.404,30000
2020-09-02 09:42:56.630,3.404,20000
2020-09-02 09:42:56.630,3.404,7000
2020-09-02 09:42:56.630,3.404,4400
2020-09-02 09:42:56.680,3.404,5600
2020-09-02 09:42:56.680,3.404,4000
2020-09-02 09:42:56.680,3.404,6300
2020-09-02 09:42:56.680,3.404,500
2020-09-02 09:42:57.620,3.404,3600
2020-09-02 09:42:57.620,3.404,46400
2020-09-02 09:42:59.210,3.404,1000
2020-09-02 09:43:00.780,3.403,300000
2020-09-02 09:43:01.020,3.404,1000
2020-09-02 09:43:01.170,3.404,5000
2020-09-02 09:43:02.500,3.403,29300
2020-09-02 09:43:02.500,3.403,100
2020-09-02 09:43:02.500,3.403,100
2020-09-02 09:43:02.500,3.403,15000
2020-09-02 09:43:02.500,3.403,100
2020-09-02 09:43:02.500,3.403,5000
2020-09-02 09:43:02.500,3.403,50000
2020-09-02 09:43:02.500,3.403,200
2020-09-02 09:43:02.500,3.403,20000
2020-09-02 09:43:02.500,3.403,700
2020-09-02 09:43:02.500,3.403,100
2020-09-02 09:43:03.350,3.403,100
2020-09-02 09:43:05.630,3.403,800
2020-09-02 09:43:06.380,3.403,5200
2020-09-02 09:43:06.820,3.402,6000
2020-09-02 09:43:07.360,3.403,200
2020-09-02 09:43:10.030,3.404,300
2020-09-02 09:43:11.070,3.404,800
2020-09-02 09:43:12.420,3.404,1900
2020-09-02 09:43:13.150,3.403,1300
2020-09-02 09:43:14.130,3.403,2000
2020-09-02 09:43:14.760,3.403,8700
2020-09-02 09:43:16.480,3.402,3200
2020-09-02 09:43:16.590,3.402,90800
2020-09-02 09:43:16.590,3.402,200
2020-09-02 09:43:16.590,3.402,1000
2020-09-02 09:43:16.590,3.402,7000
2020-09-02 09:43:16.590,3.402,1000
2020-09-02 09:43:16.590,3.402,500
2020-09-02 09:43:16.590,3.402,10000
2020-09-02 09:43:16.590,3.402,100
2020-09-02 09:43:16.590,3.402,200
2020-09-02 09:43:16.590,3.402,100
2020-09-02 09:43:16.590,3.402,1600
2020-09-02 09:43:17.670,3.402,91500
2020-09-02 09:43:17.670,3.403,1300
2020-09-02 09:43:17.670,3.404,165000
2020-09-02 09:43:18.400,3.403,500
2020-09-02 09:43:18.400,3.402,2000
2020-09-02 09:43:18.860,3.403,3000
2020-09-02 09:43:24.290,3.403,100
2020-09-02 09:43:27.640,3.402,1500
2020-09-02 09:43:29.900,3.403,200
2020-09-02 09:43:29.900,3.403,200
2020-09-02 09:43:29.900,3.403,600
2020-09-02 09:43:30.120,3.403,2800
2020-09-02 09:43:30.170,3.402,5000
2020-09-02 09:43:32.220,3.402,200
2020-09-02 09:43:32.300,3.402,300
2020-09-02 09:43:32.900,3.403,5000
2020-09-02 09:43:34.720,3.403,1600
2020-09-02 09:43:34.720,3.403,5700
2020-09-02 09:43:35.280,3.403,200
2020-09-02 09:43:35.810,3.403,200
2020-09-02 09:43:36.230,3.403,2300
2020-09-02 09:43:36.230,3.403,2000
2020-09-02 09:43:37.340,3.403,35700
2020-09-02 09:43:37.930,3.403,5500
2020-09-02 09:43:40.160,3.403,7100
2020-09-02 09:43:41.650,3.403,4000
2020-09-02 09:43:42.550,3.404,200
2020-09-02 09:43:45.570,3.403,2400
2020-09-02 09:43:45.690,3.403,5000
2020-09-02 09:43:45.850,3.403,22000
2020-09-02 09:43:47.040,3.403,400
2020-09-02 09:43:50.680,3.404,75800
2020-09-02 09:43:52.480,3.404,1000
2020-09-02 09:43:53.430,3.404,8300
2020-09-02 09:43:56.400,3.404,6000
2020-09-02 09:43:58.050,3.403,3600
2020-09-02 09:43:58.410,3.404,6200
2020-09-02 09:43:59.920,3.403,35000
2020-09-02 09:44:04.150,3.403,700
2020-09-02 09:44:06.540,3.403,1600
2020-09-02 09:44:11.820,3.403,1000
2020-09-02 09:44:15.060,3.404,400
2020-09-02 09:44:15.470,3.403,2000
2020-09-02 09:44:17.600,3.404,30000
2020-09-02 09:44:18.680,3.404,200
2020-09-02 09:44:21.790,3.404,200
2020-09-02 09:44:22.140,3.403,3000
2020-09-02 09:44:23.820,3.404,3700
2020-09-02 09:44:23.820,3.404,58600
2020-09-02 09:44:23.820,3.404,100
2020-09-02 09:44:23.820,3.404,10000
2020-09-02 09:44:23.820,3.404,20000
2020-09-02 09:44:23.820,3.404,68200
2020-09-02 09:44:24.070,3.403,400
2020-09-02 09:44:24.670,3.403,270600
2020-09-02 09:44:24.670,3.403,7000
2020-09-02 09:44:24.670,3.403,300
2020-09-02 09:44:24.670,3.403,300
2020-09-02 09:44:24.670,3.403,200
2020-09-02 09:44:24.670,3.403,3200
2020-09-02 09:44:24.670,3.403,1000
2020-09-02 09:44:24.670,3.403,15000
2020-09-02 09:44:24.670,3.403,2400
2020-09-02 09:44:24.740,3.403,600
2020-09-02 09:44:24.740,3.403,1800
2020-09-02 09:44:24.740,3.403,10000
2020-09-02 09:44:24.740,3.403,100
2020-09-02 09:44:24.740,3.403,5900
2020-09-02 09:44:24.740,3.403,3800
2020-09-02 09:44:24.740,3.403,60000
2020-09-02 09:44:24.740,3.403,5000
2020-09-02 09:44:25.140,3.403,74000
2020-09-02 09:44:25.340,3.403,100
2020-09-02 09:44:25.400,3.403,2000
2020-09-02 09:44:26.120,3.403,6200
2020-09-02 09:44:26.740,3.403,50000
2020-09-02 09:44:27.900,3.403,100
2020-09-02 09:44:30.540,3.403,100
2020-09-02 09:44:32.250,3.403,1700
2020-09-02 09:44:32.540,3.403,500
2020-09-02 09:44:36.910,3.402,10000
2020-09-02 09:44:37.580,3.403,10000
2020-09-02 09:44:38.080,3.402,1100
2020-09-02 09:44:38.080,3.402,56300
2020-09-02 09:44:38.630,3.403,600
2020-09-02 09:44:38.970,3.402,10000
2020-09-02 09:44:40.000,3.402,200
2020-09-02 09:44:40.220,3.403,10000
2020-09-02 09:44:40.380,3.403,7900
2020-09-02 09:44:43.790,3.402,40000
2020-09-02 09:44:43.790,3.402,20000
2020-09-02 09:44:44.120,3.402,273500
2020-09-02 09:44:44.120,3.402,5000
2020-09-02 09:44:44.120,3.402,500
2020-09-02 09:44:44.120,3.402,300
2020-09-02 09:44:44.120,3.402,500
2020-09-02 09:44:44.120,3.402,10000
2020-09-02 09:44:44.120,3.402,5000
2020-09-02 09:44:44.120,3.402,6800
2020-09-02 09:44:44.330,3.402,2200
2020-09-02 09:44:44.330,3.402,5000
2020-09-02 09:44:44.330,3.402,292800
2020-09-02 09:44:44.480,3.402,299900
2020-09-02 09:44:44.580,3.402,299800
2020-09-02 09:44:44.770,3.402,7500
2020-09-02 09:44:44.770,3.402,100
2020-09-02 09:44:44.770,3.402,22400
2020-09-02 09:44:47.570,3.402,400
2020-09-02 09:44:49.650,3.401,200
2020-09-02 09:44:49.650,3.401,10000
2020-09-02 09:44:49.650,3.401,57000
2020-09-02 09:44:49.650,3.401,6100
2020-09-02 09:44:49.650,3.401,7000
2020-09-02 09:44:49.650,3.401,900
2020-09-02 09:44:49.650,3.401,10000
2020-09-02 09:44:49.650,3.401,1000
2020-09-02 09:44:49.650,3.401,500
2020-09-02 09:44:49.650,3.401,10000
2020-09-02 09:44:49.650,3.401,3000
2020-09-02 09:44:49.650,3.401,100
2020-09-02 09:44:49.650,3.401,4800
2020-09-02 09:44:49.650,3.401,3000
2020-09-02 09:44:49.650,3.401,50000
2020-09-02 09:44:49.650,3.401,300
2020-09-02 09:44:49.650,3.401,3100
2020-09-02 09:44:49.650,3.401,2000
2020-09-02 09:44:49.650,3.401,131000
2020-09-02 09:44:50.090,3.402,12000
2020-09-02 09:44:50.170,3.402,3000
2020-09-02 09:44:50.290,3.402,11700
2020-09-02 09:44:53.120,3.401,4500
2020-09-02 09:44:53.330,3.401,1000
2020-09-02 09:44:56.750,3.402,200100
2020-09-02 09:44:57.280,3.401,43000
2020-09-02 09:44:59.230,3.402,100
2020-09-02 09:44:59.860,3.401,300
2020-09-02 09:45:00.290,3.402,21000
2020-09-02 09:45:00.760,3.401,4400
2020-09-02 09:45:04.310,3.401,80000
2020-09-02 09:45:05.030,3.402,21700
2020-09-02 09:45:05.030,3.402,300
2020-09-02 09:45:05.030,3.402,2500
2020-09-02 09:45:05.030,3.402,40000
2020-09-02 09:45:05.030,3.402,20000
2020-09-02 09:45:05.290,3.402,5500
2020-09-02 09:45:05.290,3.402,50000
2020-09-02 09:45:05.350,3.401,40000
2020-09-02 09:45:05.670,3.402,200
2020-09-02 09:45:06.450,3.402,2500
2020-09-02 09:45:06.500,3.401,195800
2020-09-02 09:45:06.500,3.401,2000
2020-09-02 09:45:06.500,3.401,300
2020-09-02 09:45:06.500,3.401,3000
2020-09-02 09:45:06.500,3.401,100
2020-09-02 09:45:06.500,3.401,1000
2020-09-02 09:45:06.500,3.401,97600
2020-09-02 09:45:06.890,3.401,100
2020-09-02 09:45:10.540,3.402,21000
2020-09-02 09:45:10.940,3.402,3000
2020-09-02 09:45:11.470,3.401,100
2020-09-02 09:45:11.470,3.401,300
2020-09-02 09:45:11.470,3.401,10500
2020-09-02 09:45:16.800,3.401,4000
2020-09-02 09:45:18.500,3.402,3000
2020-09-02 09:45:20.040,3.401,1200
2020-09-02 09:45:22.820,3.401,300200
2020-09-02 09:45:23.090,3.401,297700
2020-09-02 09:45:23.800,3.401,20000
2020-09-02 09:45:23.880,3.401,266400
2020-09-02 09:45:23.880,3.401,20000
2020-09-02 09:45:23.880,3.401,7300
2020-09-02 09:45:23.880,3.401,5000
2020-09-02 09:45:23.880,3.401,200
2020-09-02 09:45:25.060,3.401,1000
2020-09-02 09:45:25.170,3.401,100
2020-09-02 09:45:25.170,3.401,4900
2020-09-02 09:45:25.590,3.401,1100
2020-09-02 09:45:26.240,3.4,1000
2020-09-02 09:45:26.240,3.4,200
2020-09-02 09:45:26.240,3.4,100
2020-09-02 09:45:26.240,3.4,7600
2020-09-02 09:45:26.240,3.4,500
2020-09-02 09:45:26.240,3.4,50000
2020-09-02 09:45:26.240,3.4,2000
2020-09-02 09:45:26.240,3.4,100
2020-09-02 09:45:26.240,3.4,7000
2020-09-02 09:45:26.240,3.4,20000
2020-09-02 09:45:26.240,3.4,30000
2020-09-02 09:45:26.240,3.4,5000
2020-09-02 09:45:26.240,3.4,1000
2020-09-02 09:45:26.240,3.4,20000
2020-09-02 09:45:26.240,3.4,10000
2020-09-02 09:45:26.240,3.4,5000
2020-09-02 09:45:26.240,3.4,500
2020-09-02 09:45:26.240,3.4,2000
2020-09-02 09:45:26.240,3.4,15000
2020-09-02 09:45:26.240,3.4,2000
2020-09-02 09:45:26.240,3.4,10000
2020-09-02 09:45:26.240,3.4,400
2020-09-02 09:45:26.240,3.4,3000
2020-09-02 09:45:26.240,3.4,14700
2020-09-02 09:45:26.240,3.4,3000
2020-09-02 09:45:26.240,3.4,300
2020-09-02 09:45:26.240,3.4,7200
2020-09-02 09:45:26.240,3.4,200
2020-09-02 09:45:26.240,3.4,500
2020-09-02 09:45:26.240,3.4,5000
2020-09-02 09:45:26.240,3.4,1000
2020-09-02 09:45:26.240,3.4,10000
2020-09-02 09:45:26.240,3.4,2000
2020-09-02 09:45:26.240,3.4,400
2020-09-02 09:45:26.240,3.4,9800
2020-09-02 09:45:26.240,3.4,31800
2020-09-02 09:45:26.240,3.4,100
2020-09-02 09:45:26.240,3.4,10000
2020-09-02 09:45:26.240,3.4,5500
2020-09-02 09:45:26.240,3.4,6100
2020-09-02 09:45:26.880,3.4,3900
2020-09-02 09:45:26.880,3.4,40000
2020-09-02 09:45:26.880,3.4,1000
2020-09-02 09:45:26.880,3.4,10000
2020-09-02 09:45:26.880,3.4,6100
2020-09-02 09:45:26.880,3.4,1400
2020-09-02 09:45:26.880,3.4,20000
2020-09-02 09:45:26.880,3.4,1000
2020-09-02 09:45:26.880,3.4,500
2020-09-02 09:45:26.880,3.4,500
2020-09-02 09:45:26.880,3.4,3000
2020-09-02 09:45:26.880,3.4,3000
2020-09-02 09:45:26.880,3.4,300
2020-09-02 09:45:26.880,3.4,1000
2020-09-02 09:45:26.880,3.4,3000
2020-09-02 09:45:26.880,3.4,200
2020-09-02 09:45:26.880,3.4,2000
2020-09-02 09:45:26.880,3.4,2300
2020-09-02 09:45:26.880,3.4,2000
2020-09-02 09:45:26.880,3.4,1000
2020-09-02 09:45:26.880,3.4,5000
2020-09-02 09:45:26.880,3.4,2000
2020-09-02 09:45:26.880,3.4,30000
2020-09-02 09:45:26.880,3.4,160800
2020-09-02 09:45:26.880,3.4,300000
2020-09-02 09:45:26.880,3.4,300000
2020-09-02 09:45:27.160,3.4,139200
2020-09-02 09:45:27.160,3.4,1400
2020-09-02 09:45:27.160,3.4,8100
2020-09-02 09:45:27.160,3.4,29700
2020-09-02 09:45:27.290,3.4,20000
2020-09-02 09:45:27.290,3.4,40000
2020-09-02 09:45:27.350,3.4,99400
2020-09-02 09:45:27.650,3.4,68400
2020-09-02 09:45:27.650,3.4,15900
2020-09-02 09:45:27.650,3.4,30800
2020-09-02 09:45:27.850,3.4,162000
2020-09-02 09:45:27.930,3.4,55800
2020-09-02 09:45:28.350,3.4,298500
2020-09-02 09:45:28.400,3.4,71400
2020-09-02 09:45:28.400,3.4,5000
2020-09-02 09:45:28.400,3.4,2000
2020-09-02 09:45:29.750,3.399,200
2020-09-02 09:45:29.750,3.399,200
2020-09-02 09:45:29.750,3.399,19600
2020-09-02 09:45:29.840,3.4,221600
2020-09-02 09:45:29.840,3.4,75200
2020-09-02 09:45:29.890,3.399,131900
2020-09-02 09:45:29.890,3.399,6100
2020-09-02 09:45:29.890,3.399,7000
2020-09-02 09:45:29.890,3.399,1000
2020-09-02 09:45:29.890,3.399,800
2020-09-02 09:45:29.890,3.399,100
2020-09-02 09:45:29.890,3.399,5000
2020-09-02 09:45:29.890,3.399,1000
2020-09-02 09:45:29.890,3.399,50000
2020-09-02 09:45:29.890,3.399,2000
2020-09-02 09:45:29.890,3.399,93000
2020-09-02 09:45:33.550,3.399,2000
2020-09-02 09:45:34.190,3.399,100
2020-09-02 09:45:34.530,3.399,6000
2020-09-02 09:45:35.680,3.399,5000
2020-09-02 09:45:37.200,3.399,8900
2020-09-02 09:45:39.130,3.398,200
2020-09-02 09:45:39.130,3.398,1800
2020-09-02 09:45:39.430,3.399,75200
2020-09-02 09:45:39.510,3.399,200
2020-09-02 09:45:40.040,3.398,5200
2020-09-02 09:45:40.040,3.398,1000
2020-09-02 09:45:40.040,3.398,500
2020-09-02 09:45:40.040,3.398,1300
2020-09-02 09:45:41.230,3.398,500
2020-09-02 09:45:41.230,3.398,100
2020-09-02 09:45:41.230,3.398,500
2020-09-02 09:45:41.230,3.398,600
2020-09-02 09:45:41.230,3.398,200
2020-09-02 09:45:41.230,3.398,15000
2020-09-02 09:45:44.600,3.398,10000
2020-09-02 09:45:44.600,3.398,300
2020-09-02 09:45:44.600,3.398,200
2020-09-02 09:45:44.600,3.398,500
2020-09-02 09:45:44.600,3.398,39000
2020-09-02 09:45:45.050,3.398,500
2020-09-02 09:45:45.200,3.398,300000
2020-09-02 09:45:45.260,3.398,5000
2020-09-02 09:45:45.600,3.398,5000
2020-09-02 09:45:46.380,3.398,62500
2020-09-02 09:45:47.920,3.398,80000
2020-09-02 09:45:48.990,3.398,3300
2020-09-02 09:45:49.550,3.399,20000
2020-09-02 09:45:49.840,3.398,800
2020-09-02 09:45:50.070,3.398,100
2020-09-02 09:45:50.160,3.399,500
2020-09-02 09:45:50.940,3.399,8000
2020-09-02 09:45:52.260,3.398,100
2020-09-02 09:45:52.930,3.398,3000
2020-09-02 09:45:54.830,3.399,176200
2020-09-02 09:45:54.830,3.399,200
2020-09-02 09:45:54.830,3.399,500
2020-09-02 09:45:54.830,3.399,2000
2020-09-02 09:45:54.830,3.399,121200
2020-09-02 09:45:56.950,3.398,6000
2020-09-02 09:45:56.950,3.398,214000
2020-09-02 09:45:59.970,3.397,600
2020-09-02 09:46:01.070,3.398,400
2020-09-02 09:46:01.120,3.398,100
2020-09-02 09:46:01.120,3.398,900
2020-09-02 09:46:01.900,3.398,5100
2020-09-02 09:46:01.900,3.398,155700
2020-09-02 09:46:01.900,3.398,10000
2020-09-02 09:46:02.820,3.399,28800
2020-09-02 09:46:02.820,3.4,100
2020-09-02 09:46:02.820,3.4,58600
2020-09-02 09:46:02.820,3.4,5900
2020-09-02 09:46:02.820,3.4,40000
2020-09-02 09:46:02.820,3.4,100
2020-09-02 09:46:02.820,3.4,500
2020-09-02 09:46:02.820,3.4,56200
2020-09-02 09:46:03.250,3.398,200
2020-09-02 09:46:03.720,3.398,5000
2020-09-02 09:46:03.920,3.398,5400
2020-09-02 09:46:04.350,3.399,2500
2020-09-02 09:46:04.580,3.398,100
2020-09-02 09:46:06.670,3.398,5000
2020-09-02 09:46:07.200,3.398,1500
2020-09-02 09:46:08.520,3.399,2000
2020-09-02 09:46:09.700,3.398,10000
2020-09-02 09:46:09.980,3.398,600
2020-09-02 09:46:10.120,3.399,100
2020-09-02 09:46:10.150,3.399,1000
2020-09-02 09:46:10.530,3.398,4000
2020-09-02 09:46:12.530,3.399,300
2020-09-02 09:46:13.180,3.398,60000
2020-09-02 09:46:13.360,3.399,200
2020-09-02 09:46:14.000,3.399,1000
2020-09-02 09:46:14.490,3.399,3000
2020-09-02 09:46:17.220,3.399,19900
2020-09-02 09:46:17.220,3.399,60000
2020-09-02 09:46:17.220,3.399,200
2020-09-02 09:46:17.220,3.399,15000
2020-09-02 09:46:20.250,3.399,14900
2020-09-02 09:46:20.250,3.399,15800
2020-09-02 09:46:21.060,3.399,2500
2020-09-02 09:46:21.870,3.399,10800
2020-09-02 09:46:27.040,3.399,900
2020-09-02 09:46:27.040,3.399,4200
2020-09-02 09:46:27.740,3.399,10000
2020-09-02 09:46:32.530,3.399,1500
2020-09-02 09:46:35.000,3.399,2000
2020-09-02 09:46:38.590,3.399,30000
2020-09-02 09:46:41.140,3.4,8000
2020-09-02 09:46:41.140,3.4,2000
2020-09-02 09:46:42.010,3.399,9300
2020-09-02 09:46:42.010,3.399,59900
2020-09-02 09:46:42.900,3.4,10000
2020-09-02 09:46:42.900,3.4,800
2020-09-02 09:46:42.900,3.4,100
2020-09-02 09:46:42.900,3.4,100
2020-09-02 09:46:43.140,3.4,200
2020-09-02 09:46:48.030,3.399,3500
2020-09-02 09:46:51.440,3.4,4100
2020-09-02 09:46:51.440,3.4,800
2020-09-02 09:46:51.440,3.4,8500
2020-09-02 09:46:56.850,3.4,3100
2020-09-02 09:46:58.970,3.4,26900
2020-09-02 09:46:58.970,3.4,10000
2020-09-02 09:46:58.970,3.4,100
2020-09-02 09:46:58.970,3.4,200
2020-09-02 09:46:58.970,3.4,3000
2020-09-02 09:46:59.610,3.4,200
2020-09-02 09:47:00.620,3.4,300
2020-09-02 09:47:00.840,3.399,5800
2020-09-02 09:47:02.210,3.4,37100
2020-09-02 09:47:04.180,3.4,1000
2020-09-02 09:47:05.390,3.4,500
2020-09-02 09:47:10.460,3.4,30000
2020-09-02 09:47:10.460,3.4,10000
2020-09-02 09:47:11.040,3.4,40000
2020-09-02 09:47:11.370,3.4,10000
2020-09-02 09:47:11.420,3.4,130900
2020-09-02 09:47:11.420,3.4,3800
2020-09-02 09:47:11.420,3.4,100
2020-09-02 09:47:11.420,3.4,200
2020-09-02 09:47:11.420,3.4,16600
2020-09-02 09:47:11.420,3.4,60000
2020-09-02 09:47:11.860,3.4,5900
2020-09-02 09:47:24.210,3.4,50000
2020-09-02 09:47:25.010,3.4,100
2020-09-02 09:47:25.450,3.401,400
2020-09-02 09:47:28.740,3.401,10000
2020-09-02 09:47:30.240,3.4,12100
2020-09-02 09:47:33.510,3.401,6300
2020-09-02 09:47:34.530,3.401,300
2020-09-02 09:47:34.690,3.401,1000
2020-09-02 09:47:35.420,3.4,6000
2020-09-02 09:47:36.130,3.4,5000
2020-09-02 09:47:41.210,3.401,100
2020-09-02 09:47:42.500,3.4,2400
2020-09-02 09:47:42.530,3.401,10000
2020-09-02 09:47:47.380,3.401,100
2020-09-02 09:47:50.060,3.401,10000
2020-09-02 09:47:51.480,3.4,100
2020-09-02 09:47:52.330,3.4,3000
2020-09-02 09:47:54.740,3.401,5000
2020-09-02 09:47:55.280,3.401,2000
2020-09-02 09:47:56.170,3.401,100
2020-09-02 09:47:57.160,3.401,2000
2020-09-02 09:47:58.480,3.401,200
2020-09-02 09:47:58.970,3.4,1100
2020-09-02 09:48:06.550,3.4,2700
2020-09-02 09:48:06.550,3.4,24400
2020-09-02 09:48:09.590,3.4,100
2020-09-02 09:48:11.140,3.401,500
2020-09-02 09:48:13.520,3.4,15000
2020-09-02 09:48:13.700,3.4,4300
2020-09-02 09:48:14.600,3.4,1000
2020-09-02 09:48:17.320,3.4,500
2020-09-02 09:48:18.050,3.4,100
2020-09-02 09:48:19.720,3.401,10000
2020-09-02 09:48:21.590,3.401,5000
2020-09-02 09:48:22.300,3.401,5000
2020-09-02 09:48:24.500,3.4,1300
2020-09-02 09:48:25.990,3.4,25000
2020-09-02 09:48:25.990,3.4,10000
2020-09-02 09:48:25.990,3.4,300
2020-09-02 09:48:25.990,3.4,10000
2020-09-02 09:48:25.990,3.4,100
2020-09-02 09:48:25.990,3.4,100
2020-09-02 09:48:25.990,3.4,4000
2020-09-02 09:48:25.990,3.4,100
2020-09-02 09:48:25.990,3.4,2000
2020-09-02 09:48:25.990,3.4,300
2020-09-02 09:48:25.990,3.4,2000
2020-09-02 09:48:25.990,3.4,1000
2020-09-02 09:48:25.990,3.4,5000
2020-09-02 09:48:25.990,3.4,700
2020-09-02 09:48:25.990,3.4,3000
2020-09-02 09:48:25.990,3.4,1000
2020-09-02 09:48:25.990,3.4,1000
2020-09-02 09:48:25.990,3.4,5000
2020-09-02 09:48:25.990,3.4,7800
2020-09-02 09:48:25.990,3.4,5000
2020-09-02 09:48:25.990,3.4,300
2020-09-02 09:48:25.990,3.4,1000
2020-09-02 09:48:25.990,3.4,2000
2020-09-02 09:48:25.990,3.4,2400
2020-09-02 09:48:25.990,3.4,1000
2020-09-02 09:48:25.990,3.4,13900
2020-09-02 09:48:25.990,3.4,7000
2020-09-02 09:48:28.320,3.4,1000
2020-09-02 09:48:28.950,3.4,8500
2020-09-02 09:48:29.250,3.399,100
2020-09-02 09:48:30.910,3.4,4100
2020-09-02 09:48:30.910,3.4,900
2020-09-02 09:48:35.920,3.4,10000
2020-09-02 09:48:37.000,3.399,300
2020-09-02 09:48:41.760,3.399,80400
2020-09-02 09:48:41.760,3.399,100
2020-09-02 09:48:41.760,3.399,50000
2020-09-02 09:48:41.760,3.399,300
2020-09-02 09:48:41.760,3.399,300
2020-09-02 09:48:41.760,3.399,200
2020-09-02 09:48:41.760,3.399,100
2020-09-02 09:48:41.760,3.399,600
2020-09-02 09:48:41.760,3.399,13300
2020-09-02 09:48:41.760,3.399,20000
2020-09-02 09:48:41.760,3.399,5000
2020-09-02 09:48:41.760,3.399,1000
2020-09-02 09:48:41.760,3.399,3000
2020-09-02 09:48:41.760,3.399,5000
2020-09-02 09:48:41.760,3.399,40000
2020-09-02 09:48:41.760,3.399,39100
2020-09-02 09:48:42.290,3.399,3000
2020-09-02 09:48:43.450,3.399,1000
2020-09-02 09:48:44.410,3.399,1300
2020-09-02 09:48:49.220,3.399,10000
2020-09-02 09:48:51.090,3.4,10000
2020-09-02 09:48:51.140,3.399,93100
2020-09-02 09:48:51.140,3.399,1400
2020-09-02 09:48:52.990,3.399,8600
2020-09-02 09:48:52.990,3.399,8000
2020-09-02 09:48:52.990,3.399,1400
2020-09-02 09:48:52.990,3.399,1000
2020-09-02 09:48:52.990,3.399,71500
2020-09-02 09:48:52.990,3.399,200
2020-09-02 09:48:52.990,3.399,1000
2020-09-02 09:48:52.990,3.399,8300
2020-09-02 09:48:54.330,3.399,5000
2020-09-02 09:48:57.170,3.399,3400
2020-09-02 09:48:57.520,3.399,700
2020-09-02 09:48:57.520,3.399,12000
2020-09-02 09:48:57.520,3.399,1000
2020-09-02 09:48:57.520,3.399,5000
2020-09-02 09:48:57.520,3.398,20000
2020-09-02 09:48:57.520,3.398,300
2020-09-02 09:48:57.520,3.398,100
2020-09-02 09:48:57.520,3.398,10000
2020-09-02 09:48:57.520,3.398,900
2020-09-02 09:48:57.540,3.4,10000
2020-09-02 09:48:57.540,3.4,2000
2020-09-02 09:48:57.540,3.4,200
2020-09-02 09:48:57.540,3.4,2600
2020-09-02 09:48:58.210,3.399,60000
2020-09-02 09:48:58.620,3.4,500
2020-09-02 09:48:59.110,3.399,200000
2020-09-02 09:49:03.380,3.399,42700
2020-09-02 09:49:05.940,3.4,200
2020-09-02 09:49:05.940,3.4,44200
2020-09-02 09:49:06.040,3.4,4000
2020-09-02 09:49:07.890,3.399,1000
2020-09-02 09:49:07.890,3.399,100
2020-09-02 09:49:07.890,3.399,1000
2020-09-02 09:49:07.890,3.399,1000
2020-09-02 09:49:07.890,3.399,1000
2020-09-02 09:49:07.890,3.399,1000
2020-09-02 09:49:07.890,3.399,4900
2020-09-02 09:49:09.240,3.4,1100
2020-09-02 09:49:10.350,3.4,100
2020-09-02 09:49:10.560,3.399,20100
2020-09-02 09:49:10.810,3.399,500
2020-09-02 09:49:11.110,3.4,300
2020-09-02 09:49:14.630,3.4,10300
2020-09-02 09:49:14.630,3.4,300
2020-09-02 09:49:16.920,3.4,1900
2020-09-02 09:49:16.980,3.401,800
2020-09-02 09:49:19.280,3.4,300
2020-09-02 09:49:27.520,3.401,100
2020-09-02 09:49:31.210,3.401,800
2020-09-02 09:49:32.730,3.4,10000
2020-09-02 09:49:37.290,3.4,19700
2020-09-02 09:49:37.290,3.4,2000
2020-09-02 09:49:37.290,3.4,8300
2020-09-02 09:49:37.610,3.401,50000
2020-09-02 09:49:37.950,3.401,800
2020-09-02 09:49:39.110,3.4,1000
2020-09-02 09:49:39.920,3.401,2000
2020-09-02 09:49:42.120,3.4,200
2020-09-02 09:49:43.020,3.4,5000
2020-09-02 09:49:44.990,3.4,200
2020-09-02 09:49:45.280,3.401,12000
2020-09-02 09:49:46.430,3.401,50000
2020-09-02 09:49:46.830,3.401,50000
2020-09-02 09:49:47.710,3.401,100
2020-09-02 09:49:48.080,3.4,10000
2020-09-02 09:49:49.980,3.401,2000
2020-09-02 09:49:53.570,3.401,63400
2020-09-02 09:49:53.570,3.401,200
2020-09-02 09:49:53.570,3.401,86400
2020-09-02 09:49:53.760,3.4,5100
2020-09-02 09:49:57.490,3.4,400
2020-09-02 09:50:01.480,3.401,6600
2020-09-02 09:50:01.480,3.401,1000
2020-09-02 09:50:01.480,3.401,200
2020-09-02 09:50:01.480,3.401,7000
2020-09-02 09:50:02.640,3.401,8000
2020-09-02 09:50:02.640,3.401,100
2020-09-02 09:50:02.640,3.401,200
2020-09-02 09:50:03.630,3.401,500
2020-09-02 09:50:04.850,3.4,28400
2020-09-02 09:50:04.850,3.4,4000
2020-09-02 09:50:04.850,3.4,1500
2020-09-02 09:50:04.850,3.4,3000
2020-09-02 09:50:04.850,3.4,1000
2020-09-02 09:50:04.850,3.4,30000
2020-09-02 09:50:04.850,3.4,24800
2020-09-02 09:50:04.850,3.4,1000
2020-09-02 09:50:04.850,3.4,1500
2020-09-02 09:50:04.850,3.4,5000
2020-09-02 09:50:04.850,3.4,2000
2020-09-02 09:50:04.850,3.4,13000
2020-09-02 09:50:06.940,3.4,100
2020-09-02 09:50:07.010,3.4,20000
2020-09-02 09:50:07.140,3.4,400
2020-09-02 09:50:10.040,3.4,300
2020-09-02 09:50:14.310,3.4,2000
2020-09-02 09:50:14.420,3.4,30000
2020-09-02 09:50:14.470,3.4,132300
2020-09-02 09:50:14.470,3.4,200
2020-09-02 09:50:14.470,3.4,200
2020-09-02 09:50:14.470,3.4,100
2020-09-02 09:50:16.090,3.4,300
2020-09-02 09:50:19.380,3.401,20000
2020-09-02 09:50:19.480,3.4,1800
2020-09-02 09:50:20.270,3.401,5000
2020-09-02 09:50:20.460,3.401,2000
2020-09-02 09:50:22.770,3.4,300
2020-09-02 09:50:25.870,3.401,400
2020-09-02 09:50:26.630,3.401,1900
2020-09-02 09:50:26.630,3.401,9500
2020-09-02 09:50:26.630,3.401,200
2020-09-02 09:50:26.630,3.401,8400
2020-09-02 09:50:27.660,3.401,91600
2020-09-02 09:50:27.660,3.401,30000
2020-09-02 09:50:27.660,3.401,178400
2020-09-02 09:50:28.860,3.401,200
2020-09-02 09:50:32.090,3.401,1300
2020-09-02 09:50:32.150,3.401,120100
2020-09-02 09:50:32.230,3.401,1000
2020-09-02 09:50:34.920,3.401,50000
2020-09-02 09:50:35.590,3.401,200
2020-09-02 09:50:41.770,3.402,400
2020-09-02 09:50:43.910,3.402,400
2020-09-02 09:50:43.910,3.402,2700
2020-09-02 09:50:43.910,3.402,100
2020-09-02 09:50:43.910,3.402,900
2020-09-02 09:50:43.910,3.402,66600
2020-09-02 09:50:45.800,3.402,3000
2020-09-02 09:50:46.150,3.402,300
2020-09-02 09:50:46.250,3.402,100
2020-09-02 09:50:46.250,3.402,1600
2020-09-02 09:50:46.250,3.402,14600
2020-09-02 09:50:47.440,3.402,300
2020-09-02 09:50:52.830,3.401,1200
2020-09-02 09:50:52.930,3.401,11000
2020-09-02 09:50:54.110,3.402,4400
2020-09-02 09:50:54.470,3.402,6000
2020-09-02 09:50:54.520,3.402,300
2020-09-02 09:50:54.580,3.402,4400
2020-09-02 09:50:54.580,3.402,100
2020-09-02 09:50:54.580,3.402,10400
2020-09-02 09:50:57.740,3.402,39600
2020-09-02 09:50:57.740,3.402,10400
2020-09-02 09:50:58.110,3.402,500
2020-09-02 09:50:58.300,3.401,116500
2020-09-02 09:50:58.300,3.401,200
2020-09-02 09:50:58.300,3.401,50000
2020-09-02 09:50:58.300,3.401,300
2020-09-02 09:50:58.300,3.401,48900
2020-09-02 09:50:58.300,3.401,5000
2020-09-02 09:50:58.300,3.401,30000
2020-09-02 09:50:59.340,3.401,5900
2020-09-02 09:50:59.580,3.401,1000
2020-09-02 09:50:59.790,3.401,1200
2020-09-02 09:51:00.260,3.401,2400
2020-09-02 09:51:04.700,3.401,17900
2020-09-02 09:51:04.700,3.401,200
2020-09-02 09:51:04.700,3.402,9100
2020-09-02 09:51:04.700,3.402,6700
2020-09-02 09:51:04.700,3.402,30000
2020-09-02 09:51:04.700,3.402,236100
2020-09-02 09:51:06.990,3.402,200
2020-09-02 09:51:07.310,3.402,6800
2020-09-02 09:51:12.560,3.401,100
2020-09-02 09:51:12.560,3.401,160000
2020-09-02 09:51:12.560,3.401,2400
2020-09-02 09:51:14.440,3.4,50000
2020-09-02 09:51:14.440,3.4,200
2020-09-02 09:51:14.440,3.4,1000
2020-09-02 09:51:14.440,3.4,2500
2020-09-02 09:51:14.440,3.4,2000
2020-09-02 09:51:14.440,3.4,3900
2020-09-02 09:51:14.440,3.4,1400
2020-09-02 09:51:14.440,3.4,1000
2020-09-02 09:51:14.440,3.4,200
2020-09-02 09:51:16.760,3.4,190000
2020-09-02 09:51:17.820,3.4,4700
2020-09-02 09:51:18.000,3.4,400
2020-09-02 09:51:19.640,3.4,42700
2020-09-02 09:51:19.640,3.4,4000
2020-09-02 09:51:20.350,3.4,30000
2020-09-02 09:51:20.850,3.399,1000
2020-09-02 09:51:20.850,3.399,1000
2020-09-02 09:51:20.850,3.399,1000
2020-09-02 09:51:20.850,3.399,5900
2020-09-02 09:51:20.850,3.399,200
2020-09-02 09:51:20.850,3.399,8000
2020-09-02 09:51:20.850,3.399,1000
2020-09-02 09:51:20.850,3.399,1500
2020-09-02 09:51:20.850,3.399,1000
2020-09-02 09:51:20.850,3.399,10000
2020-09-02 09:51:20.850,3.399,36200
2020-09-02 09:51:20.980,3.4,2500
2020-09-02 09:51:24.870,3.4,3000
2020-09-02 09:51:27.260,3.399,20100
2020-09-02 09:51:27.440,3.4,200
2020-09-02 09:51:28.120,3.4,4800
2020-09-02 09:51:29.730,3.4,5000
2020-09-02 09:51:30.980,3.399,63900
2020-09-02 09:51:31.570,3.399,5100
2020-09-02 09:51:32.780,3.399,700
2020-09-02 09:51:35.280,3.399,5000
2020-09-02 09:51:35.280,3.399,2000
2020-09-02 09:51:35.280,3.399,1000
2020-09-02 09:51:37.080,3.399,6400
2020-09-02 09:51:37.170,3.399,9500
2020-09-02 09:51:37.250,3.399,2900
2020-09-02 09:51:37.270,3.399,1100
2020-09-02 09:51:38.460,3.399,3000
2020-09-02 09:51:38.940,3.399,6400
2020-09-02 09:51:39.080,3.398,500
2020-09-02 09:51:39.080,3.398,300
2020-09-02 09:51:39.080,3.398,4200
2020-09-02 09:51:40.590,3.399,5400
2020-09-02 09:51:41.320,3.398,800
2020-09-02 09:51:41.320,3.398,3100
2020-09-02 09:51:41.320,3.398,41200
2020-09-02 09:51:41.540,3.398,285600
2020-09-02 09:51:41.770,3.399,43800
2020-09-02 09:51:41.770,3.399,900
2020-09-02 09:51:41.770,3.4,2700
2020-09-02 09:51:41.770,3.4,252600
2020-09-02 09:51:42.210,3.4,500
2020-09-02 09:51:43.660,3.398,400
2020-09-02 09:51:46.510,3.399,700
2020-09-02 09:51:48.760,3.4,100
2020-09-02 09:51:51.280,3.4,2000
2020-09-02 09:51:51.310,3.4,3000
2020-09-02 09:51:52.340,3.4,3200
2020-09-02 09:51:52.680,3.399,300
