Datetime,Price,Volume
2020-09-02 09:25:00.800,4.919,2500
2020-09-02 09:25:00.800,4.919,1500
2020-09-02 09:25:00.800,4.919,300
2020-09-02 09:25:00.800,4.919,3900
2020-09-02 09:25:00.800,4.919,5000
2020-09-02 09:25:00.800,4.919,700
2020-09-02 09:25:00.800,4.919,400
2020-09-02 09:25:00.800,4.919,10000
2020-09-02 09:25:00.800,4.919,10000
2020-09-02 09:25:00.800,4.919,600
2020-09-02 09:25:00.800,4.919,800
2020-09-02 09:25:00.800,4.919,2900
2020-09-02 09:25:00.800,4.919,10000
2020-09-02 09:25:00.800,4.919,23300
2020-09-02 09:25:00.800,4.919,31500
2020-09-02 09:25:00.800,4.919,1300
2020-09-02 09:25:00.800,4.919,200
2020-09-02 09:25:00.800,4.919,200
2020-09-02 09:25:00.800,4.919,2500
2020-09-02 09:25:00.800,4.919,6300
2020-09-02 09:25:00.800,4.919,3700
2020-09-02 09:25:00.800,4.919,400
2020-09-02 09:25:00.800,4.919,1000
2020-09-02 09:25:00.800,4.919,800
2020-09-02 09:25:00.800,4.919,2200
2020-09-02 09:25:00.800,4.919,3900
2020-09-02 09:25:00.800,4.919,1300
2020-09-02 09:25:00.800,4.919,8700
2020-09-02 09:25:00.800,4.919,500
2020-09-02 09:25:00.800,4.919,2700
2020-09-02 09:25:00.800,4.919,12500
2020-09-02 09:25:00.800,4.919,5000
2020-09-02 09:25:00.800,4.919,1000
2020-09-02 09:25:00.800,4.919,20000
2020-09-02 09:25:00.800,4.919,2400
2020-09-02 09:25:00.800,4.919,1100
2020-09-02 09:25:00.800,4.919,1500
2020-09-02 09:25:00.800,4.919,10500
2020-09-02 09:25:00.800,4.919,8000
2020-09-02 09:25:00.800,4.919,1900
2020-09-02 09:25:00.800,4.919,100
2020-09-02 09:25:00.800,4.919,3900
2020-09-02 09:25:00.800,4.919,600
2020-09-02 09:25:00.800,4.919,500
2020-09-02 09:25:00.800,4.919,11000
2020-09-02 09:25:00.800,4.919,134900
2020-09-02 09:25:00.800,4.919,300
2020-09-02 09:25:00.800,4.919,300
2020-09-02 09:25:00.800,4.919,5000
2020-09-02 09:25:00.800,4.919,600
2020-09-02 09:25:00.800,4.919,1000
2020-09-02 09:25:00.800,4.919,100
2020-09-02 09:25:00.800,4.919,2000
2020-09-02 09:25:00.800,4.919,100
2020-09-02 09:25:00.800,4.919,200
2020-09-02 09:25:00.800,4.919,300
2020-09-02 09:25:00.800,4.919,200
2020-09-02 09:25:00.800,4.919,200
2020-09-02 09:25:00.800,4.919,100
2020-09-02 09:25:00.800,4.919,300
2020-09-02 09:25:00.800,4.919,700
2020-09-02 09:25:00.800,4.919,1100
2020-09-02 09:25:00.800,4.919,10000
2020-09-02 09:25:00.800,4.919,100
2020-09-02 09:25:00.800,4.919,100
2020-09-02 09:25:00.800,4.919,100
2020-09-02 09:25:00.800,4.919,100
2020-09-02 09:25:00.800,4.919,10000
2020-09-02 09:25:00.800,4.919,20000
2020-09-02 09:25:00.800,4.919,1200
2020-09-02 09:25:00.800,4.919,400
2020-09-02 09:25:00.800,4.919,18400
2020-09-02 09:25:00.800,4.919,40000
2020-09-02 09:25:00.800,4.919,33300
2020-09-02 09:25:00.800,4.919,1100
2020-09-02 09:25:00.800,4.919,3900
2020-09-02 09:25:00.800,4.919,300
2020-09-02 09:25:00.800,4.919,1700
2020-09-02 09:25:00.800,4.919,200
2020-09-02 09:25:00.800,4.919,8100
2020-09-02 09:25:00.800,4.919,1000
2020-09-02 09:25:00.800,4.919,1000
2020-09-02 09:25:00.800,4.919,9900
2020-09-02 09:25:00.800,4.919,10100
2020-09-02 09:25:00.800,4.919,5200
2020-09-02 09:25:00.800,4.919,2000
2020-09-02 09:25:00.800,4.919,3000
2020-09-02 09:25:00.800,4.919,2400
2020-09-02 09:25:00.800,4.919,100
2020-09-02 09:25:00.800,4.919,5000
2020-09-02 09:25:00.800,4.919,20000
2020-09-02 09:25:00.800,4.919,300
2020-09-02 09:25:00.800,4.919,100
2020-09-02 09:25:00.800,4.919,6800
2020-09-02 09:25:00.800,4.919,500
2020-09-02 09:25:00.800,4.919,37100
2020-09-02 09:25:00.800,4.919,200
2020-09-02 09:25:00.800,4.919,100
2020-09-02 09:25:00.800,4.919,10000
2020-09-02 09:25:00.800,4.919,1200
2020-09-02 09:25:00.800,4.919,3100
2020-09-02 09:25:00.800,4.919,100
2020-09-02 09:25:00.800,4.919,3000
2020-09-02 09:25:00.800,4.919,12400
2020-09-02 09:25:00.800,4.919,3400
2020-09-02 09:25:00.800,4.919,200
2020-09-02 09:25:00.800,4.919,15800
2020-09-02 09:25:00.800,4.919,2000
2020-09-02 09:25:00.800,4.919,600
2020-09-02 09:25:00.800,4.919,2000
2020-09-02 09:25:00.800,4.919,5000
2020-09-02 09:25:00.800,4.919,1100
2020-09-02 09:25:00.800,4.919,2500
2020-09-02 09:25:00.800,4.919,300
2020-09-02 09:25:00.800,4.919,3000
2020-09-02 09:25:00.800,4.919,2500
2020-09-02 09:25:00.800,4.919,500
2020-09-02 09:25:00.800,4.919,200
2020-09-02 09:25:00.800,4.919,10000
2020-09-02 09:25:00.800,4.919,600
2020-09-02 09:25:00.800,4.919,2000
2020-09-02 09:25:00.800,4.919,1000
2020-09-02 09:25:00.800,4.919,35700
2020-09-02 09:25:00.800,4.919,98100
2020-09-02 09:25:00.800,4.919,1000
2020-09-02 09:25:00.800,4.919,200
2020-09-02 09:25:00.800,4.919,200
2020-09-02 09:25:00.800,4.919,100
2020-09-02 09:25:00.800,4.919,2500
2020-09-02 09:25:00.800,4.919,66000
2020-09-02 09:25:00.800,4.919,31900
2020-09-02 09:25:00.800,4.919,20000
2020-09-02 09:25:00.800,4.919,5200
2020-09-02 09:25:00.800,4.919,123100
2020-09-02 09:25:00.800,4.919,10000
2020-09-02 09:25:00.800,4.919,400
2020-09-02 09:25:00.800,4.919,30000
2020-09-02 09:25:00.800,4.919,400
2020-09-02 09:25:00.800,4.919,1600
2020-09-02 09:25:00.800,4.919,400
2020-09-02 09:25:00.800,4.919,100
2020-09-02 09:25:00.800,4.919,1000
2020-09-02 09:25:00.800,4.919,100
2020-09-02 09:25:00.800,4.919,209400
2020-09-02 09:25:00.800,4.919,200
2020-09-02 09:25:00.800,4.919,2400
2020-09-02 09:25:00.800,4.919,5800
2020-09-02 09:25:00.800,4.919,9900
2020-09-02 09:25:00.800,4.919,300
2020-09-02 09:25:00.800,4.919,500
2020-09-02 09:25:00.800,4.919,2000
2020-09-02 09:25:00.800,4.919,200
2020-09-02 09:25:00.800,4.919,2500
2020-09-02 09:25:00.800,4.919,10000
2020-09-02 09:25:00.800,4.919,3500
2020-09-02 09:25:00.800,4.919,10000
2020-09-02 09:25:00.800,4.919,21100
2020-09-02 09:25:00.800,4.919,8600
2020-09-02 09:25:00.800,4.919,1400
2020-09-02 09:25:00.800,4.919,8600
2020-09-02 09:25:00.800,4.919,1000
2020-09-02 09:25:00.800,4.919,20400
2020-09-02 09:25:00.800,4.919,200
2020-09-02 09:25:00.800,4.919,100
2020-09-02 09:25:00.800,4.919,5000
2020-09-02 09:25:00.800,4.919,300
2020-09-02 09:25:00.800,4.919,3000
2020-09-02 09:25:00.800,4.919,4800
2020-09-02 09:25:00.800,4.919,700
2020-09-02 09:25:00.800,4.919,500
2020-09-02 09:25:00.800,4.919,600
2020-09-02 09:25:00.800,4.919,4400
2020-09-02 09:25:00.800,4.919,30000
2020-09-02 09:25:00.800,4.919,6800
2020-09-02 09:25:00.800,4.919,3000
2020-09-02 09:25:00.800,4.919,15400
2020-09-02 09:25:00.800,4.919,10400
2020-09-02 09:25:00.800,4.919,300
2020-09-02 09:25:00.800,4.919,200
2020-09-02 09:25:00.800,4.919,3300
2020-09-02 09:25:00.800,4.919,300
2020-09-02 09:25:00.800,4.919,500
2020-09-02 09:25:00.800,4.919,2400
2020-09-02 09:25:00.800,4.919,600
2020-09-02 09:25:00.800,4.919,300
2020-09-02 09:25:00.800,4.919,3000
2020-09-02 09:25:00.800,4.919,900
2020-09-02 09:25:00.800,4.919,9100
2020-09-02 09:25:00.800,4.919,3700
2020-09-02 09:25:00.800,4.919,2200
2020-09-02 09:25:00.800,4.919,300
2020-09-02 09:25:00.800,4.919,27500
2020-09-02 09:25:00.800,4.919,1000
2020-09-02 09:25:00.800,4.919,2000
2020-09-02 09:25:00.800,4.919,300
2020-09-02 09:25:00.800,4.919,200
2020-09-02 09:25:00.800,4.919,200
2020-09-02 09:25:00.800,4.919,400
2020-09-02 09:25:00.800,4.919,2500
2020-09-02 09:25:00.800,4.919,200
2020-09-02 09:25:00.800,4.919,10000
2020-09-02 09:25:00.800,4.919,10000
2020-09-02 09:30:00.240,4.92,1000
2020-09-02 09:30:00.240,4.92,2000
2020-09-02 09:30:00.240,4.92,1700
2020-09-02 09:30:00.240,4.92,5300
2020-09-02 09:30:00.350,4.919,600
2020-09-02 09:30:00.350,4.918,1200
2020-09-02 09:30:00.350,4.918,7200
2020-09-02 09:30:00.350,4.918,14300
2020-09-02 09:30:00.350,4.918,15300
2020-09-02 09:30:00.350,4.918,10000
2020-09-02 09:30:00.350,4.918,2100
2020-09-02 09:30:00.350,4.918,600
2020-09-02 09:30:00.350,4.918,10000
2020-09-02 09:30:00.350,4.918,1100
2020-09-02 09:30:00.350,4.917,5600
2020-09-02 09:30:00.350,4.917,29300
2020-09-02 09:30:00.430,4.919,500
2020-09-02 09:30:00.430,4.919,200
2020-09-02 09:30:00.430,4.92,14700
2020-09-02 09:30:00.430,4.92,2000
2020-09-02 09:30:00.430,4.92,5000
2020-09-02 09:30:00.430,4.92,5000
2020-09-02 09:30:00.430,4.92,1000
2020-09-02 09:30:00.430,4.92,1000
2020-09-02 09:30:00.430,4.92,1000
2020-09-02 09:30:00.430,4.918,8000
2020-09-02 09:30:00.430,4.92,5400
2020-09-02 09:30:00.430,4.92,400
2020-09-02 09:30:00.430,4.92,500
2020-09-02 09:30:00.430,4.92,100
2020-09-02 09:30:00.430,4.92,2000
2020-09-02 09:30:00.430,4.92,300
2020-09-02 09:30:00.430,4.92,400
2020-09-02 09:30:00.430,4.92,1000
2020-09-02 09:30:00.430,4.92,500
2020-09-02 09:30:00.430,4.92,500
2020-09-02 09:30:00.430,4.92,900
2020-09-02 09:30:00.430,4.919,100
2020-09-02 09:30:00.430,4.919,1000
2020-09-02 09:30:00.430,4.92,8900
2020-09-02 09:30:00.540,4.92,9500
2020-09-02 09:30:00.670,4.919,2000
2020-09-02 09:30:00.670,4.919,48000
2020-09-02 09:30:00.670,4.92,700
2020-09-02 09:30:00.670,4.92,100
2020-09-02 09:30:00.670,4.92,100
2020-09-02 09:30:00.670,4.92,100
2020-09-02 09:30:00.670,4.921,5000
2020-09-02 09:30:00.670,4.921,600
2020-09-02 09:30:00.670,4.921,2100
2020-09-02 09:30:00.670,4.921,200
2020-09-02 09:30:00.670,4.921,4000
2020-09-02 09:30:00.670,4.918,1000
2020-09-02 09:30:00.790,4.922,6000
2020-09-02 09:30:00.790,4.922,200
2020-09-02 09:30:00.790,4.922,300
2020-09-02 09:30:00.790,4.922,5000
2020-09-02 09:30:00.790,4.922,2300
2020-09-02 09:30:00.790,4.922,1000
2020-09-02 09:30:00.790,4.923,300
2020-09-02 09:30:00.790,4.923,10000
2020-09-02 09:30:00.790,4.923,7000
2020-09-02 09:30:00.790,4.923,10000
2020-09-02 09:30:00.790,4.923,2500
2020-09-02 09:30:00.790,4.923,3000
2020-09-02 09:30:00.790,4.923,4000
2020-09-02 09:30:00.790,4.923,1000
2020-09-02 09:30:00.790,4.924,100
2020-09-02 09:30:00.790,4.924,600
2020-09-02 09:30:00.790,4.924,9900
2020-09-02 09:30:00.790,4.924,1000
2020-09-02 09:30:00.790,4.925,1000
2020-09-02 09:30:00.790,4.925,2000
2020-09-02 09:30:00.790,4.925,200
2020-09-02 09:30:00.790,4.925,1600
2020-09-02 09:30:00.790,4.92,15000
2020-09-02 09:30:00.910,4.92,5000
2020-09-02 09:30:00.910,4.921,100
2020-09-02 09:30:01.020,4.921,100
2020-09-02 09:30:01.150,4.921,300
2020-09-02 09:30:01.270,4.922,2200
2020-09-02 09:30:01.270,4.921,1000
2020-09-02 09:30:01.380,4.921,5000
2020-09-02 09:30:01.380,4.921,5000
2020-09-02 09:30:01.380,4.921,1000
2020-09-02 09:30:01.380,4.922,900
2020-09-02 09:30:01.610,4.921,500
2020-09-02 09:30:01.610,4.922,3500
2020-09-02 09:30:01.610,4.921,1000
2020-09-02 09:30:01.730,4.921,100
2020-09-02 09:30:01.730,4.922,3400
2020-09-02 09:30:01.730,4.922,4400
2020-09-02 09:30:01.730,4.921,1000
2020-09-02 09:30:01.730,4.921,1600
2020-09-02 09:30:01.960,4.922,5600
2020-09-02 09:30:01.960,4.923,1500
2020-09-02 09:30:01.960,4.923,15900
2020-09-02 09:30:02.080,4.923,3000
2020-09-02 09:30:02.080,4.921,100
2020-09-02 09:30:02.460,4.921,2000
2020-09-02 09:30:02.460,4.921,100
2020-09-02 09:30:02.460,4.921,10000
2020-09-02 09:30:02.460,4.921,3000
2020-09-02 09:30:02.600,4.921,200
2020-09-02 09:30:02.600,4.921,5200
2020-09-02 09:30:02.600,4.921,9200
2020-09-02 09:30:02.600,4.921,100
2020-09-02 09:30:02.710,4.921,10000
2020-09-02 09:30:02.840,4.922,100
2020-09-02 09:30:02.840,4.923,1100
2020-09-02 09:30:02.840,4.923,2900
2020-09-02 09:30:03.070,4.921,8000
2020-09-02 09:30:03.100,4.921,100
2020-09-02 09:30:03.100,4.921,300
2020-09-02 09:30:03.220,4.921,100
2020-09-02 09:30:03.220,4.921,200
2020-09-02 09:30:03.220,4.921,10000
2020-09-02 09:30:03.220,4.921,10000
2020-09-02 09:30:03.340,4.921,18600
2020-09-02 09:30:03.340,4.921,60200
2020-09-02 09:30:03.340,4.921,13300
2020-09-02 09:30:03.460,4.921,3000
2020-09-02 09:30:03.460,4.921,10000
2020-09-02 09:30:03.590,4.921,5000
2020-09-02 09:30:03.590,4.922,100
2020-09-02 09:30:03.590,4.922,1100
2020-09-02 09:30:03.590,4.921,1000
2020-09-02 09:30:03.590,4.921,500
2020-09-02 09:30:03.710,4.921,56100
2020-09-02 09:30:03.890,4.922,2100
2020-09-02 09:30:04.120,4.921,10000
2020-09-02 09:30:04.310,4.921,2600
2020-09-02 09:30:04.430,4.921,2100
2020-09-02 09:30:04.430,4.921,20000
2020-09-02 09:30:04.430,4.921,500
2020-09-02 09:30:04.430,4.921,2000
2020-09-02 09:30:04.430,4.921,1000
2020-09-02 09:30:04.560,4.922,6800
2020-09-02 09:30:04.560,4.922,7500
2020-09-02 09:30:04.560,4.923,17100
2020-09-02 09:30:04.560,4.923,2100
2020-09-02 09:30:04.560,4.923,110000
2020-09-02 09:30:04.560,4.924,5000
2020-09-02 09:30:04.560,4.924,7000
2020-09-02 09:30:04.560,4.924,300
2020-09-02 09:30:04.560,4.924,4600
2020-09-02 09:30:04.560,4.924,30000
2020-09-02 09:30:04.560,4.924,2000
2020-09-02 09:30:04.560,4.924,5000
2020-09-02 09:30:04.560,4.924,10000
2020-09-02 09:30:04.560,4.924,700
2020-09-02 09:30:04.560,4.924,700
2020-09-02 09:30:04.560,4.924,2000
2020-09-02 09:30:04.560,4.924,10000
2020-09-02 09:30:04.560,4.924,6000
2020-09-02 09:30:04.560,4.925,21400
2020-09-02 09:30:04.560,4.925,300
2020-09-02 09:30:04.560,4.925,51500
2020-09-02 09:30:04.560,4.921,500
2020-09-02 09:30:04.680,4.921,10000
2020-09-02 09:30:04.680,4.921,49200
2020-09-02 09:30:04.680,4.921,5300
2020-09-02 09:30:04.680,4.921,100
2020-09-02 09:30:04.680,4.921,26600
2020-09-02 09:30:04.680,4.921,28000
2020-09-02 09:30:04.680,4.921,1000
2020-09-02 09:30:04.680,4.921,2200
2020-09-02 09:30:04.680,4.921,100
2020-09-02 09:30:04.680,4.921,21900
2020-09-02 09:30:04.680,4.921,18800
2020-09-02 09:30:04.800,4.92,100
2020-09-02 09:30:04.800,4.921,6000
2020-09-02 09:30:04.800,4.921,700
2020-09-02 09:30:04.900,4.92,500
2020-09-02 09:30:04.900,4.92,5900
2020-09-02 09:30:04.900,4.92,1000
2020-09-02 09:30:04.900,4.92,33100
2020-09-02 09:30:05.070,4.921,5300
2020-09-02 09:30:05.070,4.921,18100
2020-09-02 09:30:05.070,4.922,100
2020-09-02 09:30:05.070,4.923,5000
2020-09-02 09:30:05.070,4.925,76800
2020-09-02 09:30:05.070,4.92,100
2020-09-02 09:30:05.070,4.92,2900
2020-09-02 09:30:05.170,4.923,3000
2020-09-02 09:30:05.270,4.92,40000
2020-09-02 09:30:05.310,4.92,2000
2020-09-02 09:30:05.420,4.921,1800
2020-09-02 09:30:05.420,4.92,10000
2020-09-02 09:30:05.450,4.921,300
2020-09-02 09:30:05.680,4.92,2000
2020-09-02 09:30:05.800,4.92,100
2020-09-02 09:30:06.010,4.92,3300
2020-09-02 09:30:06.010,4.92,500
2020-09-02 09:30:06.010,4.92,600
2020-09-02 09:30:06.010,4.92,6600
2020-09-02 09:30:06.150,4.921,1900
2020-09-02 09:30:06.190,4.923,10000
2020-09-02 09:30:06.190,4.925,3000
2020-09-02 09:30:06.300,4.921,200
2020-09-02 09:30:06.530,4.921,100
2020-09-02 09:30:06.750,4.921,500
2020-09-02 09:30:06.820,4.921,5000
2020-09-02 09:30:06.860,4.921,10000
2020-09-02 09:30:06.940,4.921,1000
2020-09-02 09:30:07.100,4.921,1000
2020-09-02 09:30:07.100,4.921,1000
2020-09-02 09:30:07.180,4.921,1000
2020-09-02 09:30:07.220,4.922,400
2020-09-02 09:30:07.260,4.921,12900
2020-09-02 09:30:07.260,4.921,11100
2020-09-02 09:30:07.260,4.921,26000
2020-09-02 09:30:07.400,4.922,400
2020-09-02 09:30:07.400,4.922,200
2020-09-02 09:30:07.400,4.923,13500
2020-09-02 09:30:07.400,4.921,7600
2020-09-02 09:30:07.400,4.921,400
2020-09-02 09:30:07.400,4.921,1000
2020-09-02 09:30:07.430,4.921,3600
2020-09-02 09:30:07.430,4.921,1400
2020-09-02 09:30:07.540,4.921,1000
2020-09-02 09:30:07.690,4.921,2400
2020-09-02 09:30:07.690,4.921,200
2020-09-02 09:30:07.720,4.921,3000
2020-09-02 09:30:07.720,4.922,200
2020-09-02 09:30:08.260,4.922,3000
2020-09-02 09:30:08.750,4.922,5300
2020-09-02 09:30:09.270,4.923,86300
2020-09-02 09:30:09.500,4.923,100
2020-09-02 09:30:09.540,4.922,2000
2020-09-02 09:30:09.570,4.922,110100
2020-09-02 09:30:09.930,4.922,7100
2020-09-02 09:30:10.550,4.922,12400
2020-09-02 09:30:10.800,4.922,1300
2020-09-02 09:30:11.240,4.922,2500
2020-09-02 09:30:11.320,4.922,36800
2020-09-02 09:30:11.320,4.922,9700
2020-09-02 09:30:11.360,4.922,2000
2020-09-02 09:30:11.420,4.922,1300
2020-09-02 09:30:11.660,4.922,3000
2020-09-02 09:30:12.080,4.922,10000
2020-09-02 09:30:12.250,4.923,160000
2020-09-02 09:30:12.470,4.922,2000
2020-09-02 09:30:12.610,4.923,12000
2020-09-02 09:30:12.690,4.923,100
2020-09-02 09:30:13.250,4.922,100
2020-09-02 09:30:13.630,4.922,900
2020-09-02 09:30:14.370,4.923,800
2020-09-02 09:30:14.400,4.923,177200
2020-09-02 09:30:14.400,4.923,100000
2020-09-02 09:30:14.400,4.923,200
2020-09-02 09:30:14.500,4.923,1000
2020-09-02 09:30:15.110,4.923,4500
2020-09-02 09:30:15.310,4.924,1000
2020-09-02 09:30:15.310,4.924,10000
2020-09-02 09:30:15.310,4.924,153100
2020-09-02 09:30:15.380,4.923,5000
2020-09-02 09:30:15.410,4.923,1000
2020-09-02 09:30:15.490,4.923,600
2020-09-02 09:30:15.720,4.923,10500
2020-09-02 09:30:15.720,4.923,8000
2020-09-02 09:30:15.720,4.922,1500
2020-09-02 09:30:15.760,4.922,68000
2020-09-02 09:30:16.720,4.923,200
2020-09-02 09:30:17.290,4.922,1500
2020-09-02 09:30:17.290,4.922,400
2020-09-02 09:30:17.290,4.922,2600
2020-09-02 09:30:18.310,4.922,5000
2020-09-02 09:30:18.490,4.922,31900
2020-09-02 09:30:18.490,4.921,93000
2020-09-02 09:30:18.490,4.921,11000
2020-09-02 09:30:18.490,4.921,14200
2020-09-02 09:30:18.990,4.921,2000
2020-09-02 09:30:19.450,4.921,100
2020-09-02 09:30:20.100,4.921,1000
2020-09-02 09:30:20.740,4.921,17900
2020-09-02 09:30:20.740,4.921,100
2020-09-02 09:30:20.740,4.921,4200
2020-09-02 09:30:20.740,4.921,1800
2020-09-02 09:30:20.740,4.921,700
2020-09-02 09:30:20.740,4.921,44500
2020-09-02 09:30:20.740,4.923,700
2020-09-02 09:30:21.050,4.921,30000
2020-09-02 09:30:21.900,4.921,30000
2020-09-02 09:30:22.320,4.921,10000
2020-09-02 09:30:22.380,4.921,5000
2020-09-02 09:30:22.650,4.923,1800
2020-09-02 09:30:22.750,4.921,180500
2020-09-02 09:30:22.750,4.92,24200
2020-09-02 09:30:22.750,4.92,200
2020-09-02 09:30:22.750,4.92,5300
2020-09-02 09:30:22.750,4.92,26600
2020-09-02 09:30:22.750,4.92,2000
2020-09-02 09:30:22.750,4.92,61300
2020-09-02 09:30:23.160,4.922,100
2020-09-02 09:30:24.060,4.92,1200
2020-09-02 09:30:24.340,4.921,30000
2020-09-02 09:30:24.340,4.922,5000
2020-09-02 09:30:24.340,4.922,5000
2020-09-02 09:30:24.340,4.923,10000
2020-09-02 09:30:24.980,4.92,37500
2020-09-02 09:30:24.980,4.92,10000
2020-09-02 09:30:24.980,4.92,1000
2020-09-02 09:30:24.980,4.92,2000
2020-09-02 09:30:24.980,4.92,20400
2020-09-02 09:30:24.980,4.92,200
2020-09-02 09:30:24.980,4.92,11800
2020-09-02 09:30:24.980,4.92,11600
2020-09-02 09:30:24.980,4.92,22100
2020-09-02 09:30:24.980,4.92,6000
2020-09-02 09:30:24.980,4.92,5000
2020-09-02 09:30:24.980,4.92,4500
2020-09-02 09:30:24.980,4.92,10000
2020-09-02 09:30:24.980,4.92,100
2020-09-02 09:30:24.980,4.92,200
2020-09-02 09:30:24.980,4.92,3800
2020-09-02 09:30:24.980,4.92,3900
2020-09-02 09:30:24.980,4.92,225300
2020-09-02 09:30:24.980,4.92,100
2020-09-02 09:30:24.980,4.92,100
2020-09-02 09:30:24.980,4.92,8100
2020-09-02 09:30:24.980,4.92,3200
2020-09-02 09:30:24.980,4.92,3600
2020-09-02 09:30:24.980,4.92,2000
2020-09-02 09:30:24.980,4.92,53600
2020-09-02 09:30:25.280,4.92,10000
2020-09-02 09:30:25.520,4.921,3800
2020-09-02 09:30:25.590,4.92,2500
2020-09-02 09:30:25.840,4.92,13200
2020-09-02 09:30:25.840,4.92,500
2020-09-02 09:30:25.840,4.92,200
2020-09-02 09:30:25.840,4.92,1100
2020-09-02 09:30:25.970,4.92,4900
2020-09-02 09:30:25.970,4.92,200
2020-09-02 09:30:25.970,4.92,92400
2020-09-02 09:30:25.970,4.92,100
2020-09-02 09:30:25.970,4.92,1200
2020-09-02 09:30:25.970,4.92,1000
2020-09-02 09:30:25.970,4.92,33600
2020-09-02 09:30:25.970,4.92,26900
2020-09-02 09:30:25.970,4.92,11100
2020-09-02 09:30:25.970,4.92,100
2020-09-02 09:30:25.970,4.92,8900
2020-09-02 09:30:25.970,4.92,2000
2020-09-02 09:30:25.970,4.92,1500
2020-09-02 09:30:25.970,4.92,96200
2020-09-02 09:30:25.970,4.92,4800
2020-09-02 09:30:25.970,4.92,1100
2020-09-02 09:30:25.970,4.92,700
2020-09-02 09:30:25.970,4.92,10000
2020-09-02 09:30:25.970,4.92,3200
2020-09-02 09:30:25.970,4.92,100
2020-09-02 09:30:27.230,4.92,9000
2020-09-02 09:30:27.270,4.92,26100
2020-09-02 09:30:27.270,4.92,500
2020-09-02 09:30:27.270,4.92,500
2020-09-02 09:30:27.270,4.92,110000
2020-09-02 09:30:27.270,4.92,100
2020-09-02 09:30:27.270,4.92,1000
2020-09-02 09:30:27.270,4.92,3900
2020-09-02 09:30:27.270,4.92,23600
2020-09-02 09:30:27.270,4.92,72300
2020-09-02 09:30:27.270,4.92,4200
2020-09-02 09:30:27.270,4.92,57800
2020-09-02 09:30:27.530,4.92,2200
2020-09-02 09:30:27.530,4.92,200
2020-09-02 09:30:27.530,4.92,100
2020-09-02 09:30:27.530,4.92,200
2020-09-02 09:30:27.530,4.92,1300
2020-09-02 09:30:27.630,4.92,12300
2020-09-02 09:30:27.630,4.919,100
2020-09-02 09:30:27.630,4.919,4100
2020-09-02 09:30:27.630,4.919,1200
2020-09-02 09:30:27.630,4.919,1100
2020-09-02 09:30:27.630,4.919,3000
2020-09-02 09:30:27.630,4.919,1200
2020-09-02 09:30:27.630,4.919,1000
2020-09-02 09:30:27.630,4.919,300
2020-09-02 09:30:27.630,4.919,100
2020-09-02 09:30:27.630,4.919,9000
2020-09-02 09:30:27.630,4.919,4000
2020-09-02 09:30:27.630,4.919,500
2020-09-02 09:30:27.630,4.919,1500
2020-09-02 09:30:28.680,4.92,100
2020-09-02 09:30:29.130,4.919,8800
2020-09-02 09:30:29.130,4.919,700
2020-09-02 09:30:29.130,4.919,100
2020-09-02 09:30:29.130,4.919,400
2020-09-02 09:30:29.460,4.92,50000
2020-09-02 09:30:29.650,4.92,30000
2020-09-02 09:30:29.720,4.92,30800
2020-09-02 09:30:30.220,4.92,100000
2020-09-02 09:30:30.340,4.919,100
2020-09-02 09:30:30.340,4.919,900
2020-09-02 09:30:31.100,4.92,2000
2020-09-02 09:30:31.550,4.919,6200
2020-09-02 09:30:31.550,4.919,5000
2020-09-02 09:30:31.550,4.919,160800
2020-09-02 09:30:31.550,4.919,20000
2020-09-02 09:30:31.550,4.919,300
2020-09-02 09:30:31.550,4.919,4000
2020-09-02 09:30:31.550,4.919,3000
2020-09-02 09:30:31.550,4.919,3000
2020-09-02 09:30:31.550,4.919,1100
2020-09-02 09:30:31.550,4.919,1200
2020-09-02 09:30:31.550,4.919,600
2020-09-02 09:30:31.550,4.919,20000
2020-09-02 09:30:31.550,4.919,100
2020-09-02 09:30:32.970,4.919,300
2020-09-02 09:30:32.970,4.92,1700
2020-09-02 09:30:33.040,4.92,25000
2020-09-02 09:30:33.600,4.92,60400
2020-09-02 09:30:33.600,4.92,200
2020-09-02 09:30:33.600,4.92,200
2020-09-02 09:30:33.600,4.92,100
2020-09-02 09:30:33.600,4.92,10000
2020-09-02 09:30:34.670,4.919,5000
2020-09-02 09:30:35.190,4.921,2300
2020-09-02 09:30:35.190,4.921,20000
2020-09-02 09:30:35.190,4.921,4000
2020-09-02 09:30:35.190,4.921,20000
2020-09-02 09:30:35.190,4.921,3700
2020-09-02 09:30:36.420,4.92,2300
2020-09-02 09:30:37.180,4.92,7700
2020-09-02 09:30:37.180,4.92,1000
2020-09-02 09:30:37.180,4.919,2400
2020-09-02 09:30:37.180,4.919,500
2020-09-02 09:30:37.180,4.919,500
2020-09-02 09:30:37.180,4.919,100
2020-09-02 09:30:37.180,4.918,9100
2020-09-02 09:30:37.180,4.918,300
2020-09-02 09:30:37.180,4.918,3000
2020-09-02 09:30:37.180,4.918,2400
2020-09-02 09:30:37.180,4.918,20100
2020-09-02 09:30:37.180,4.918,1000
2020-09-02 09:30:37.180,4.918,700
2020-09-02 09:30:37.180,4.918,100000
2020-09-02 09:30:37.180,4.918,1100
2020-09-02 09:30:37.180,4.918,100
2020-09-02 09:30:37.180,4.918,1100
2020-09-02 09:30:37.180,4.918,1000
2020-09-02 09:30:37.180,4.918,100000
2020-09-02 09:30:37.180,4.917,47900
2020-09-02 09:30:37.460,4.918,6000
2020-09-02 09:30:37.460,4.92,23500
2020-09-02 09:30:38.220,4.917,12100
2020-09-02 09:30:38.220,4.917,30200
2020-09-02 09:30:38.220,4.917,69800
2020-09-02 09:30:38.220,4.917,100
2020-09-02 09:30:38.220,4.917,100
2020-09-02 09:30:38.220,4.917,100
2020-09-02 09:30:38.220,4.917,10000
2020-09-02 09:30:38.220,4.917,25000
2020-09-02 09:30:38.220,4.917,4600
2020-09-02 09:30:38.220,4.917,5000
2020-09-02 09:30:38.220,4.917,1000
2020-09-02 09:30:38.340,4.917,184300
2020-09-02 09:30:38.340,4.92,125700
2020-09-02 09:30:39.300,4.917,50000
2020-09-02 09:30:39.620,4.917,500
2020-09-02 09:30:39.620,4.917,17000
2020-09-02 09:30:40.740,4.917,1900
2020-09-02 09:30:41.350,4.917,20800
2020-09-02 09:30:42.190,4.916,300
2020-09-02 09:30:43.230,4.917,1000
2020-09-02 09:30:44.550,4.917,50000
2020-09-02 09:30:44.600,4.916,100
2020-09-02 09:30:44.640,4.916,1700
2020-09-02 09:30:44.640,4.916,6100
2020-09-02 09:30:44.640,4.916,100
2020-09-02 09:30:44.640,4.916,100
2020-09-02 09:30:44.640,4.916,2000
2020-09-02 09:30:44.820,4.915,1000
2020-09-02 09:30:45.770,4.915,1300
2020-09-02 09:30:46.720,4.915,200
2020-09-02 09:30:46.720,4.915,4800
2020-09-02 09:30:46.720,4.916,10000
2020-09-02 09:30:47.060,4.915,6900
2020-09-02 09:30:47.060,4.915,2000
2020-09-02 09:30:47.060,4.915,1100
2020-09-02 09:30:48.100,4.915,2000
2020-09-02 09:30:48.400,4.916,900
2020-09-02 09:30:48.400,4.916,100
2020-09-02 09:30:48.400,4.916,1300
2020-09-02 09:30:48.730,4.916,17700
2020-09-02 09:30:48.730,4.915,1200
2020-09-02 09:30:48.730,4.915,100000
2020-09-02 09:30:48.730,4.915,100
2020-09-02 09:30:48.730,4.915,10000
2020-09-02 09:30:48.730,4.915,20000
2020-09-02 09:30:48.730,4.915,1100
2020-09-02 09:30:49.940,4.915,100
2020-09-02 09:30:50.000,4.915,600
2020-09-02 09:30:50.410,4.915,100
2020-09-02 09:30:50.750,4.916,300000
2020-09-02 09:30:51.120,4.916,5000
2020-09-02 09:30:51.120,4.917,158800
2020-09-02 09:30:51.120,4.917,3000
2020-09-02 09:30:51.120,4.917,9400
2020-09-02 09:30:51.150,4.917,23800
2020-09-02 09:30:51.150,4.915,18200
2020-09-02 09:30:51.630,4.915,3700
2020-09-02 09:30:52.030,4.916,200
2020-09-02 09:30:52.030,4.915,5800
2020-09-02 09:30:52.030,4.915,5000
2020-09-02 09:30:53.490,4.916,100
2020-09-02 09:30:53.490,4.916,19900
2020-09-02 09:30:54.330,4.917,800
2020-09-02 09:30:54.450,4.917,3000
2020-09-02 09:30:54.650,4.919,5000
2020-09-02 09:30:54.650,4.919,900
2020-09-02 09:30:54.650,4.919,1100
2020-09-02 09:30:55.440,4.917,500
2020-09-02 09:30:55.510,4.917,15700
2020-09-02 09:30:55.510,4.916,100
2020-09-02 09:30:55.510,4.916,100
2020-09-02 09:30:55.510,4.916,200
2020-09-02 09:30:55.510,4.916,33900
2020-09-02 09:30:56.030,4.916,500
2020-09-02 09:30:56.270,4.916,50000
2020-09-02 09:30:56.300,4.916,6400
2020-09-02 09:30:56.880,4.916,1000
2020-09-02 09:30:57.160,4.916,53400
2020-09-02 09:30:57.160,4.916,112500
2020-09-02 09:30:57.510,4.915,2000
2020-09-02 09:30:58.360,4.915,5000
2020-09-02 09:30:58.680,4.915,500
2020-09-02 09:30:59.550,4.915,300
2020-09-02 09:31:00.290,4.916,26800
2020-09-02 09:31:00.520,4.915,200
2020-09-02 09:31:01.330,4.915,7400
2020-09-02 09:31:01.330,4.915,1000
2020-09-02 09:31:01.690,4.916,99900
2020-09-02 09:31:02.080,4.916,2000
2020-09-02 09:31:02.680,4.917,100
2020-09-02 09:31:02.680,4.916,100
2020-09-02 09:31:02.980,4.918,900
2020-09-02 09:31:04.160,4.916,10400
2020-09-02 09:31:04.160,4.916,11300
2020-09-02 09:31:04.770,4.918,26700
2020-09-02 09:31:04.970,4.916,10000
2020-09-02 09:31:05.960,4.916,6000
2020-09-02 09:31:06.070,4.916,2000
2020-09-02 09:31:06.170,4.916,23500
2020-09-02 09:31:06.170,4.916,100
2020-09-02 09:31:06.170,4.916,245000
2020-09-02 09:31:06.170,4.916,2000
2020-09-02 09:31:06.170,4.916,29400
2020-09-02 09:31:07.570,4.916,1500
2020-09-02 09:31:07.910,4.916,169100
2020-09-02 09:31:09.770,4.916,2200
2020-09-02 09:31:10.300,4.915,15000
2020-09-02 09:31:10.500,4.915,15000
2020-09-02 09:31:11.890,4.915,18000
2020-09-02 09:31:11.890,4.916,52000
2020-09-02 09:31:11.930,4.916,200
2020-09-02 09:31:12.120,4.916,53400
2020-09-02 09:31:12.120,4.916,23100
2020-09-02 09:31:12.120,4.916,89400
2020-09-02 09:31:12.310,4.916,2100
2020-09-02 09:31:12.570,4.916,4000
2020-09-02 09:31:12.730,4.915,3000
2020-09-02 09:31:12.760,4.916,100
2020-09-02 09:31:13.490,4.916,100
2020-09-02 09:31:13.520,4.916,3300
2020-09-02 09:31:14.190,4.916,5000
2020-09-02 09:31:15.330,4.915,48000
2020-09-02 09:31:15.330,4.915,5000
2020-09-02 09:31:15.330,4.915,200
2020-09-02 09:31:15.330,4.915,2300
2020-09-02 09:31:15.330,4.915,200
2020-09-02 09:31:15.330,4.915,2500
2020-09-02 09:31:15.330,4.915,100
2020-09-02 09:31:15.330,4.915,10700
2020-09-02 09:31:15.780,4.916,1800
2020-09-02 09:31:16.850,4.916,97500
2020-09-02 09:31:17.020,4.916,9000
2020-09-02 09:31:17.330,4.915,1000
2020-09-02 09:31:17.360,4.915,4100
2020-09-02 09:31:17.810,4.916,5000
2020-09-02 09:31:17.940,4.915,1000
2020-09-02 09:31:18.090,4.916,82700
2020-09-02 09:31:18.090,4.916,500
2020-09-02 09:31:18.090,4.916,2000
2020-09-02 09:31:18.090,4.916,1000
2020-09-02 09:31:18.160,4.916,2000
2020-09-02 09:31:18.160,4.915,600
2020-09-02 09:31:19.100,4.916,2200
2020-09-02 09:31:19.560,4.917,2000
2020-09-02 09:31:19.560,4.917,3400
2020-09-02 09:31:19.560,4.917,6200
2020-09-02 09:31:20.690,4.916,15200
2020-09-02 09:31:20.740,4.916,1700
2020-09-02 09:31:21.550,4.916,3000
2020-09-02 09:31:22.500,4.918,1000
2020-09-02 09:31:23.650,4.918,9000
2020-09-02 09:31:23.650,4.918,100
2020-09-02 09:31:23.650,4.918,6200
2020-09-02 09:31:23.790,4.916,6000
2020-09-02 09:31:23.820,4.918,200
2020-09-02 09:31:25.280,4.917,100
2020-09-02 09:31:25.280,4.917,700
2020-09-02 09:31:25.280,4.916,4200
2020-09-02 09:31:25.510,4.916,200
2020-09-02 09:31:25.800,4.918,2600
2020-09-02 09:31:25.800,4.919,8900
2020-09-02 09:31:25.800,4.919,1000
2020-09-02 09:31:25.800,4.919,200
2020-09-02 09:31:25.800,4.919,100
2020-09-02 09:31:25.800,4.919,15000
2020-09-02 09:31:25.800,4.919,2600
2020-09-02 09:31:26.340,4.918,200
2020-09-02 09:31:26.610,4.918,500
2020-09-02 09:31:27.720,4.919,200
2020-09-02 09:31:27.850,4.919,200
2020-09-02 09:31:28.600,4.918,9900
2020-09-02 09:31:28.690,4.918,200
2020-09-02 09:31:29.080,4.918,400
2020-09-02 09:31:29.380,4.918,100
2020-09-02 09:31:30.170,4.919,4500
2020-09-02 09:31:30.170,4.919,400
2020-09-02 09:31:30.170,4.919,6800
2020-09-02 09:31:31.080,4.918,10000
2020-09-02 09:31:32.510,4.918,600
2020-09-02 09:31:33.090,4.919,3200
2020-09-02 09:31:33.090,4.919,5000
2020-09-02 09:31:33.090,4.919,400
2020-09-02 09:31:33.640,4.92,5000
2020-09-02 09:31:33.760,4.92,100
2020-09-02 09:31:34.810,4.919,8100
2020-09-02 09:31:34.810,4.919,200
2020-09-02 09:31:37.780,4.919,17100
2020-09-02 09:31:37.840,4.919,1000
2020-09-02 09:31:37.840,4.92,2400
2020-09-02 09:31:37.840,4.92,1500
2020-09-02 09:31:37.840,4.92,100
2020-09-02 09:31:37.840,4.92,100
2020-09-02 09:31:37.840,4.92,5900
2020-09-02 09:31:39.480,4.92,7000
2020-09-02 09:31:40.040,4.919,5000
2020-09-02 09:31:42.090,4.92,7600
2020-09-02 09:31:42.090,4.92,20100
2020-09-02 09:31:42.650,4.92,100
2020-09-02 09:31:43.450,4.92,1100
2020-09-02 09:31:43.740,4.919,150900
2020-09-02 09:31:43.740,4.919,100
2020-09-02 09:31:43.940,4.92,28700
2020-09-02 09:31:43.940,4.92,4000
2020-09-02 09:31:43.940,4.92,100
2020-09-02 09:31:43.940,4.92,7800
2020-09-02 09:31:44.530,4.92,100
2020-09-02 09:31:45.480,4.92,500
2020-09-02 09:31:45.570,4.92,2000
2020-09-02 09:31:46.000,4.92,4500
2020-09-02 09:31:46.470,4.92,1000
2020-09-02 09:31:47.800,4.919,100
2020-09-02 09:31:47.800,4.919,1900
2020-09-02 09:31:48.210,4.92,40700
2020-09-02 09:31:49.380,4.92,400
2020-09-02 09:31:49.710,4.92,500
2020-09-02 09:31:49.740,4.92,2200
2020-09-02 09:31:49.930,4.919,3600
2020-09-02 09:31:50.150,4.92,2000
2020-09-02 09:31:50.620,4.919,8800
2020-09-02 09:31:50.620,4.919,500
2020-09-02 09:31:52.140,4.919,10500
2020-09-02 09:31:52.140,4.92,17000
2020-09-02 09:31:52.140,4.92,100
2020-09-02 09:31:52.140,4.92,500
2020-09-02 09:31:52.140,4.92,4100
2020-09-02 09:31:52.140,4.92,4000
2020-09-02 09:31:52.140,4.92,2000
2020-09-02 09:31:52.140,4.921,1600
2020-09-02 09:31:52.140,4.921,2000
2020-09-02 09:31:52.140,4.921,1000
2020-09-02 09:31:52.140,4.921,1000
2020-09-02 09:31:52.140,4.921,3000
2020-09-02 09:31:52.140,4.921,1000
2020-09-02 09:31:52.140,4.921,100
2020-09-02 09:31:52.140,4.921,1000
2020-09-02 09:31:52.140,4.921,40000
2020-09-02 09:31:52.140,4.921,11100
2020-09-02 09:31:52.940,4.92,3900
2020-09-02 09:31:53.060,4.92,1100
2020-09-02 09:31:53.060,4.92,8500
2020-09-02 09:31:53.320,4.92,16000
2020-09-02 09:31:53.780,4.92,200
2020-09-02 09:31:54.960,4.92,300
2020-09-02 09:31:55.270,4.92,1000
2020-09-02 09:31:55.850,4.92,27500
2020-09-02 09:31:55.850,4.92,3900
2020-09-02 09:31:55.850,4.92,8600
2020-09-02 09:31:56.150,4.922,7200
2020-09-02 09:31:56.150,4.922,200
2020-09-02 09:31:56.150,4.922,4400
2020-09-02 09:31:56.240,4.92,18400
2020-09-02 09:31:56.240,4.92,1500
2020-09-02 09:31:56.240,4.92,500
2020-09-02 09:31:57.190,4.92,50000
2020-09-02 09:31:59.020,4.919,10600
2020-09-02 09:31:59.020,4.919,1000
2020-09-02 09:31:59.020,4.919,3400
2020-09-02 09:31:59.630,4.919,100
2020-09-02 09:31:59.630,4.919,900
2020-09-02 09:32:01.060,4.918,300
2020-09-02 09:32:01.060,4.918,9000
2020-09-02 09:32:01.060,4.918,1000
2020-09-02 09:32:01.060,4.918,9700
2020-09-02 09:32:01.700,4.919,2200
2020-09-02 09:32:01.980,4.918,300
2020-09-02 09:32:01.980,4.918,4000
2020-09-02 09:32:01.980,4.918,90800
2020-09-02 09:32:01.980,4.918,10000
2020-09-02 09:32:03.270,4.918,2000
2020-09-02 09:32:03.580,4.919,600
2020-09-02 09:32:03.580,4.919,200
2020-09-02 09:32:03.580,4.919,4200
2020-09-02 09:32:05.390,4.917,100000
2020-09-02 09:32:05.390,4.917,1000
2020-09-02 09:32:05.390,4.917,100
2020-09-02 09:32:05.390,4.917,1500
2020-09-02 09:32:05.390,4.917,4000
2020-09-02 09:32:06.860,4.917,2300
2020-09-02 09:32:07.670,4.916,900
2020-09-02 09:32:08.180,4.917,3000
2020-09-02 09:32:09.400,4.916,66600
2020-09-02 09:32:09.400,4.916,100
2020-09-02 09:32:09.400,4.916,700
2020-09-02 09:32:09.400,4.916,11300
2020-09-02 09:32:09.400,4.916,15300
2020-09-02 09:32:09.400,4.916,100
2020-09-02 09:32:09.400,4.916,2400
2020-09-02 09:32:09.400,4.916,3000
2020-09-02 09:32:09.400,4.916,50600
2020-09-02 09:32:09.630,4.916,20000
2020-09-02 09:32:10.630,4.917,40000
2020-09-02 09:32:10.630,4.918,600
2020-09-02 09:32:12.040,4.916,17900
2020-09-02 09:32:12.070,4.916,15100
2020-09-02 09:32:12.070,4.916,100
2020-09-02 09:32:12.070,4.916,200
2020-09-02 09:32:12.070,4.916,1000
2020-09-02 09:32:12.070,4.916,100
2020-09-02 09:32:12.880,4.915,5000
2020-09-02 09:32:13.500,4.916,31000
2020-09-02 09:32:13.500,4.917,4200
2020-09-02 09:32:13.500,4.917,40000
2020-09-02 09:32:13.560,4.917,83500
2020-09-02 09:32:13.560,4.915,30600
2020-09-02 09:32:13.560,4.915,100
2020-09-02 09:32:13.560,4.915,1000
2020-09-02 09:32:13.560,4.915,300
2020-09-02 09:32:13.560,4.915,5000
2020-09-02 09:32:13.560,4.915,2500
2020-09-02 09:32:13.560,4.915,29100
2020-09-02 09:32:13.560,4.915,2200
2020-09-02 09:32:13.560,4.915,200
2020-09-02 09:32:13.560,4.915,10000
2020-09-02 09:32:13.740,4.914,9000
2020-09-02 09:32:13.740,4.914,3000
2020-09-02 09:32:13.740,4.914,5000
2020-09-02 09:32:13.740,4.914,5800
2020-09-02 09:32:13.740,4.914,50000
2020-09-02 09:32:13.740,4.914,10000
2020-09-02 09:32:14.650,4.914,10000
2020-09-02 09:32:16.420,4.913,1000
2020-09-02 09:32:16.420,4.913,20000
2020-09-02 09:32:16.420,4.913,200
2020-09-02 09:32:16.420,4.913,600
2020-09-02 09:32:16.420,4.913,400
2020-09-02 09:32:16.420,4.913,100
2020-09-02 09:32:16.420,4.913,2000
2020-09-02 09:32:16.420,4.913,300
2020-09-02 09:32:16.420,4.913,400
2020-09-02 09:32:16.420,4.913,50000
2020-09-02 09:32:16.420,4.913,10000
2020-09-02 09:32:16.420,4.913,300
2020-09-02 09:32:17.400,4.914,3000
2020-09-02 09:32:18.350,4.914,39600
2020-09-02 09:32:18.680,4.913,700
2020-09-02 09:32:18.960,4.913,1000
2020-09-02 09:32:19.420,4.912,11000
2020-09-02 09:32:19.420,4.912,100
2020-09-02 09:32:19.420,4.912,3000
2020-09-02 09:32:19.420,4.912,4000
2020-09-02 09:32:19.420,4.912,10000
2020-09-02 09:32:19.420,4.912,35000
2020-09-02 09:32:19.420,4.912,200
2020-09-02 09:32:19.420,4.912,200
2020-09-02 09:32:19.420,4.912,200000
2020-09-02 09:32:19.420,4.912,100
2020-09-02 09:32:20.560,4.912,5400
2020-09-02 09:32:22.130,4.912,10000
2020-09-02 09:32:22.700,4.912,1100
2020-09-02 09:32:22.970,4.911,600
2020-09-02 09:32:22.970,4.911,100
2020-09-02 09:32:22.970,4.911,5500
2020-09-02 09:32:22.970,4.911,1100
2020-09-02 09:32:22.970,4.911,3900
2020-09-02 09:32:22.970,4.911,10300
2020-09-02 09:32:22.970,4.911,9500
2020-09-02 09:32:22.970,4.911,1000
2020-09-02 09:32:23.150,4.912,200
2020-09-02 09:32:23.220,4.912,7000
2020-09-02 09:32:23.490,4.911,20000
2020-09-02 09:32:24.750,4.911,13000
2020-09-02 09:32:25.410,4.912,100
2020-09-02 09:32:25.750,4.911,26100
2020-09-02 09:32:25.750,4.911,3900
2020-09-02 09:32:25.750,4.911,5000
2020-09-02 09:32:26.020,4.911,5000
2020-09-02 09:32:26.020,4.912,12600
2020-09-02 09:32:26.020,4.912,182400
2020-09-02 09:32:28.140,4.911,1500
2020-09-02 09:32:28.570,4.912,7100
2020-09-02 09:32:28.570,4.912,200
2020-09-02 09:32:29.110,4.912,500
2020-09-02 09:32:29.300,4.912,4700
2020-09-02 09:32:29.510,4.912,900
2020-09-02 09:32:30.110,4.912,12200
2020-09-02 09:32:30.680,4.912,6000
2020-09-02 09:32:31.530,4.912,5000
2020-09-02 09:32:32.040,4.912,1200
2020-09-02 09:32:32.060,4.911,3000
2020-09-02 09:32:32.860,4.912,2000
2020-09-02 09:32:32.950,4.912,100
2020-09-02 09:32:33.210,4.912,6700
2020-09-02 09:32:33.210,4.912,1200
2020-09-02 09:32:33.320,4.913,900
2020-09-02 09:32:33.320,4.913,14100
2020-09-02 09:32:33.380,4.912,10000
2020-09-02 09:32:34.000,4.912,1000
2020-09-02 09:32:34.610,4.912,11100
2020-09-02 09:32:34.610,4.912,100
2020-09-02 09:32:34.610,4.912,153400
2020-09-02 09:32:35.660,4.912,500
2020-09-02 09:32:36.520,4.913,3700
2020-09-02 09:32:36.710,4.912,10300
2020-09-02 09:32:36.710,4.912,50000
2020-09-02 09:32:36.710,4.912,2200
2020-09-02 09:32:36.830,4.912,1000
2020-09-02 09:32:37.050,4.913,2000
2020-09-02 09:32:37.410,4.912,3600
2020-09-02 09:32:37.720,4.913,25400
2020-09-02 09:32:37.720,4.913,87100
2020-09-02 09:32:37.900,4.912,500
2020-09-02 09:32:37.980,4.912,100
2020-09-02 09:32:39.120,4.912,1900
2020-09-02 09:32:39.120,4.912,1200
2020-09-02 09:32:39.120,4.912,3000
2020-09-02 09:32:39.770,4.912,2000
2020-09-02 09:32:39.970,4.911,200
2020-09-02 09:32:39.970,4.911,8800
2020-09-02 09:32:40.150,4.912,5000
2020-09-02 09:32:40.940,4.912,25000
2020-09-02 09:32:41.210,4.912,2100
2020-09-02 09:32:41.450,4.912,400
2020-09-02 09:32:42.070,4.911,22000
2020-09-02 09:32:43.590,4.912,8000
2020-09-02 09:32:44.050,4.912,500
2020-09-02 09:32:44.430,4.912,3000
2020-09-02 09:32:44.490,4.911,3000
2020-09-02 09:32:45.590,4.911,16200
2020-09-02 09:32:45.590,4.911,100
2020-09-02 09:32:45.590,4.911,200
2020-09-02 09:32:45.590,4.911,186700
2020-09-02 09:32:45.740,4.912,21000
2020-09-02 09:32:45.740,4.912,4000
2020-09-02 09:32:45.740,4.912,300
2020-09-02 09:32:46.240,4.912,200
2020-09-02 09:32:46.990,4.912,4900
2020-09-02 09:32:47.160,4.912,3400
2020-09-02 09:32:48.280,4.913,2500
2020-09-02 09:32:48.810,4.912,10000
2020-09-02 09:32:49.470,4.913,10300
2020-09-02 09:32:49.470,4.913,2400
2020-09-02 09:32:49.470,4.913,200
2020-09-02 09:32:49.470,4.913,4000
2020-09-02 09:32:53.140,4.913,1000
2020-09-02 09:32:53.420,4.913,100
2020-09-02 09:32:54.990,4.913,12500
2020-09-02 09:32:54.990,4.913,1000
2020-09-02 09:32:54.990,4.912,6200
2020-09-02 09:32:54.990,4.912,31000
2020-09-02 09:32:54.990,4.912,45000
2020-09-02 09:32:54.990,4.912,10000
2020-09-02 09:32:54.990,4.911,13300
2020-09-02 09:32:54.990,4.911,200
2020-09-02 09:32:54.990,4.911,30900
2020-09-02 09:32:58.780,4.913,3000
2020-09-02 09:32:59.910,4.913,200
2020-09-02 09:33:00.250,4.913,1800
2020-09-02 09:33:00.250,4.913,1200
2020-09-02 09:33:00.670,4.915,1700
2020-09-02 09:33:00.970,4.913,300
2020-09-02 09:33:01.410,4.913,500
2020-09-02 09:33:02.450,4.914,1000
2020-09-02 09:33:02.610,4.914,2300
2020-09-02 09:33:02.760,4.914,900
2020-09-02 09:33:02.760,4.915,4300
2020-09-02 09:33:02.760,4.915,15000
2020-09-02 09:33:02.760,4.915,200
2020-09-02 09:33:02.760,4.915,5000
2020-09-02 09:33:02.760,4.915,4000
2020-09-02 09:33:02.760,4.915,10000
2020-09-02 09:33:02.760,4.915,5500
2020-09-02 09:33:02.760,4.915,5100
2020-09-02 09:33:03.420,4.913,10000
2020-09-02 09:33:03.770,4.915,900
2020-09-02 09:33:03.770,4.915,10000
2020-09-02 09:33:04.270,4.915,30000
2020-09-02 09:33:04.300,4.915,9100
2020-09-02 09:33:05.950,4.914,1000
2020-09-02 09:33:05.950,4.915,30900
2020-09-02 09:33:05.950,4.915,58100
2020-09-02 09:33:06.010,4.913,150100
2020-09-02 09:33:07.530,4.913,1900
2020-09-02 09:33:07.650,4.913,20000
2020-09-02 09:33:08.020,4.913,8000
2020-09-02 09:33:08.600,4.913,100
2020-09-02 09:33:09.390,4.913,8800
2020-09-02 09:33:09.390,4.913,8800
2020-09-02 09:33:10.770,4.915,200
2020-09-02 09:33:12.230,4.913,2000
2020-09-02 09:33:12.710,4.913,10000
2020-09-02 09:33:12.710,4.913,800
2020-09-02 09:33:13.240,4.915,1000
2020-09-02 09:33:15.960,4.915,1500
2020-09-02 09:33:16.200,4.915,200
2020-09-02 09:33:16.790,4.915,2000
2020-09-02 09:33:17.730,4.915,70000
2020-09-02 09:33:18.250,4.915,104900
2020-09-02 09:33:18.890,4.915,195100
2020-09-02 09:33:18.890,4.915,5000
2020-09-02 09:33:19.370,4.916,1000
2020-09-02 09:33:21.430,4.915,800
2020-09-02 09:33:22.630,4.914,5000
2020-09-02 09:33:22.720,4.914,10100
2020-09-02 09:33:23.680,4.915,31000
2020-09-02 09:33:23.880,4.915,100
2020-09-02 09:33:24.260,4.915,23200
2020-09-02 09:33:25.650,4.915,10000
2020-09-02 09:33:25.700,4.914,8000
2020-09-02 09:33:25.910,4.915,2200
2020-09-02 09:33:26.000,4.914,5000
2020-09-02 09:33:26.060,4.914,300
2020-09-02 09:33:26.080,4.915,9900
2020-09-02 09:33:26.460,4.915,200
2020-09-02 09:33:27.590,4.915,600
2020-09-02 09:33:28.840,4.915,10000
2020-09-02 09:33:29.080,4.915,2000
2020-09-02 09:33:29.080,4.915,100
2020-09-02 09:33:29.080,4.915,7900
2020-09-02 09:33:29.080,4.915,2000
2020-09-02 09:33:29.170,4.914,5000
2020-09-02 09:33:29.990,4.914,2500
2020-09-02 09:33:30.160,4.914,600
2020-09-02 09:33:30.770,4.915,200
2020-09-02 09:33:31.430,4.915,2000
2020-09-02 09:33:32.000,4.915,67100
2020-09-02 09:33:32.640,4.915,400
2020-09-02 09:33:33.030,4.914,6900
2020-09-02 09:33:33.030,4.914,16200
2020-09-02 09:33:33.310,4.915,300
2020-09-02 09:33:34.040,4.914,2200
2020-09-02 09:33:34.910,4.914,10000
2020-09-02 09:33:35.280,4.914,2100
2020-09-02 09:33:35.380,4.914,500
2020-09-02 09:33:36.290,4.914,100
2020-09-02 09:33:36.720,4.914,5100
2020-09-02 09:33:36.830,4.914,5000
2020-09-02 09:33:36.830,4.914,100
2020-09-02 09:33:37.010,4.914,10000
2020-09-02 09:33:38.560,4.914,100
2020-09-02 09:33:39.150,4.914,9800
2020-09-02 09:33:39.150,4.914,2000
2020-09-02 09:33:39.180,4.914,11000
2020-09-02 09:33:39.180,4.915,2200
2020-09-02 09:33:39.180,4.915,500
2020-09-02 09:33:39.180,4.915,2000
2020-09-02 09:33:39.180,4.915,1500
2020-09-02 09:33:39.560,4.915,10200
2020-09-02 09:33:39.560,4.915,10600
2020-09-02 09:33:39.560,4.915,2300
2020-09-02 09:33:39.560,4.915,200
2020-09-02 09:33:39.560,4.915,2000
2020-09-02 09:33:39.560,4.915,5400
2020-09-02 09:33:39.560,4.915,1100
2020-09-02 09:33:39.560,4.915,1200
2020-09-02 09:33:40.570,4.915,500
2020-09-02 09:33:40.570,4.913,1500
2020-09-02 09:33:41.100,4.914,100
2020-09-02 09:33:41.480,4.914,3200
2020-09-02 09:33:42.750,4.914,4700
2020-09-02 09:33:42.750,4.914,2100
2020-09-02 09:33:42.750,4.916,7000
2020-09-02 09:33:42.750,4.916,200
2020-09-02 09:33:42.750,4.916,100
2020-09-02 09:33:42.750,4.916,7200
2020-09-02 09:33:42.870,4.917,500
2020-09-02 09:33:42.900,4.917,500
2020-09-02 09:33:42.900,4.917,200
2020-09-02 09:33:42.900,4.917,5900
2020-09-02 09:33:42.900,4.917,3200
2020-09-02 09:33:42.900,4.917,5000
2020-09-02 09:33:43.380,4.917,6800
2020-09-02 09:33:44.370,4.917,300
2020-09-02 09:33:44.430,4.917,100
2020-09-02 09:33:44.920,4.917,28000
2020-09-02 09:33:45.560,4.916,100
2020-09-02 09:33:48.290,4.916,1000
2020-09-02 09:33:49.920,4.917,100
2020-09-02 09:33:50.650,4.916,2000
2020-09-02 09:33:50.750,4.916,1500
2020-09-02 09:33:52.360,4.916,5000
2020-09-02 09:33:54.540,4.916,1000
2020-09-02 09:33:55.380,4.917,1200
2020-09-02 09:33:56.020,4.917,5600
2020-09-02 09:33:57.060,4.917,20000
2020-09-02 09:33:57.770,4.917,4100
2020-09-02 09:33:57.770,4.917,5900
2020-09-02 09:34:00.370,4.917,4100
2020-09-02 09:34:00.370,4.917,30900
2020-09-02 09:34:00.370,4.917,2900
2020-09-02 09:34:00.370,4.917,200
2020-09-02 09:34:00.370,4.917,200
2020-09-02 09:34:00.370,4.917,14400
2020-09-02 09:34:00.590,4.917,7300
2020-09-02 09:34:03.930,4.917,5000
2020-09-02 09:34:04.850,4.917,95000
2020-09-02 09:34:05.000,4.917,107200
2020-09-02 09:34:05.000,4.917,19500
2020-09-02 09:34:05.450,4.917,78300
2020-09-02 09:34:05.450,4.916,1100
2020-09-02 09:34:05.450,4.916,2000
2020-09-02 09:34:05.450,4.916,1000
2020-09-02 09:34:05.450,4.916,2000
2020-09-02 09:34:05.450,4.916,17500
2020-09-02 09:34:06.470,4.916,2300
2020-09-02 09:34:07.190,4.916,6000
2020-09-02 09:34:08.020,4.916,100
2020-09-02 09:34:08.840,4.916,2000
2020-09-02 09:34:11.410,4.916,1000
2020-09-02 09:34:11.410,4.916,24900
2020-09-02 09:34:11.410,4.916,100000
2020-09-02 09:34:11.410,4.916,10000
2020-09-02 09:34:11.820,4.918,4400
2020-09-02 09:34:11.820,4.918,1800
2020-09-02 09:34:12.230,4.916,200
2020-09-02 09:34:12.290,4.917,1000
2020-09-02 09:34:12.290,4.916,4600
2020-09-02 09:34:13.940,4.916,1000
2020-09-02 09:34:14.120,4.918,18400
2020-09-02 09:34:14.120,4.918,1600
2020-09-02 09:34:15.560,4.918,1200
2020-09-02 09:34:16.440,4.918,2000
2020-09-02 09:34:16.440,4.918,1600
2020-09-02 09:34:16.440,4.918,300
2020-09-02 09:34:16.440,4.918,3800
2020-09-02 09:34:16.440,4.918,100
2020-09-02 09:34:16.440,4.918,5000
2020-09-02 09:34:16.440,4.918,10000
2020-09-02 09:34:16.440,4.918,12500
2020-09-02 09:34:19.190,4.918,4800
2020-09-02 09:34:19.560,4.918,6500
2020-09-02 09:34:19.620,4.918,6500
2020-09-02 09:34:19.680,4.918,10000
2020-09-02 09:34:19.770,4.918,300000
2020-09-02 09:34:21.140,4.918,33000
2020-09-02 09:34:21.230,4.918,300000
2020-09-02 09:34:21.260,4.918,17300
2020-09-02 09:34:21.260,4.918,800
2020-09-02 09:34:22.520,4.918,285800
2020-09-02 09:34:22.520,4.918,500
2020-09-02 09:34:23.160,4.916,200
2020-09-02 09:34:24.140,4.916,1900
2020-09-02 09:34:24.420,4.916,200
2020-09-02 09:34:25.340,4.916,156000
2020-09-02 09:34:25.340,4.916,100
2020-09-02 09:34:25.340,4.916,1000
2020-09-02 09:34:25.340,4.916,100
2020-09-02 09:34:25.340,4.916,100
2020-09-02 09:34:25.340,4.915,100
2020-09-02 09:34:25.340,4.915,10000
2020-09-02 09:34:25.340,4.915,2000
2020-09-02 09:34:25.340,4.915,30000
2020-09-02 09:34:25.340,4.915,5000
2020-09-02 09:34:25.340,4.915,4000
2020-09-02 09:34:25.340,4.915,100
2020-09-02 09:34:25.340,4.915,1000
2020-09-02 09:34:25.340,4.915,60000
2020-09-02 09:34:26.630,4.915,400
2020-09-02 09:34:26.760,4.915,400
2020-09-02 09:34:27.860,4.915,3000
2020-09-02 09:34:28.390,4.915,100
2020-09-02 09:34:29.500,4.915,5000
2020-09-02 09:34:30.280,4.915,82700
2020-09-02 09:34:30.280,4.915,1500
2020-09-02 09:34:31.480,4.916,100
2020-09-02 09:34:31.990,4.915,100
2020-09-02 09:34:32.100,4.916,4600
2020-09-02 09:34:32.920,4.915,15700
2020-09-02 09:34:32.920,4.915,5000
2020-09-02 09:34:32.920,4.914,22400
2020-09-02 09:34:32.920,4.914,100
2020-09-02 09:34:32.920,4.914,10000
2020-09-02 09:34:32.920,4.914,9000
2020-09-02 09:34:32.920,4.914,600
2020-09-02 09:34:32.920,4.914,300
2020-09-02 09:34:32.920,4.914,3000
2020-09-02 09:34:32.920,4.914,84000
2020-09-02 09:34:33.810,4.916,2000
2020-09-02 09:34:35.400,4.915,3000
2020-09-02 09:34:35.400,4.915,100
2020-09-02 09:34:35.400,4.914,8100
2020-09-02 09:34:35.610,4.914,400
2020-09-02 09:34:36.730,4.916,100
2020-09-02 09:34:38.740,4.916,500
2020-09-02 09:34:39.550,4.916,100
2020-09-02 09:34:40.440,4.915,2400
2020-09-02 09:34:43.820,4.915,1000
2020-09-02 09:34:44.060,4.915,2300
2020-09-02 09:34:44.060,4.915,1600
2020-09-02 09:34:44.060,4.915,8800
2020-09-02 09:34:44.060,4.914,7500
2020-09-02 09:34:44.060,4.914,29800
2020-09-02 09:34:44.480,4.914,5000
2020-09-02 09:34:45.700,4.915,30000
2020-09-02 09:34:46.140,4.915,100
2020-09-02 09:34:46.340,4.915,200
2020-09-02 09:34:46.570,4.915,269700
2020-09-02 09:34:46.570,4.915,22800
2020-09-02 09:34:46.570,4.916,207500
2020-09-02 09:34:47.360,4.914,1700
2020-09-02 09:34:48.200,4.914,5000
2020-09-02 09:34:48.610,4.915,200
2020-09-02 09:34:49.110,4.915,2300
2020-09-02 09:34:49.510,4.915,900
2020-09-02 09:34:49.940,4.915,2800
2020-09-02 09:34:49.940,4.915,1500
2020-09-02 09:34:49.940,4.914,2700
2020-09-02 09:34:52.140,4.915,6000
2020-09-02 09:34:52.530,4.916,1000
2020-09-02 09:34:52.970,4.916,10000
2020-09-02 09:34:53.280,4.915,200
2020-09-02 09:34:55.050,4.915,2200
2020-09-02 09:34:55.190,4.916,30000
2020-09-02 09:34:55.250,4.916,40000
2020-09-02 09:34:55.490,4.915,200
2020-09-02 09:34:56.690,4.916,30000
2020-09-02 09:34:56.720,4.916,30000
2020-09-02 09:34:56.720,4.916,100
2020-09-02 09:34:57.200,4.915,6000
2020-09-02 09:34:57.580,4.916,30000
2020-09-02 09:34:57.790,4.916,8300
2020-09-02 09:34:58.210,4.916,40000
2020-09-02 09:34:58.470,4.915,5000
2020-09-02 09:34:58.470,4.916,10000
2020-09-02 09:34:58.860,4.916,33000
2020-09-02 09:34:59.190,4.916,22700
2020-09-02 09:34:59.190,4.916,200
2020-09-02 09:34:59.190,4.916,7100
2020-09-02 09:34:59.540,4.915,2000
2020-09-02 09:34:59.680,4.916,3900
2020-09-02 09:34:59.680,4.916,2500
2020-09-02 09:35:00.350,4.916,2000
2020-09-02 09:35:00.620,4.917,1000
2020-09-02 09:35:01.120,4.916,100
2020-09-02 09:35:01.120,4.916,19900
2020-09-02 09:35:01.410,4.916,2000
2020-09-02 09:35:03.350,4.917,59000
2020-09-02 09:35:03.350,4.917,200
2020-09-02 09:35:03.350,4.917,240800
2020-09-02 09:35:04.750,4.916,2000
2020-09-02 09:35:04.840,4.916,600
2020-09-02 09:35:05.360,4.916,100
2020-09-02 09:35:07.410,4.917,10000
2020-09-02 09:35:07.470,4.917,149200
2020-09-02 09:35:08.530,4.917,100
2020-09-02 09:35:08.910,4.917,1000
2020-09-02 09:35:09.330,4.917,300
2020-09-02 09:35:11.330,4.917,1000
2020-09-02 09:35:11.860,4.917,5000
2020-09-02 09:35:12.390,4.917,10000
2020-09-02 09:35:16.780,4.917,7700
2020-09-02 09:35:16.780,4.917,10000
2020-09-02 09:35:16.780,4.917,10000
2020-09-02 09:35:16.780,4.917,100
2020-09-02 09:35:16.780,4.917,200
2020-09-02 09:35:17.730,4.916,300
2020-09-02 09:35:17.730,4.916,2000
2020-09-02 09:35:17.730,4.916,700
2020-09-02 09:35:21.930,4.916,600
2020-09-02 09:35:21.930,4.916,2000
2020-09-02 09:35:21.930,4.915,1000
2020-09-02 09:35:21.930,4.915,200
2020-09-02 09:35:21.930,4.915,100
2020-09-02 09:35:21.930,4.915,2000
2020-09-02 09:35:21.930,4.915,27100
2020-09-02 09:35:24.630,4.916,4200
2020-09-02 09:35:24.630,4.916,900
2020-09-02 09:35:25.190,4.916,1000
2020-09-02 09:35:25.490,4.917,1600
2020-09-02 09:35:26.100,4.917,1000
2020-09-02 09:35:26.460,4.917,200
2020-09-02 09:35:26.870,4.916,6100
2020-09-02 09:35:26.870,4.915,262700
2020-09-02 09:35:27.330,4.915,14200
2020-09-02 09:35:27.330,4.915,196000
2020-09-02 09:35:27.330,4.915,2000
2020-09-02 09:35:27.330,4.915,87800
2020-09-02 09:35:28.390,4.916,2700
2020-09-02 09:35:28.390,4.917,2300
2020-09-02 09:35:30.150,4.917,3000
2020-09-02 09:35:31.200,4.916,200
2020-09-02 09:35:31.560,4.916,200
2020-09-02 09:35:31.860,4.917,200
2020-09-02 09:35:31.860,4.917,2400
2020-09-02 09:35:32.040,4.916,2100
2020-09-02 09:35:32.640,4.917,900
2020-09-02 09:35:32.640,4.917,100
2020-09-02 09:35:32.640,4.917,1000
2020-09-02 09:35:34.130,4.917,10000
2020-09-02 09:35:37.010,4.916,49000
2020-09-02 09:35:37.010,4.916,10000
2020-09-02 09:35:37.010,4.915,7000
2020-09-02 09:35:37.390,4.916,1000
2020-09-02 09:35:37.390,4.915,4200
2020-09-02 09:35:41.860,4.917,8200
2020-09-02 09:35:41.860,4.917,22000
2020-09-02 09:35:41.860,4.917,200
2020-09-02 09:35:41.860,4.917,10000
2020-09-02 09:35:41.860,4.917,1600
2020-09-02 09:35:43.820,4.916,1000
2020-09-02 09:35:44.220,4.916,1400
2020-09-02 09:35:44.820,4.916,700
2020-09-02 09:35:44.970,4.916,100
2020-09-02 09:35:45.540,4.916,65300
2020-09-02 09:35:45.540,4.916,1000
2020-09-02 09:35:46.250,4.915,1000
2020-09-02 09:35:46.920,4.916,65000
2020-09-02 09:35:48.250,4.915,900
2020-09-02 09:35:48.250,4.915,100
2020-09-02 09:35:48.250,4.915,1000
2020-09-02 09:35:48.340,4.915,2000
2020-09-02 09:35:50.050,4.915,1000
2020-09-02 09:35:50.050,4.915,6100
2020-09-02 09:35:50.050,4.915,4900
2020-09-02 09:35:51.990,4.916,700
2020-09-02 09:35:52.110,4.916,1000
2020-09-02 09:35:53.250,4.915,3000
2020-09-02 09:35:54.530,4.915,13800
2020-09-02 09:35:55.020,4.916,300
2020-09-02 09:35:55.020,4.916,5700
2020-09-02 09:35:55.200,4.915,131200
2020-09-02 09:35:55.600,4.916,1000
2020-09-02 09:35:55.930,4.915,289900
2020-09-02 09:35:57.740,4.916,800
2020-09-02 09:35:57.740,4.916,1300
2020-09-02 09:35:57.800,4.915,900
2020-09-02 09:35:58.330,4.916,1700
2020-09-02 09:35:58.330,4.916,48300
2020-09-02 09:35:58.800,4.915,2500
2020-09-02 09:35:58.890,4.916,10000
2020-09-02 09:35:59.860,4.915,1000
2020-09-02 09:36:00.240,4.916,1700
2020-09-02 09:36:00.240,4.916,8300
2020-09-02 09:36:00.940,4.915,2100
2020-09-02 09:36:01.040,4.915,20000
2020-09-02 09:36:03.830,4.915,2000
2020-09-02 09:36:03.830,4.915,500
2020-09-02 09:36:03.950,4.915,1000
2020-09-02 09:36:04.090,4.916,3700
2020-09-02 09:36:04.570,4.915,27200
2020-09-02 09:36:04.570,4.915,100
2020-09-02 09:36:04.570,4.915,500
2020-09-02 09:36:04.570,4.915,17500
2020-09-02 09:36:05.110,4.916,13000
2020-09-02 09:36:05.110,4.916,200
2020-09-02 09:36:05.110,4.916,1000
2020-09-02 09:36:05.110,4.916,600
2020-09-02 09:36:05.110,4.916,2500
2020-09-02 09:36:05.110,4.916,1000
2020-09-02 09:36:05.240,4.915,15000
2020-09-02 09:36:05.790,4.915,100
2020-09-02 09:36:06.340,4.915,2100
2020-09-02 09:36:06.900,4.915,8300
2020-09-02 09:36:06.900,4.915,200
2020-09-02 09:36:06.900,4.915,17900
2020-09-02 09:36:06.900,4.915,400
2020-09-02 09:36:08.350,4.915,2000
2020-09-02 09:36:08.470,4.915,6700
2020-09-02 09:36:12.350,4.915,54200
2020-09-02 09:36:12.410,4.915,100
2020-09-02 09:36:12.620,4.915,10700
2020-09-02 09:36:12.620,4.915,1300
2020-09-02 09:36:12.620,4.915,1500
2020-09-02 09:36:12.620,4.915,5000
2020-09-02 09:36:12.620,4.915,100
2020-09-02 09:36:12.620,4.915,27200
2020-09-02 09:36:12.620,4.915,1900
2020-09-02 09:36:12.620,4.916,400
2020-09-02 09:36:12.620,4.916,1600
2020-09-02 09:36:13.360,4.916,1000
2020-09-02 09:36:14.850,4.917,500
2020-09-02 09:36:15.360,4.916,3000
2020-09-02 09:36:15.390,4.917,500
2020-09-02 09:36:15.390,4.917,200
2020-09-02 09:36:15.390,4.917,10000
2020-09-02 09:36:15.390,4.917,500
2020-09-02 09:36:15.390,4.917,800
2020-09-02 09:36:15.600,4.916,2000
2020-09-02 09:36:15.660,4.916,500
2020-09-02 09:36:17.320,4.916,1200
2020-09-02 09:36:17.530,4.916,8600
2020-09-02 09:36:17.530,4.916,40000
2020-09-02 09:36:17.530,4.916,90800
2020-09-02 09:36:17.640,4.917,4200
2020-09-02 09:36:17.640,4.917,5000
2020-09-02 09:36:17.640,4.917,5000
2020-09-02 09:36:17.640,4.917,4000
2020-09-02 09:36:17.640,4.917,1300
2020-09-02 09:36:17.640,4.917,16000
2020-09-02 09:36:17.640,4.917,2000
2020-09-02 09:36:18.360,4.917,11000
2020-09-02 09:36:18.480,4.918,900
2020-09-02 09:36:18.480,4.918,200
2020-09-02 09:36:18.480,4.918,3000
2020-09-02 09:36:18.480,4.918,200
2020-09-02 09:36:18.480,4.918,3000
2020-09-02 09:36:18.480,4.918,1500
2020-09-02 09:36:18.480,4.918,45200
2020-09-02 09:36:18.480,4.918,5000
2020-09-02 09:36:18.480,4.918,4000
2020-09-02 09:36:18.480,4.918,1000
2020-09-02 09:36:18.480,4.918,500
2020-09-02 09:36:18.480,4.918,5000
2020-09-02 09:36:18.480,4.918,10000
2020-09-02 09:36:18.480,4.918,6000
2020-09-02 09:36:18.480,4.918,10000
2020-09-02 09:36:18.480,4.918,30000
2020-09-02 09:36:18.480,4.918,100
2020-09-02 09:36:18.480,4.918,2300
2020-09-02 09:36:18.480,4.918,13200
2020-09-02 09:36:19.160,4.917,3000
2020-09-02 09:36:20.460,4.918,10000
2020-09-02 09:36:21.670,4.918,10200
2020-09-02 09:36:23.170,4.918,100
2020-09-02 09:36:24.790,4.918,100
2020-09-02 09:36:27.380,4.918,7200
2020-09-02 09:36:27.380,4.918,1000
2020-09-02 09:36:27.380,4.919,15000
2020-09-02 09:36:27.380,4.919,10000
2020-09-02 09:36:27.380,4.919,200
2020-09-02 09:36:27.380,4.919,3000
2020-09-02 09:36:27.380,4.919,5000
2020-09-02 09:36:27.380,4.919,10000
2020-09-02 09:36:27.380,4.919,200
2020-09-02 09:36:27.380,4.919,600
2020-09-02 09:36:27.380,4.919,1000
2020-09-02 09:36:27.380,4.919,2000
2020-09-02 09:36:27.380,4.919,30000
2020-09-02 09:36:27.380,4.919,6900
2020-09-02 09:36:28.210,4.918,500
2020-09-02 09:36:28.650,4.918,400
2020-09-02 09:36:28.900,4.919,10000
2020-09-02 09:36:29.300,4.919,100
2020-09-02 09:36:30.880,4.918,3500
2020-09-02 09:36:31.140,4.919,13000
2020-09-02 09:36:31.140,4.918,4500
2020-09-02 09:36:31.360,4.918,2000
2020-09-02 09:36:31.670,4.918,1500
2020-09-02 09:36:32.200,4.919,13200
2020-09-02 09:36:32.200,4.919,5000
2020-09-02 09:36:32.200,4.919,3800
2020-09-02 09:36:32.350,4.919,10000
2020-09-02 09:36:32.440,4.918,100
2020-09-02 09:36:33.570,4.919,1000
2020-09-02 09:36:33.790,4.919,100
2020-09-02 09:36:35.340,4.918,500
2020-09-02 09:36:36.730,4.919,5000
2020-09-02 09:36:37.640,4.919,2000
2020-09-02 09:36:41.330,4.919,3000
2020-09-02 09:36:42.700,4.918,2000
2020-09-02 09:36:43.030,4.919,5000
2020-09-02 09:36:43.360,4.918,3100
2020-09-02 09:36:43.360,4.918,6900
2020-09-02 09:36:43.640,4.918,200
2020-09-02 09:36:45.260,4.919,1000
2020-09-02 09:36:45.550,4.918,3700
2020-09-02 09:36:48.320,4.919,10000
2020-09-02 09:36:48.580,4.919,9100
2020-09-02 09:36:48.580,4.919,200
2020-09-02 09:36:48.580,4.919,700
2020-09-02 09:36:49.010,4.918,1000
2020-09-02 09:36:49.130,4.919,9300
2020-09-02 09:36:49.130,4.919,200
2020-09-02 09:36:52.580,4.919,2000
2020-09-02 09:36:52.890,4.92,1000
2020-09-02 09:36:52.890,4.92,300
2020-09-02 09:36:52.890,4.92,100
2020-09-02 09:36:52.890,4.92,2000
2020-09-02 09:36:52.890,4.92,6600
2020-09-02 09:36:54.650,4.919,1900
2020-09-02 09:36:54.650,4.919,1000
2020-09-02 09:36:54.650,4.919,1200
2020-09-02 09:36:54.650,4.919,5900
2020-09-02 09:36:55.740,4.92,93400
2020-09-02 09:36:55.740,4.92,300
2020-09-02 09:36:55.740,4.92,21000
2020-09-02 09:36:55.740,4.92,5000
2020-09-02 09:36:55.740,4.92,1700
2020-09-02 09:36:55.740,4.92,26700
2020-09-02 09:36:55.740,4.92,1300
2020-09-02 09:36:55.740,4.92,20000
2020-09-02 09:36:55.740,4.92,10000
2020-09-02 09:36:55.740,4.92,300
2020-09-02 09:36:55.740,4.92,2000
2020-09-02 09:36:55.740,4.92,1500
2020-09-02 09:36:55.740,4.92,3000
2020-09-02 09:36:55.740,4.92,100
2020-09-02 09:36:55.740,4.92,2500
2020-09-02 09:36:55.740,4.92,5000
2020-09-02 09:36:55.740,4.92,26500
2020-09-02 09:36:55.740,4.92,100
2020-09-02 09:36:55.740,4.92,500
2020-09-02 09:36:55.740,4.92,2000
2020-09-02 09:36:55.740,4.92,2000
2020-09-02 09:36:55.740,4.92,5000
2020-09-02 09:36:55.740,4.92,7200
2020-09-02 09:36:56.120,4.92,10000
2020-09-02 09:36:56.320,4.92,10000
2020-09-02 09:36:57.210,4.921,2000
2020-09-02 09:36:57.210,4.921,5800
2020-09-02 09:36:57.210,4.921,100
2020-09-02 09:36:57.210,4.921,2000
2020-09-02 09:36:57.210,4.921,100
2020-09-02 09:36:57.260,4.92,7000
2020-09-02 09:36:57.350,4.92,5000
2020-09-02 09:36:58.740,4.92,90000
2020-09-02 09:37:00.240,4.921,2000
2020-09-02 09:37:01.520,4.92,5300
2020-09-02 09:37:01.930,4.92,300
2020-09-02 09:37:03.180,4.921,1000
2020-09-02 09:37:05.570,4.92,30700
2020-09-02 09:37:05.700,4.921,1300
2020-09-02 09:37:05.880,4.92,100
2020-09-02 09:37:07.340,4.921,1800
2020-09-02 09:37:07.340,4.921,3200
2020-09-02 09:37:07.960,4.92,104500
2020-09-02 09:37:07.960,4.92,100
2020-09-02 09:37:07.960,4.92,600
2020-09-02 09:37:07.960,4.92,44900
2020-09-02 09:37:08.130,4.92,2000
2020-09-02 09:37:08.460,4.92,300
2020-09-02 09:37:08.720,4.921,5000
2020-09-02 09:37:09.570,4.921,500
2020-09-02 09:37:10.550,4.92,2800
2020-09-02 09:37:10.550,4.92,2100
2020-09-02 09:37:10.550,4.92,5000
2020-09-02 09:37:11.160,4.92,100
2020-09-02 09:37:11.160,4.92,700
2020-09-02 09:37:11.160,4.921,14400
2020-09-02 09:37:12.650,4.92,5000
2020-09-02 09:37:12.650,4.921,176900
2020-09-02 09:37:12.650,4.921,50000
2020-09-02 09:37:12.650,4.921,1000
2020-09-02 09:37:12.650,4.921,2000
2020-09-02 09:37:12.650,4.921,100
2020-09-02 09:37:12.650,4.921,1000
2020-09-02 09:37:12.800,4.921,1000
2020-09-02 09:37:12.990,4.921,2000
2020-09-02 09:37:14.060,4.921,10000
2020-09-02 09:37:15.620,4.921,2000
2020-09-02 09:37:16.080,4.921,23200
2020-09-02 09:37:16.080,4.921,2200
2020-09-02 09:37:16.080,4.921,4000
2020-09-02 09:37:16.080,4.921,1000
2020-09-02 09:37:16.170,4.921,200
2020-09-02 09:37:16.200,4.92,1000
2020-09-02 09:37:16.740,4.92,500
2020-09-02 09:37:18.070,4.92,2700
2020-09-02 09:37:18.070,4.92,100
2020-09-02 09:37:18.070,4.921,2500
2020-09-02 09:37:19.160,4.921,10000
2020-09-02 09:37:22.960,4.92,100
2020-09-02 09:37:23.160,4.92,1900
2020-09-02 09:37:23.160,4.921,3400
2020-09-02 09:37:25.460,4.921,5000
2020-09-02 09:37:26.130,4.92,300
2020-09-02 09:37:26.540,4.92,100
2020-09-02 09:37:26.560,4.921,15000
2020-09-02 09:37:27.480,4.92,100
2020-09-02 09:37:28.830,4.921,3000
2020-09-02 09:37:29.480,4.921,600
2020-09-02 09:37:30.700,4.921,100
2020-09-02 09:37:31.090,4.921,2700
2020-09-02 09:37:31.430,4.92,8800
2020-09-02 09:37:31.430,4.919,4100
2020-09-02 09:37:31.430,4.919,100
2020-09-02 09:37:31.430,4.919,100
2020-09-02 09:37:31.430,4.919,1000
2020-09-02 09:37:31.430,4.919,5000
2020-09-02 09:37:31.430,4.919,100
2020-09-02 09:37:31.430,4.919,2000
2020-09-02 09:37:31.430,4.919,10000
2020-09-02 09:37:31.430,4.919,100
2020-09-02 09:37:31.430,4.919,118800
2020-09-02 09:37:32.670,4.919,55000
2020-09-02 09:37:32.900,4.921,200
2020-09-02 09:37:32.900,4.921,200
2020-09-02 09:37:32.900,4.921,900
2020-09-02 09:37:32.900,4.921,300
2020-09-02 09:37:33.610,4.921,9700
2020-09-02 09:37:33.610,4.921,300
2020-09-02 09:37:34.780,4.92,20000
2020-09-02 09:37:34.780,4.92,1000
2020-09-02 09:37:34.780,4.921,8700
2020-09-02 09:37:35.280,4.92,100
2020-09-02 09:37:35.540,4.92,1000
2020-09-02 09:37:35.630,4.92,28900
2020-09-02 09:37:35.820,4.92,100
2020-09-02 09:37:35.940,4.92,2000
2020-09-02 09:37:36.030,4.92,100000
2020-09-02 09:37:37.230,4.92,3000
2020-09-02 09:37:37.230,4.921,7000
2020-09-02 09:37:38.130,4.921,7200
2020-09-02 09:37:38.350,4.919,5000
2020-09-02 09:37:38.970,4.921,2100
2020-09-02 09:37:39.540,4.92,5000
2020-09-02 09:37:39.880,4.919,900
2020-09-02 09:37:40.430,4.919,10000
2020-09-02 09:37:42.270,4.919,100
2020-09-02 09:37:42.890,4.919,10200
2020-09-02 09:37:42.890,4.918,48200
2020-09-02 09:37:42.890,4.918,6500
2020-09-02 09:37:42.890,4.918,100
2020-09-02 09:37:42.890,4.918,1600
2020-09-02 09:37:43.590,4.92,400
2020-09-02 09:37:44.490,4.92,1000
2020-09-02 09:37:45.260,4.919,5000
2020-09-02 09:37:45.610,4.919,200
2020-09-02 09:37:48.610,4.919,1000
2020-09-02 09:37:48.670,4.919,3800
2020-09-02 09:37:48.670,4.919,200
2020-09-02 09:37:48.670,4.919,200
2020-09-02 09:37:48.670,4.919,15800
2020-09-02 09:37:49.540,4.919,2000
2020-09-02 09:37:50.710,4.919,3000
2020-09-02 09:37:50.950,4.919,700
2020-09-02 09:37:51.180,4.918,3400
2020-09-02 09:37:51.180,4.918,1000
2020-09-02 09:37:51.180,4.918,1300
2020-09-02 09:37:51.180,4.918,7800
2020-09-02 09:37:52.360,4.918,2100
2020-09-02 09:37:53.160,4.917,5000
2020-09-02 09:37:53.940,4.918,5000
2020-09-02 09:37:54.740,4.918,30600
2020-09-02 09:37:54.740,4.919,2300
2020-09-02 09:37:55.480,4.919,5000
2020-09-02 09:37:57.840,4.919,3200
2020-09-02 09:37:57.840,4.919,10000
2020-09-02 09:37:57.840,4.919,400
2020-09-02 09:37:59.570,4.919,500
2020-09-02 09:37:59.680,4.918,2000
2020-09-02 09:37:59.680,4.918,100
2020-09-02 09:38:00.360,4.918,64800
2020-09-02 09:38:00.450,4.919,1000
2020-09-02 09:38:00.450,4.919,2000
2020-09-02 09:38:02.240,4.918,1000
2020-09-02 09:38:02.430,4.919,1700
2020-09-02 09:38:02.430,4.919,3000
2020-09-02 09:38:02.430,4.919,200
2020-09-02 09:38:02.680,4.919,3500
2020-09-02 09:38:04.390,4.918,1400
2020-09-02 09:38:04.770,4.918,400
2020-09-02 09:38:05.230,4.918,20000
2020-09-02 09:38:05.970,4.918,10300
2020-09-02 09:38:05.970,4.918,6100
2020-09-02 09:38:05.970,4.918,2000
2020-09-02 09:38:08.180,4.918,400
2020-09-02 09:38:08.180,4.918,19600
2020-09-02 09:38:08.270,4.918,10400
2020-09-02 09:38:08.420,4.918,100
2020-09-02 09:38:08.950,4.918,3000
2020-09-02 09:38:09.880,4.918,6500
2020-09-02 09:38:09.880,4.918,13500
2020-09-02 09:38:10.600,4.918,3000
2020-09-02 09:38:10.670,4.917,85000
2020-09-02 09:38:10.670,4.917,200000
2020-09-02 09:38:10.670,4.917,2500
2020-09-02 09:38:10.670,4.917,300
2020-09-02 09:38:10.670,4.917,3000
2020-09-02 09:38:11.350,4.917,3000
2020-09-02 09:38:12.170,4.917,4000
2020-09-02 09:38:13.670,4.917,500
2020-09-02 09:38:13.780,4.916,300
2020-09-02 09:38:13.780,4.916,4100
2020-09-02 09:38:13.780,4.916,1000
2020-09-02 09:38:13.780,4.916,600
2020-09-02 09:38:13.780,4.916,1000
2020-09-02 09:38:13.780,4.916,3000
2020-09-02 09:38:14.210,4.916,5000
2020-09-02 09:38:14.980,4.917,500
2020-09-02 09:38:15.820,4.917,100
2020-09-02 09:38:15.880,4.917,1100
2020-09-02 09:38:15.880,4.917,1400
2020-09-02 09:38:15.880,4.917,100
2020-09-02 09:38:15.880,4.918,400
2020-09-02 09:38:17.370,4.917,100
2020-09-02 09:38:19.420,4.916,56600
2020-09-02 09:38:20.300,4.916,1000
2020-09-02 09:38:20.710,4.917,500
2020-09-02 09:38:20.710,4.917,2300
2020-09-02 09:38:20.710,4.917,17200
2020-09-02 09:38:20.860,4.917,100
2020-09-02 09:38:21.150,4.917,100
2020-09-02 09:38:22.100,4.917,100
2020-09-02 09:38:22.850,4.916,1000
2020-09-02 09:38:23.290,4.917,1800
2020-09-02 09:38:23.290,4.918,200
2020-09-02 09:38:24.240,4.917,100
2020-09-02 09:38:24.240,4.916,133400
2020-09-02 09:38:24.240,4.916,100
2020-09-02 09:38:24.240,4.916,500
2020-09-02 09:38:24.240,4.916,20000
2020-09-02 09:38:25.160,4.916,1000
2020-09-02 09:38:26.900,4.916,144900
2020-09-02 09:38:28.580,4.918,4400
2020-09-02 09:38:28.580,4.918,5600
2020-09-02 09:38:31.310,4.917,5000
2020-09-02 09:38:31.340,4.917,10000
2020-09-02 09:38:32.140,4.917,700
2020-09-02 09:38:33.230,4.917,300
2020-09-02 09:38:33.950,4.917,100
2020-09-02 09:38:34.260,4.918,6100
2020-09-02 09:38:34.610,4.917,400
2020-09-02 09:38:34.610,4.917,300
2020-09-02 09:38:35.370,4.916,11000
2020-09-02 09:38:36.340,4.917,30000
2020-09-02 09:38:36.750,4.916,5000
2020-09-02 09:38:36.750,4.916,1000
2020-09-02 09:38:36.750,4.916,17300
2020-09-02 09:38:38.400,4.917,17400
2020-09-02 09:38:39.790,4.917,3100
2020-09-02 09:38:39.790,4.917,300
2020-09-02 09:38:39.790,4.917,500
2020-09-02 09:38:39.790,4.917,200
2020-09-02 09:38:39.790,4.917,1000
2020-09-02 09:38:39.790,4.917,2000
2020-09-02 09:38:40.140,4.917,1800
2020-09-02 09:38:40.620,4.917,1200
2020-09-02 09:38:42.170,4.916,5400
2020-09-02 09:38:42.170,4.916,5000
2020-09-02 09:38:42.170,4.916,10200
2020-09-02 09:38:42.170,4.916,5000
2020-09-02 09:38:42.170,4.915,100
2020-09-02 09:38:42.170,4.915,200
2020-09-02 09:38:42.170,4.915,3000
2020-09-02 09:38:42.170,4.915,5000
2020-09-02 09:38:42.170,4.915,10000
2020-09-02 09:38:42.170,4.915,5000
2020-09-02 09:38:42.170,4.915,81000
2020-09-02 09:38:42.340,4.917,1700
2020-09-02 09:38:45.030,4.916,2000
2020-09-02 09:38:45.030,4.916,1000
2020-09-02 09:38:45.950,4.916,1000
2020-09-02 09:38:46.530,4.917,400
2020-09-02 09:38:46.560,4.916,4000
2020-09-02 09:38:47.850,4.916,4000
2020-09-02 09:38:47.850,4.916,1000
2020-09-02 09:38:50.280,4.916,100
2020-09-02 09:38:50.280,4.916,1000
2020-09-02 09:38:50.280,4.915,19000
2020-09-02 09:38:50.280,4.915,1500
2020-09-02 09:38:50.280,4.915,6700
2020-09-02 09:38:52.860,4.916,500
2020-09-02 09:38:56.120,4.916,4500
2020-09-02 09:38:56.120,4.916,100
2020-09-02 09:38:57.430,4.916,1000
2020-09-02 09:38:57.520,4.916,1500
2020-09-02 09:38:59.660,4.915,400
2020-09-02 09:39:00.250,4.916,1000
2020-09-02 09:39:00.550,4.915,12900
2020-09-02 09:39:01.040,4.915,1000
2020-09-02 09:39:05.680,4.915,300
2020-09-02 09:39:05.910,4.914,5800
2020-09-02 09:39:05.910,4.914,1000
2020-09-02 09:39:05.910,4.914,2000
2020-09-02 09:39:05.910,4.914,5000
2020-09-02 09:39:05.910,4.914,76400
2020-09-02 09:39:06.540,4.915,600
2020-09-02 09:39:07.730,4.915,9900
2020-09-02 09:39:07.810,4.914,123600
2020-09-02 09:39:07.810,4.914,500
2020-09-02 09:39:07.810,4.914,100000
2020-09-02 09:39:07.810,4.914,4700
2020-09-02 09:39:07.810,4.914,10000
2020-09-02 09:39:07.810,4.914,200
2020-09-02 09:39:07.810,4.914,20000
2020-09-02 09:39:08.870,4.914,1000
2020-09-02 09:39:11.210,4.914,20000
2020-09-02 09:39:13.410,4.914,10000
2020-09-02 09:39:15.640,4.914,200
2020-09-02 09:39:16.840,4.914,7200
2020-09-02 09:39:16.960,4.914,2000
2020-09-02 09:39:17.440,4.913,10000
2020-09-02 09:39:17.440,4.913,100
2020-09-02 09:39:17.440,4.913,50900
2020-09-02 09:39:17.640,4.913,7600
2020-09-02 09:39:20.920,4.914,200
2020-09-02 09:39:22.370,4.913,142400
2020-09-02 09:39:22.370,4.913,5000
2020-09-02 09:39:22.370,4.913,200
2020-09-02 09:39:22.370,4.913,900
2020-09-02 09:39:22.370,4.913,5000
2020-09-02 09:39:22.370,4.913,100
2020-09-02 09:39:22.370,4.913,200
2020-09-02 09:39:22.370,4.913,100
2020-09-02 09:39:22.370,4.913,146100
2020-09-02 09:39:22.940,4.913,10100
2020-09-02 09:39:23.170,4.914,400
2020-09-02 09:39:23.170,4.914,200
2020-09-02 09:39:23.170,4.914,1400
2020-09-02 09:39:23.700,4.914,600
2020-09-02 09:39:23.700,4.914,400
2020-09-02 09:39:23.820,4.913,300
2020-09-02 09:39:23.920,4.914,2500
2020-09-02 09:39:25.130,4.913,1200
2020-09-02 09:39:25.270,4.913,8500
2020-09-02 09:39:25.270,4.912,900
2020-09-02 09:39:25.330,4.914,7100
2020-09-02 09:39:25.330,4.914,1000
2020-09-02 09:39:25.330,4.914,11900
2020-09-02 09:39:26.410,4.912,2500
2020-09-02 09:39:27.240,4.913,200
2020-09-02 09:39:27.390,4.913,500
2020-09-02 09:39:28.490,4.913,1500
2020-09-02 09:39:28.670,4.913,100
2020-09-02 09:39:29.140,4.913,100
2020-09-02 09:39:30.140,4.913,2600
2020-09-02 09:39:30.140,4.913,10000
2020-09-02 09:39:30.140,4.914,19400
2020-09-02 09:39:31.180,4.914,4000
2020-09-02 09:39:31.470,4.914,600
2020-09-02 09:39:31.910,4.913,10000
2020-09-02 09:39:33.060,4.912,7000
2020-09-02 09:39:35.560,4.913,3900
2020-09-02 09:39:36.670,4.913,100
2020-09-02 09:39:38.350,4.912,4000
2020-09-02 09:39:39.080,4.913,500
2020-09-02 09:39:39.200,4.912,200
2020-09-02 09:39:39.770,4.913,8000
2020-09-02 09:39:39.940,4.913,7500
2020-09-02 09:39:39.940,4.913,500
2020-09-02 09:39:39.940,4.913,20000
2020-09-02 09:39:39.940,4.913,200
2020-09-02 09:39:39.940,4.913,300
2020-09-02 09:39:40.060,4.914,1500
2020-09-02 09:39:40.060,4.914,4000
2020-09-02 09:39:41.310,4.913,2500
2020-09-02 09:39:41.520,4.913,11200
2020-09-02 09:39:41.820,4.914,600
2020-09-02 09:39:42.370,4.913,100
2020-09-02 09:39:42.850,4.913,1000
2020-09-02 09:39:44.870,4.914,1000
2020-09-02 09:39:45.330,4.913,500
2020-09-02 09:39:45.970,4.913,5000
2020-09-02 09:39:48.810,4.914,3000
2020-09-02 09:39:50.610,4.913,3600
2020-09-02 09:39:50.640,4.913,15000
2020-09-02 09:39:52.730,4.913,1200
2020-09-02 09:39:53.930,4.914,1300
2020-09-02 09:39:54.050,4.914,7800
2020-09-02 09:39:55.320,4.913,67900
2020-09-02 09:39:55.320,4.913,10000
2020-09-02 09:39:55.320,4.913,49000
2020-09-02 09:39:55.320,4.913,500
2020-09-02 09:39:55.320,4.913,100
2020-09-02 09:39:55.320,4.913,7200
2020-09-02 09:39:55.320,4.913,15300
2020-09-02 09:39:55.610,4.914,2300
2020-09-02 09:39:55.610,4.914,2700
2020-09-02 09:39:57.510,4.913,13300
2020-09-02 09:39:57.670,4.913,1000
2020-09-02 09:39:57.750,4.914,1400
2020-09-02 09:39:58.200,4.913,600
2020-09-02 09:40:00.060,4.914,8800
2020-09-02 09:40:00.060,4.914,3700
2020-09-02 09:40:00.060,4.914,500
2020-09-02 09:40:00.060,4.914,11300
2020-09-02 09:40:00.060,4.914,1000
2020-09-02 09:40:00.060,4.914,5000
2020-09-02 09:40:00.060,4.914,56600
2020-09-02 09:40:00.060,4.915,175300
2020-09-02 09:40:01.210,4.915,5200
2020-09-02 09:40:01.480,4.915,15000
2020-09-02 09:40:02.160,4.915,100
2020-09-02 09:40:02.410,4.915,13500
2020-09-02 09:40:02.410,4.914,700
2020-09-02 09:40:02.410,4.913,9800
2020-09-02 09:40:02.410,4.913,4600
2020-09-02 09:40:04.700,4.914,2600
2020-09-02 09:40:07.480,4.916,100
2020-09-02 09:40:09.430,4.914,5800
2020-09-02 09:40:10.450,4.915,200
2020-09-02 09:40:10.450,4.916,9900
2020-09-02 09:40:10.450,4.916,100
2020-09-02 09:40:10.450,4.916,100
2020-09-02 09:40:10.450,4.916,5000
2020-09-02 09:40:10.450,4.916,5500
2020-09-02 09:40:14.180,4.914,100
2020-09-02 09:40:15.250,4.915,1800
2020-09-02 09:40:15.250,4.915,100
2020-09-02 09:40:15.250,4.914,8100
2020-09-02 09:40:15.640,4.916,800
2020-09-02 09:40:16.850,4.916,100
2020-09-02 09:40:16.850,4.916,4600
2020-09-02 09:40:18.170,4.916,5000
2020-09-02 09:40:18.450,4.916,2000
2020-09-02 09:40:19.500,4.916,5000
2020-09-02 09:40:19.960,4.916,500
2020-09-02 09:40:21.150,4.916,2100
2020-09-02 09:40:22.930,4.917,300
2020-09-02 09:40:23.020,4.916,800
2020-09-02 09:40:23.020,4.916,1000
2020-09-02 09:40:23.020,4.916,400
2020-09-02 09:40:23.020,4.916,100
2020-09-02 09:40:23.020,4.916,700
2020-09-02 09:40:24.160,4.917,100
2020-09-02 09:40:28.370,4.917,100
2020-09-02 09:40:28.370,4.917,100
2020-09-02 09:40:29.930,4.917,4600
2020-09-02 09:40:31.830,4.916,8100
2020-09-02 09:40:31.830,4.917,900
2020-09-02 09:40:31.830,4.917,4400
2020-09-02 09:40:31.830,4.917,600
2020-09-02 09:40:32.490,4.917,300
2020-09-02 09:40:33.140,4.917,200
2020-09-02 09:40:33.200,4.916,3800
2020-09-02 09:40:33.720,4.916,1000
2020-09-02 09:40:34.070,4.917,400
2020-09-02 09:40:35.620,4.917,700
2020-09-02 09:40:35.620,4.917,300
2020-09-02 09:40:35.740,4.916,1700
2020-09-02 09:40:35.740,4.916,500
2020-09-02 09:40:37.530,4.917,200
2020-09-02 09:40:39.870,4.916,600
2020-09-02 09:40:41.230,4.916,1100
2020-09-02 09:40:41.230,4.916,900
2020-09-02 09:40:41.650,4.916,100
2020-09-02 09:40:45.150,4.917,4200
2020-09-02 09:40:45.150,4.917,1000
2020-09-02 09:40:45.150,4.917,300
2020-09-02 09:40:45.150,4.917,14000
2020-09-02 09:40:45.150,4.917,1000
2020-09-02 09:40:45.150,4.917,5000
2020-09-02 09:40:45.150,4.917,10000
2020-09-02 09:40:45.150,4.917,10200
2020-09-02 09:40:45.150,4.917,200
2020-09-02 09:40:45.150,4.917,1000
2020-09-02 09:40:45.150,4.917,10000
2020-09-02 09:40:45.150,4.917,5000
2020-09-02 09:40:45.150,4.917,3500
2020-09-02 09:40:46.810,4.916,500
2020-09-02 09:40:46.810,4.916,1000
2020-09-02 09:40:46.810,4.916,2400
2020-09-02 09:40:48.900,4.916,2500
2020-09-02 09:40:50.120,4.915,200
2020-09-02 09:40:50.120,4.915,3000
2020-09-02 09:40:50.120,4.915,2700
2020-09-02 09:40:50.120,4.914,10700
2020-09-02 09:40:50.120,4.914,7000
2020-09-02 09:40:50.120,4.914,1700
2020-09-02 09:40:50.120,4.914,74700
2020-09-02 09:40:52.470,4.916,1900
2020-09-02 09:40:53.000,4.915,16500
2020-09-02 09:40:55.630,4.914,75300
2020-09-02 09:40:55.630,4.914,500
2020-09-02 09:40:55.630,4.914,5000
2020-09-02 09:40:55.630,4.914,10000
2020-09-02 09:40:55.630,4.914,400
2020-09-02 09:40:55.630,4.914,1600
2020-09-02 09:40:55.630,4.914,200
2020-09-02 09:40:56.790,4.915,500
2020-09-02 09:40:59.320,4.913,15400
2020-09-02 09:40:59.320,4.913,10000
2020-09-02 09:40:59.320,4.913,100
2020-09-02 09:40:59.320,4.913,9100
2020-09-02 09:40:59.320,4.913,3000
2020-09-02 09:40:59.320,4.913,100000
2020-09-02 09:40:59.320,4.913,1500
2020-09-02 09:40:59.320,4.913,400
2020-09-02 09:40:59.320,4.913,500
2020-09-02 09:40:59.320,4.913,1000
2020-09-02 09:40:59.320,4.913,59000
2020-09-02 09:41:00.290,4.914,200
2020-09-02 09:41:00.590,4.914,100
2020-09-02 09:41:02.040,4.914,4700
2020-09-02 09:41:02.040,4.914,15300
2020-09-02 09:41:04.100,4.913,100
2020-09-02 09:41:04.100,4.914,6100
2020-09-02 09:41:06.610,4.912,185400
2020-09-02 09:41:06.610,4.912,100
2020-09-02 09:41:06.610,4.912,200
2020-09-02 09:41:06.610,4.912,1200
2020-09-02 09:41:06.610,4.912,1000
2020-09-02 09:41:06.610,4.912,100
2020-09-02 09:41:06.610,4.912,9000
2020-09-02 09:41:06.610,4.912,3000
2020-09-02 09:41:09.200,4.912,3800
2020-09-02 09:41:09.380,4.913,1800
2020-09-02 09:41:09.850,4.913,900
2020-09-02 09:41:10.820,4.912,14200
2020-09-02 09:41:10.820,4.912,300
2020-09-02 09:41:10.820,4.912,6900
2020-09-02 09:41:10.820,4.912,200
2020-09-02 09:41:10.820,4.912,500
2020-09-02 09:41:10.820,4.912,500
2020-09-02 09:41:10.820,4.912,400
2020-09-02 09:41:10.950,4.912,100
2020-09-02 09:41:12.480,4.912,100
2020-09-02 09:41:14.610,4.912,100
2020-09-02 09:41:15.120,4.912,26700
2020-09-02 09:41:15.120,4.913,10900
2020-09-02 09:41:15.730,4.912,2100
2020-09-02 09:41:15.730,4.913,4900
2020-09-02 09:41:16.970,4.912,2300
2020-09-02 09:41:17.540,4.911,1000
2020-09-02 09:41:18.380,4.911,2000
2020-09-02 09:41:19.580,4.912,5000
2020-09-02 09:41:20.930,4.911,6200
2020-09-02 09:41:21.280,4.911,200
2020-09-02 09:41:21.810,4.912,12700
2020-09-02 09:41:21.810,4.912,700
2020-09-02 09:41:21.810,4.913,1500
2020-09-02 09:41:21.810,4.913,1200
2020-09-02 09:41:21.810,4.913,100
2020-09-02 09:41:21.810,4.913,4500
2020-09-02 09:41:21.810,4.914,33300
2020-09-02 09:41:22.510,4.913,15800
2020-09-02 09:41:22.840,4.911,9700
2020-09-02 09:41:22.840,4.911,5000
2020-09-02 09:41:22.840,4.911,1000
2020-09-02 09:41:22.840,4.911,27600
2020-09-02 09:41:23.020,4.911,300
2020-09-02 09:41:23.230,4.912,1100
2020-09-02 09:41:23.230,4.913,1200
2020-09-02 09:41:23.710,4.911,2100
2020-09-02 09:41:23.710,4.911,2500
2020-09-02 09:41:23.710,4.911,3400
2020-09-02 09:41:23.710,4.911,700
2020-09-02 09:41:24.220,4.911,5900
2020-09-02 09:41:24.220,4.911,4100
2020-09-02 09:41:24.400,4.911,35900
2020-09-02 09:41:24.400,4.911,5000
2020-09-02 09:41:24.400,4.911,200
2020-09-02 09:41:24.400,4.911,2000
2020-09-02 09:41:24.400,4.911,100
2020-09-02 09:41:24.400,4.911,30000
2020-09-02 09:41:24.400,4.911,300
2020-09-02 09:41:24.400,4.911,2000
2020-09-02 09:41:24.400,4.911,1000
2020-09-02 09:41:24.400,4.911,1000
2020-09-02 09:41:24.400,4.911,26600
2020-09-02 09:41:24.400,4.911,2500
2020-09-02 09:41:24.820,4.911,5000
2020-09-02 09:41:25.370,4.911,1400
2020-09-02 09:41:26.810,4.911,100
2020-09-02 09:41:30.120,4.911,100
2020-09-02 09:41:30.670,4.911,10000
2020-09-02 09:41:30.730,4.911,5000
2020-09-02 09:41:30.870,4.911,500
2020-09-02 09:41:31.000,4.911,12000
2020-09-02 09:41:31.150,4.91,100
2020-09-02 09:41:31.150,4.91,400
2020-09-02 09:41:32.430,4.911,500
2020-09-02 09:41:32.430,4.911,400
2020-09-02 09:41:32.540,4.911,30000
2020-09-02 09:41:32.630,4.91,600
2020-09-02 09:41:32.630,4.91,100
2020-09-02 09:41:32.630,4.91,100
2020-09-02 09:41:32.630,4.91,100
2020-09-02 09:41:32.630,4.91,200
2020-09-02 09:41:32.630,4.91,2000
2020-09-02 09:41:32.630,4.91,1000
2020-09-02 09:41:32.630,4.91,500
2020-09-02 09:41:32.630,4.91,100
2020-09-02 09:41:32.630,4.91,1000
2020-09-02 09:41:32.630,4.91,600
2020-09-02 09:41:32.630,4.91,100
2020-09-02 09:41:32.630,4.91,700
2020-09-02 09:41:32.860,4.91,9300
2020-09-02 09:41:32.860,4.91,200
2020-09-02 09:41:32.860,4.91,100
2020-09-02 09:41:32.860,4.91,10800
2020-09-02 09:41:33.750,4.911,1000
2020-09-02 09:41:34.330,4.91,200
2020-09-02 09:41:34.330,4.91,2800
2020-09-02 09:41:34.750,4.911,100
2020-09-02 09:41:35.990,4.91,2000
2020-09-02 09:41:36.210,4.91,200
2020-09-02 09:41:36.210,4.91,1000
2020-09-02 09:41:36.210,4.91,100
2020-09-02 09:41:36.210,4.91,100
2020-09-02 09:41:36.210,4.91,100
2020-09-02 09:41:36.210,4.91,100
2020-09-02 09:41:36.210,4.91,100
2020-09-02 09:41:36.210,4.91,100
2020-09-02 09:41:36.210,4.91,100
2020-09-02 09:41:36.210,4.91,1000
2020-09-02 09:41:36.210,4.91,5800
2020-09-02 09:41:36.210,4.91,8000
2020-09-02 09:41:36.210,4.91,1300
2020-09-02 09:41:36.380,4.911,27300
2020-09-02 09:41:36.380,4.911,5000
2020-09-02 09:41:36.380,4.911,1000
2020-09-02 09:41:36.380,4.911,1400
2020-09-02 09:41:36.380,4.911,14500
2020-09-02 09:41:36.380,4.911,800
2020-09-02 09:41:36.380,4.911,1700
2020-09-02 09:41:36.380,4.911,4100
2020-09-02 09:41:36.380,4.911,2600
2020-09-02 09:41:36.380,4.911,100
2020-09-02 09:41:36.440,4.912,400
2020-09-02 09:41:36.440,4.912,1600
2020-09-02 09:41:36.770,4.911,60000
2020-09-02 09:41:38.450,4.911,31500
2020-09-02 09:41:38.770,4.911,100
2020-09-02 09:41:39.570,4.91,2000
2020-09-02 09:41:40.830,4.91,6700
2020-09-02 09:41:40.830,4.91,400
2020-09-02 09:41:41.820,4.911,300
2020-09-02 09:41:44.250,4.911,2000
2020-09-02 09:41:45.120,4.91,3800
2020-09-02 09:41:45.270,4.911,15400
2020-09-02 09:41:45.740,4.911,700
2020-09-02 09:41:45.740,4.911,10000
2020-09-02 09:41:46.340,4.911,1500
2020-09-02 09:41:46.340,4.911,2000
2020-09-02 09:41:46.340,4.91,3800
2020-09-02 09:41:46.340,4.91,1100
2020-09-02 09:41:46.340,4.91,1600
2020-09-02 09:41:46.630,4.912,2500
2020-09-02 09:41:47.070,4.912,25900
2020-09-02 09:41:47.070,4.912,1300
2020-09-02 09:41:47.070,4.912,600
2020-09-02 09:41:47.070,4.91,200
2020-09-02 09:41:47.070,4.91,700
2020-09-02 09:41:47.210,4.912,100
2020-09-02 09:41:49.330,4.912,1000
2020-09-02 09:41:52.240,4.911,2300
2020-09-02 09:41:52.240,4.911,1000
2020-09-02 09:41:52.240,4.91,1100
2020-09-02 09:41:52.240,4.91,2600
2020-09-02 09:41:52.270,4.912,9300
2020-09-02 09:41:52.270,4.912,5000
2020-09-02 09:41:52.270,4.912,19800
2020-09-02 09:41:52.270,4.912,20000
2020-09-02 09:41:52.700,4.912,2200
2020-09-02 09:41:54.920,4.912,5500
2020-09-02 09:41:55.250,4.912,200
2020-09-02 09:41:55.340,4.912,20000
2020-09-02 09:41:55.400,4.912,1900
2020-09-02 09:41:55.800,4.912,100
2020-09-02 09:41:56.060,4.912,1000
2020-09-02 09:41:56.400,4.912,5000
2020-09-02 09:41:57.790,4.912,400
2020-09-02 09:41:57.960,4.912,20000
2020-09-02 09:42:00.640,4.912,30000
2020-09-02 09:42:01.000,4.912,20000
2020-09-02 09:42:02.350,4.912,35900
2020-09-02 09:42:02.600,4.912,700
2020-09-02 09:42:02.600,4.912,100
2020-09-02 09:42:03.470,4.912,100
2020-09-02 09:42:05.450,4.912,16300
2020-09-02 09:42:07.450,4.912,10000
2020-09-02 09:42:08.860,4.912,18000
2020-09-02 09:42:09.480,4.913,100
2020-09-02 09:42:10.790,4.912,20000
2020-09-02 09:42:10.850,4.912,1900
2020-09-02 09:42:12.490,4.912,100
2020-09-02 09:42:12.550,4.912,4200
2020-09-02 09:42:13.380,4.912,10000
2020-09-02 09:42:14.330,4.913,400
2020-09-02 09:42:14.970,4.912,100
2020-09-02 09:42:15.620,4.912,300
2020-09-02 09:42:15.620,4.913,1700
2020-09-02 09:42:16.110,4.912,100
2020-09-02 09:42:16.140,4.912,400
2020-09-02 09:42:17.030,4.912,2000
2020-09-02 09:42:17.030,4.912,300
2020-09-02 09:42:17.030,4.913,7700
2020-09-02 09:42:18.460,4.913,1000
2020-09-02 09:42:19.340,4.911,1000
2020-09-02 09:42:19.340,4.911,200
2020-09-02 09:42:19.340,4.911,1300
2020-09-02 09:42:21.140,4.913,3000
2020-09-02 09:42:21.160,4.912,400
2020-09-02 09:42:21.160,4.912,1800
2020-09-02 09:42:21.260,4.913,1500
2020-09-02 09:42:22.140,4.913,100
2020-09-02 09:42:22.900,4.912,200
2020-09-02 09:42:22.900,4.912,300
2020-09-02 09:42:22.900,4.912,1600
2020-09-02 09:42:26.670,4.913,21100
2020-09-02 09:42:30.220,4.912,300
2020-09-02 09:42:30.370,4.912,8100
2020-09-02 09:42:30.370,4.912,300
2020-09-02 09:42:31.300,4.913,100
2020-09-02 09:42:31.990,4.912,29700
2020-09-02 09:42:31.990,4.912,1300
2020-09-02 09:42:33.040,4.913,4400
2020-09-02 09:42:33.250,4.913,1000
2020-09-02 09:42:34.080,4.912,4500
2020-09-02 09:42:34.400,4.913,1000
2020-09-02 09:42:37.260,4.912,7000
2020-09-02 09:42:37.700,4.913,3500
2020-09-02 09:42:39.550,4.913,23000
2020-09-02 09:42:40.600,4.913,100
2020-09-02 09:42:41.220,4.913,1000
2020-09-02 09:42:41.370,4.912,3000
2020-09-02 09:42:43.530,4.912,200
2020-09-02 09:42:44.010,4.912,10000
2020-09-02 09:42:44.540,4.912,5000
2020-09-02 09:42:47.440,4.912,9000
2020-09-02 09:42:47.440,4.912,200
2020-09-02 09:42:47.440,4.912,2000
2020-09-02 09:42:47.440,4.912,5000
2020-09-02 09:42:47.440,4.912,100
2020-09-02 09:42:47.440,4.912,5700
2020-09-02 09:42:50.570,4.912,44300
2020-09-02 09:42:50.570,4.912,200
2020-09-02 09:42:50.570,4.912,3700
2020-09-02 09:42:50.570,4.912,1800
2020-09-02 09:42:51.760,4.912,8200
2020-09-02 09:42:52.550,4.913,8000
2020-09-02 09:42:52.610,4.912,5000
2020-09-02 09:42:52.710,4.912,5900
2020-09-02 09:42:53.620,4.912,300
2020-09-02 09:42:54.980,4.912,2100
2020-09-02 09:42:55.210,4.912,4900
2020-09-02 09:42:55.720,4.913,3000
2020-09-02 09:42:55.960,4.912,29600
2020-09-02 09:42:56.050,4.913,100
2020-09-02 09:42:56.080,4.913,2000
2020-09-02 09:42:57.480,4.912,17700
2020-09-02 09:42:58.120,4.912,200
2020-09-02 09:42:58.540,4.912,24300
2020-09-02 09:42:58.540,4.912,5000
2020-09-02 09:42:58.540,4.912,2800
2020-09-02 09:42:58.540,4.912,10000
2020-09-02 09:42:58.540,4.912,900
2020-09-02 09:42:58.780,4.912,257000
2020-09-02 09:42:58.780,4.913,43000
2020-09-02 09:42:59.470,4.912,100
2020-09-02 09:43:01.050,4.912,100
2020-09-02 09:43:01.360,4.911,100
2020-09-02 09:43:01.390,4.912,9800
2020-09-02 09:43:01.390,4.912,17100
2020-09-02 09:43:02.000,4.912,100
2020-09-02 09:43:02.450,4.911,44400
2020-09-02 09:43:05.800,4.911,1000
2020-09-02 09:43:05.830,4.912,10000
2020-09-02 09:43:08.510,4.912,1200
2020-09-02 09:43:09.020,4.912,8800
2020-09-02 09:43:09.020,4.912,800
2020-09-02 09:43:09.020,4.912,3000
2020-09-02 09:43:09.020,4.912,1400
2020-09-02 09:43:09.020,4.912,4000
2020-09-02 09:43:09.020,4.912,1000
2020-09-02 09:43:09.020,4.912,1000
2020-09-02 09:43:09.020,4.912,8100
2020-09-02 09:43:11.540,4.911,10000
2020-09-02 09:43:12.790,4.911,2700
2020-09-02 09:43:13.370,4.911,20000
2020-09-02 09:43:18.260,4.912,100
2020-09-02 09:43:18.650,4.912,2000
2020-09-02 09:43:19.020,4.912,17900
2020-09-02 09:43:19.020,4.912,5000
2020-09-02 09:43:19.020,4.912,1000
2020-09-02 09:43:19.020,4.912,20900
2020-09-02 09:43:19.720,4.912,100
2020-09-02 09:43:21.040,4.911,50000
2020-09-02 09:43:21.610,4.911,18300
2020-09-02 09:43:24.000,4.911,1000
2020-09-02 09:43:24.590,4.911,100
2020-09-02 09:43:25.210,4.911,500
2020-09-02 09:43:26.070,4.911,26700
2020-09-02 09:43:27.190,4.912,400
2020-09-02 09:43:27.550,4.912,10000
2020-09-02 09:43:27.760,4.911,5000
2020-09-02 09:43:29.080,4.911,18900
2020-09-02 09:43:29.080,4.911,100
2020-09-02 09:43:29.080,4.911,300
2020-09-02 09:43:29.080,4.911,23900
2020-09-02 09:43:29.080,4.911,500
2020-09-02 09:43:29.080,4.911,2000
2020-09-02 09:43:29.080,4.911,1100
2020-09-02 09:43:29.310,4.911,8900
2020-09-02 09:43:29.310,4.911,2000
2020-09-02 09:43:29.310,4.911,100
2020-09-02 09:43:29.310,4.911,19000
2020-09-02 09:43:30.370,4.911,37800
2020-09-02 09:43:31.110,4.912,4000
2020-09-02 09:43:32.210,4.911,2000
2020-09-02 09:43:32.910,4.911,2500
2020-09-02 09:43:33.370,4.911,5000
2020-09-02 09:43:33.400,4.912,100
2020-09-02 09:43:33.400,4.912,100
2020-09-02 09:43:33.800,4.912,400
2020-09-02 09:43:34.280,4.912,600
2020-09-02 09:43:34.280,4.913,400
2020-09-02 09:43:34.690,4.911,1000
2020-09-02 09:43:34.950,4.911,2000
2020-09-02 09:43:35.910,4.911,10000
2020-09-02 09:43:36.650,4.911,10000
2020-09-02 09:43:37.670,4.911,1500
2020-09-02 09:43:39.010,4.911,5700
2020-09-02 09:43:40.740,4.911,500
2020-09-02 09:43:40.940,4.911,3000
2020-09-02 09:43:40.940,4.911,400
2020-09-02 09:43:40.940,4.911,100
2020-09-02 09:43:40.940,4.911,10000
2020-09-02 09:43:40.940,4.911,5400
2020-09-02 09:43:41.910,4.911,900
2020-09-02 09:43:42.060,4.911,23700
2020-09-02 09:43:42.060,4.911,1200
2020-09-02 09:43:42.060,4.911,100
2020-09-02 09:43:42.140,4.911,100
2020-09-02 09:43:42.140,4.911,900
2020-09-02 09:43:43.240,4.912,5000
2020-09-02 09:43:45.260,4.912,1900
2020-09-02 09:43:45.490,4.912,3100
2020-09-02 09:43:45.490,4.912,3600
2020-09-02 09:43:45.490,4.912,5000
2020-09-02 09:43:45.490,4.913,172800
2020-09-02 09:43:45.490,4.913,10000
2020-09-02 09:43:45.490,4.913,300
2020-09-02 09:43:45.490,4.913,200
2020-09-02 09:43:45.490,4.913,200
2020-09-02 09:43:45.490,4.913,2000
2020-09-02 09:43:45.490,4.913,200
2020-09-02 09:43:45.490,4.913,100
2020-09-02 09:43:45.490,4.913,300
2020-09-02 09:43:45.490,4.913,16000
2020-09-02 09:43:45.490,4.913,69000
2020-09-02 09:43:45.490,4.913,3000
2020-09-02 09:43:46.330,4.913,500
2020-09-02 09:43:48.560,4.913,4000
2020-09-02 09:43:48.990,4.913,150100
2020-09-02 09:43:49.550,4.913,159600
2020-09-02 09:43:51.550,4.912,800
2020-09-02 09:43:52.290,4.912,5000
2020-09-02 09:43:52.660,4.912,5000
2020-09-02 09:43:53.200,4.913,10000
2020-09-02 09:43:59.070,4.912,2100
2020-09-02 09:43:59.830,4.913,1800
2020-09-02 09:44:01.660,4.912,800
2020-09-02 09:44:01.960,4.913,16300
2020-09-02 09:44:01.960,4.913,2000
2020-09-02 09:44:01.960,4.913,200
2020-09-02 09:44:01.960,4.913,1600
2020-09-02 09:44:01.960,4.913,500
2020-09-02 09:44:02.230,4.913,300
2020-09-02 09:44:03.650,4.913,100
2020-09-02 09:44:05.110,4.912,5000
2020-09-02 09:44:05.500,4.913,200
2020-09-02 09:44:06.670,4.912,900
2020-09-02 09:44:07.580,4.912,2300
2020-09-02 09:44:07.910,4.913,100
2020-09-02 09:44:07.910,4.912,3000
2020-09-02 09:44:10.990,4.912,100
2020-09-02 09:44:12.650,4.912,2500
2020-09-02 09:44:13.030,4.913,1200
2020-09-02 09:44:13.030,4.913,5000
2020-09-02 09:44:13.220,4.913,32800
2020-09-02 09:44:15.400,4.914,1600
2020-09-02 09:44:15.400,4.914,18300
2020-09-02 09:44:15.400,4.914,5000
2020-09-02 09:44:15.400,4.914,8100
2020-09-02 09:44:16.740,4.913,1100
2020-09-02 09:44:16.740,4.913,10000
2020-09-02 09:44:16.740,4.913,22700
2020-09-02 09:44:17.330,4.913,67300
2020-09-02 09:44:17.330,4.912,2500
2020-09-02 09:44:17.330,4.912,100
2020-09-02 09:44:17.330,4.912,200
2020-09-02 09:44:17.330,4.912,2100
2020-09-02 09:44:17.330,4.912,100
2020-09-02 09:44:17.330,4.912,37600
2020-09-02 09:44:17.470,4.912,200
2020-09-02 09:44:20.950,4.913,400
2020-09-02 09:44:20.950,4.913,1600
2020-09-02 09:44:21.290,4.913,400
2020-09-02 09:44:21.710,4.913,200
2020-09-02 09:44:22.010,4.913,200
2020-09-02 09:44:22.960,4.913,4200
2020-09-02 09:44:22.960,4.914,6900
2020-09-02 09:44:22.960,4.914,20400
2020-09-02 09:44:22.960,4.915,600
2020-09-02 09:44:23.180,4.915,109800
2020-09-02 09:44:27.870,4.915,41100
2020-09-02 09:44:29.110,4.914,1000
2020-09-02 09:44:31.350,4.913,500
2020-09-02 09:44:32.960,4.913,1000
2020-09-02 09:44:34.220,4.915,1300
2020-09-02 09:44:34.820,4.914,5000
2020-09-02 09:44:34.820,4.913,500
2020-09-02 09:44:34.820,4.913,100
2020-09-02 09:44:36.720,4.913,1000
2020-09-02 09:44:37.400,4.912,12200
2020-09-02 09:44:37.400,4.912,300
2020-09-02 09:44:37.400,4.912,3000
2020-09-02 09:44:37.400,4.912,10000
2020-09-02 09:44:37.400,4.912,1500
2020-09-02 09:44:37.400,4.911,200
2020-09-02 09:44:37.400,4.911,2500
2020-09-02 09:44:37.400,4.911,2000
2020-09-02 09:44:37.400,4.911,800
2020-09-02 09:44:37.400,4.911,100
2020-09-02 09:44:37.400,4.911,24000
2020-09-02 09:44:37.400,4.911,100
2020-09-02 09:44:37.400,4.911,39700
2020-09-02 09:44:37.400,4.911,53700
2020-09-02 09:44:38.870,4.913,1000
2020-09-02 09:44:39.880,4.913,100
2020-09-02 09:44:40.710,4.912,100
2020-09-02 09:44:40.710,4.912,2900
2020-09-02 09:44:41.990,4.912,6200
2020-09-02 09:44:43.540,4.912,100
2020-09-02 09:44:44.910,4.912,200
2020-09-02 09:44:46.010,4.911,4900
2020-09-02 09:44:46.010,4.912,500
2020-09-02 09:44:46.910,4.912,1600
2020-09-02 09:44:48.000,4.911,6200
2020-09-02 09:44:48.200,4.911,35200
2020-09-02 09:44:48.200,4.911,15200
2020-09-02 09:44:48.200,4.911,6200
2020-09-02 09:44:48.200,4.911,5900
2020-09-02 09:44:48.200,4.911,100000
2020-09-02 09:44:48.200,4.911,10000
2020-09-02 09:44:48.460,4.91,3700
2020-09-02 09:44:48.460,4.91,15000
2020-09-02 09:44:48.460,4.91,100
2020-09-02 09:44:48.460,4.91,200
2020-09-02 09:44:48.460,4.91,5200
2020-09-02 09:44:48.460,4.91,1200
2020-09-02 09:44:48.460,4.91,100
2020-09-02 09:44:48.460,4.91,200
2020-09-02 09:44:48.460,4.91,19200
2020-09-02 09:44:48.460,4.91,200
2020-09-02 09:44:48.460,4.91,400
2020-09-02 09:44:48.460,4.91,500
2020-09-02 09:44:48.460,4.91,10000
2020-09-02 09:44:48.460,4.91,2200
2020-09-02 09:44:48.460,4.91,100
2020-09-02 09:44:48.460,4.91,500
2020-09-02 09:44:48.460,4.91,100
2020-09-02 09:44:48.460,4.91,2100
2020-09-02 09:44:48.460,4.91,40000
2020-09-02 09:44:48.460,4.91,200
2020-09-02 09:44:48.460,4.91,300
2020-09-02 09:44:48.460,4.91,100
2020-09-02 09:44:48.460,4.91,3000
2020-09-02 09:44:48.460,4.91,1000
2020-09-02 09:44:48.460,4.91,200
2020-09-02 09:44:48.460,4.91,2100
2020-09-02 09:44:48.460,4.91,5000
2020-09-02 09:44:48.460,4.91,37200
2020-09-02 09:44:49.830,4.911,2000
2020-09-02 09:44:49.870,4.911,100
2020-09-02 09:44:50.090,4.91,12800
2020-09-02 09:44:50.090,4.91,5800
2020-09-02 09:44:50.090,4.91,2500
2020-09-02 09:44:50.090,4.91,10000
2020-09-02 09:44:50.090,4.91,1000
2020-09-02 09:44:50.090,4.91,3000
2020-09-02 09:44:50.090,4.91,1700
2020-09-02 09:44:50.090,4.91,2000
2020-09-02 09:44:50.090,4.91,1000
2020-09-02 09:44:50.090,4.91,2000
2020-09-02 09:44:50.090,4.91,1400
2020-09-02 09:44:50.090,4.91,2500
2020-09-02 09:44:50.090,4.91,100
2020-09-02 09:44:50.090,4.91,1500
2020-09-02 09:44:50.090,4.91,100
2020-09-02 09:44:50.090,4.91,500
2020-09-02 09:44:50.090,4.91,4000
2020-09-02 09:44:50.090,4.91,1000
2020-09-02 09:44:50.090,4.91,2000
2020-09-02 09:44:50.090,4.91,40000
2020-09-02 09:44:50.090,4.91,200
2020-09-02 09:44:50.090,4.91,700
2020-09-02 09:44:50.090,4.91,5000
2020-09-02 09:44:50.090,4.91,500
2020-09-02 09:44:50.780,4.909,100
2020-09-02 09:44:50.780,4.909,100
2020-09-02 09:44:50.780,4.909,100
2020-09-02 09:44:50.780,4.909,100
2020-09-02 09:44:50.780,4.909,2200
2020-09-02 09:44:50.780,4.909,100
2020-09-02 09:44:50.780,4.909,100
2020-09-02 09:44:50.780,4.909,100
2020-09-02 09:44:50.780,4.909,100
2020-09-02 09:44:50.780,4.909,300
2020-09-02 09:44:50.780,4.909,200
2020-09-02 09:44:50.780,4.909,500
2020-09-02 09:44:50.780,4.909,800
2020-09-02 09:44:50.780,4.909,100
2020-09-02 09:44:50.780,4.909,2000
2020-09-02 09:44:50.780,4.909,300
2020-09-02 09:44:50.780,4.909,100
2020-09-02 09:44:50.780,4.909,400
2020-09-02 09:44:50.780,4.909,1600
2020-09-02 09:44:50.780,4.909,200
2020-09-02 09:44:50.780,4.909,100
2020-09-02 09:44:50.780,4.909,200
2020-09-02 09:44:50.780,4.909,500
2020-09-02 09:44:50.780,4.909,2700
2020-09-02 09:44:50.780,4.909,200
2020-09-02 09:44:50.780,4.909,400
2020-09-02 09:44:50.780,4.909,100
2020-09-02 09:44:50.780,4.909,100
2020-09-02 09:44:50.780,4.909,200
2020-09-02 09:44:50.780,4.909,500
2020-09-02 09:44:50.780,4.909,1000
2020-09-02 09:44:50.780,4.909,200
2020-09-02 09:44:50.780,4.909,1600
2020-09-02 09:44:50.780,4.909,1000
2020-09-02 09:44:50.780,4.909,10000
2020-09-02 09:44:50.780,4.909,4700
2020-09-02 09:44:51.820,4.91,9200
2020-09-02 09:44:53.530,4.91,5000
2020-09-02 09:44:54.240,4.91,3000
2020-09-02 09:44:54.380,4.91,100
2020-09-02 09:44:58.340,4.91,100
2020-09-02 09:44:58.820,4.909,2200
2020-09-02 09:44:59.560,4.909,15400
2020-09-02 09:44:59.560,4.91,181300
2020-09-02 09:44:59.850,4.91,18700
2020-09-02 09:44:59.850,4.909,200
2020-09-02 09:44:59.850,4.909,100
2020-09-02 09:44:59.850,4.909,100
2020-09-02 09:44:59.850,4.909,1000
2020-09-02 09:44:59.850,4.909,1000
2020-09-02 09:44:59.850,4.909,2300
2020-09-02 09:44:59.850,4.909,100
2020-09-02 09:44:59.850,4.909,100
2020-09-02 09:44:59.850,4.909,100
2020-09-02 09:44:59.850,4.909,100
2020-09-02 09:44:59.850,4.909,400
2020-09-02 09:44:59.850,4.909,400
2020-09-02 09:44:59.850,4.909,100
2020-09-02 09:44:59.850,4.909,1000
2020-09-02 09:44:59.850,4.909,39200
2020-09-02 09:45:02.070,4.911,100
2020-09-02 09:45:02.480,4.91,1000
2020-09-02 09:45:02.480,4.909,8300
2020-09-02 09:45:03.970,4.91,100
2020-09-02 09:45:03.970,4.91,100
2020-09-02 09:45:05.090,4.91,100
2020-09-02 09:45:05.090,4.909,9900
2020-09-02 09:45:07.260,4.909,1400
2020-09-02 09:45:07.260,4.909,500
2020-09-02 09:45:07.260,4.909,600
2020-09-02 09:45:07.260,4.909,2500
2020-09-02 09:45:07.530,4.91,2000
2020-09-02 09:45:07.530,4.91,100
2020-09-02 09:45:07.530,4.91,100
2020-09-02 09:45:08.210,4.91,900
2020-09-02 09:45:11.110,4.91,6900
2020-09-02 09:45:12.080,4.909,300
2020-09-02 09:45:14.320,4.91,2000
2020-09-02 09:45:15.620,4.909,7200
2020-09-02 09:45:15.620,4.909,200
2020-09-02 09:45:15.620,4.909,500
2020-09-02 09:45:15.620,4.909,200
2020-09-02 09:45:15.620,4.909,500
2020-09-02 09:45:15.620,4.909,45000
2020-09-02 09:45:15.620,4.909,1000
2020-09-02 09:45:15.620,4.909,1000
2020-09-02 09:45:15.620,4.909,10000
2020-09-02 09:45:15.620,4.909,2000
2020-09-02 09:45:15.620,4.909,200
2020-09-02 09:45:15.620,4.909,100
2020-09-02 09:45:15.620,4.909,100
2020-09-02 09:45:15.620,4.909,300
2020-09-02 09:45:15.620,4.909,15600
2020-09-02 09:45:15.620,4.909,10000
2020-09-02 09:45:16.190,4.909,5000
2020-09-02 09:45:18.110,4.909,6800
2020-09-02 09:45:19.170,4.909,100
2020-09-02 09:45:21.050,4.909,5000
2020-09-02 09:45:22.470,4.909,300
2020-09-02 09:45:22.850,4.909,9700
2020-09-02 09:45:22.850,4.909,100
2020-09-02 09:45:22.920,4.909,45300
2020-09-02 09:45:23.000,4.909,12100
2020-09-02 09:45:23.160,4.909,10000
2020-09-02 09:45:23.960,4.909,20400
2020-09-02 09:45:25.290,4.909,200
2020-09-02 09:45:25.380,4.909,100
2020-09-02 09:45:25.520,4.909,2100
2020-09-02 09:45:25.520,4.909,1000
2020-09-02 09:45:25.520,4.908,300
2020-09-02 09:45:25.520,4.908,100
2020-09-02 09:45:25.520,4.908,100
2020-09-02 09:45:25.520,4.908,200
2020-09-02 09:45:25.520,4.908,800
2020-09-02 09:45:25.520,4.908,500
2020-09-02 09:45:25.520,4.908,300
2020-09-02 09:45:25.520,4.908,1200
2020-09-02 09:45:25.520,4.908,6100
2020-09-02 09:45:25.520,4.908,100
2020-09-02 09:45:25.520,4.908,100
2020-09-02 09:45:25.520,4.908,700
2020-09-02 09:45:25.520,4.908,100
2020-09-02 09:45:25.520,4.908,400
2020-09-02 09:45:25.520,4.908,1100
2020-09-02 09:45:25.520,4.908,100
2020-09-02 09:45:25.520,4.908,4000
2020-09-02 09:45:25.520,4.908,1000
2020-09-02 09:45:25.520,4.908,800
2020-09-02 09:45:25.520,4.908,100
2020-09-02 09:45:25.520,4.908,100
2020-09-02 09:45:25.520,4.908,100
2020-09-02 09:45:25.520,4.908,200
2020-09-02 09:45:25.520,4.908,300
2020-09-02 09:45:25.520,4.908,100
2020-09-02 09:45:25.520,4.908,1000
2020-09-02 09:45:25.520,4.908,1000
2020-09-02 09:45:25.520,4.908,100
2020-09-02 09:45:25.520,4.908,100
2020-09-02 09:45:25.520,4.908,100
2020-09-02 09:45:25.520,4.908,900
2020-09-02 09:45:25.520,4.908,200
2020-09-02 09:45:25.520,4.908,100
2020-09-02 09:45:25.520,4.908,600
2020-09-02 09:45:25.520,4.908,100
2020-09-02 09:45:25.520,4.908,200
2020-09-02 09:45:25.520,4.908,100
2020-09-02 09:45:25.520,4.908,200
2020-09-02 09:45:25.520,4.908,100
2020-09-02 09:45:25.520,4.908,200
2020-09-02 09:45:25.520,4.908,1400
2020-09-02 09:45:25.520,4.908,100
2020-09-02 09:45:25.520,4.908,100
2020-09-02 09:45:25.520,4.908,100
2020-09-02 09:45:25.520,4.908,100
2020-09-02 09:45:25.520,4.908,1000
2020-09-02 09:45:25.520,4.908,13000
2020-09-02 09:45:25.520,4.908,200
2020-09-02 09:45:25.520,4.908,3300
2020-09-02 09:45:25.520,4.908,2000
2020-09-02 09:45:25.520,4.908,200
2020-09-02 09:45:25.520,4.908,1000
2020-09-02 09:45:25.520,4.908,1100
2020-09-02 09:45:25.520,4.908,200
2020-09-02 09:45:25.520,4.908,500
2020-09-02 09:45:25.520,4.908,400
2020-09-02 09:45:25.520,4.908,1000
2020-09-02 09:45:25.520,4.908,500
2020-09-02 09:45:25.520,4.908,5000
2020-09-02 09:45:25.520,4.908,200
2020-09-02 09:45:25.520,4.908,500
2020-09-02 09:45:25.520,4.908,5000
2020-09-02 09:45:25.520,4.908,100
2020-09-02 09:45:25.520,4.908,500
2020-09-02 09:45:25.520,4.908,1200
2020-09-02 09:45:25.520,4.908,500
2020-09-02 09:45:25.520,4.908,100
2020-09-02 09:45:25.520,4.908,100
2020-09-02 09:45:25.520,4.908,500
2020-09-02 09:45:25.520,4.908,200
2020-09-02 09:45:25.520,4.908,20000
2020-09-02 09:45:25.520,4.908,300
2020-09-02 09:45:25.520,4.908,500
2020-09-02 09:45:25.520,4.908,6800
2020-09-02 09:45:25.520,4.907,300
2020-09-02 09:45:25.520,4.907,4700
2020-09-02 09:45:25.520,4.907,200
2020-09-02 09:45:25.520,4.907,7000
2020-09-02 09:45:25.520,4.907,500
2020-09-02 09:45:25.520,4.907,5000
2020-09-02 09:45:25.520,4.907,10000
2020-09-02 09:45:25.520,4.907,2500
2020-09-02 09:45:25.520,4.907,2000
2020-09-02 09:45:25.520,4.907,6000
2020-09-02 09:45:25.520,4.907,5000
2020-09-02 09:45:25.520,4.907,100
2020-09-02 09:45:25.520,4.907,100
2020-09-02 09:45:25.520,4.907,500
2020-09-02 09:45:25.520,4.907,11500
2020-09-02 09:45:26.110,4.909,200
2020-09-02 09:45:26.810,4.909,100
2020-09-02 09:45:27.280,4.908,3000
2020-09-02 09:45:27.280,4.908,100
2020-09-02 09:45:29.280,4.908,1000
2020-09-02 09:45:30.290,4.907,500
2020-09-02 09:45:30.440,4.906,100
2020-09-02 09:45:30.440,4.906,400
2020-09-02 09:45:30.440,4.906,200
2020-09-02 09:45:30.440,4.906,3000
2020-09-02 09:45:30.440,4.906,100
2020-09-02 09:45:30.440,4.905,200
2020-09-02 09:45:30.440,4.905,1000
2020-09-02 09:45:30.440,4.905,2500
2020-09-02 09:45:30.440,4.905,600
2020-09-02 09:45:30.440,4.905,1600
2020-09-02 09:45:30.440,4.905,1000
2020-09-02 09:45:30.440,4.905,200
2020-09-02 09:45:30.440,4.905,1000
2020-09-02 09:45:30.440,4.905,54100
2020-09-02 09:45:30.500,4.908,2000
2020-09-02 09:45:31.100,4.905,300
2020-09-02 09:45:32.350,4.907,100
2020-09-02 09:45:32.730,4.907,54000
2020-09-02 09:45:32.730,4.908,40000
2020-09-02 09:45:32.730,4.908,6000
2020-09-02 09:45:35.730,4.906,6300
2020-09-02 09:45:35.730,4.905,293700
2020-09-02 09:45:36.650,4.906,400
2020-09-02 09:45:42.090,4.907,1800
2020-09-02 09:45:42.090,4.907,200
2020-09-02 09:45:42.860,4.907,5000
2020-09-02 09:45:43.550,4.907,20000
2020-09-02 09:45:46.170,4.907,16600
2020-09-02 09:45:46.820,4.907,56400
2020-09-02 09:45:46.820,4.907,30000
2020-09-02 09:45:47.800,4.906,100
2020-09-02 09:45:48.890,4.906,3800
2020-09-02 09:45:49.830,4.907,100
2020-09-02 09:45:49.890,4.907,200
2020-09-02 09:45:50.300,4.906,2000
2020-09-02 09:45:52.280,4.906,6000
2020-09-02 09:45:52.760,4.906,5000
2020-09-02 09:45:53.720,4.907,5000
2020-09-02 09:45:53.920,4.907,200
2020-09-02 09:45:54.010,4.906,700
2020-09-02 09:45:54.460,4.907,100
2020-09-02 09:45:54.550,4.907,100
2020-09-02 09:45:54.680,4.906,2000
2020-09-02 09:45:54.860,4.907,100
2020-09-02 09:45:55.220,4.906,6000
2020-09-02 09:45:55.850,4.907,100
2020-09-02 09:45:56.150,4.906,900
2020-09-02 09:45:57.270,4.906,1000
2020-09-02 09:45:57.540,4.906,200
2020-09-02 09:45:58.560,4.906,1900
2020-09-02 09:45:58.560,4.906,3100
2020-09-02 09:45:58.800,4.907,400
2020-09-02 09:45:59.760,4.906,700
2020-09-02 09:46:00.370,4.906,6200
2020-09-02 09:46:00.370,4.906,1800
2020-09-02 09:46:02.220,4.906,10000
2020-09-02 09:46:02.990,4.907,300
2020-09-02 09:46:03.230,4.906,18200
2020-09-02 09:46:03.530,4.906,2000
2020-09-02 09:46:03.650,4.906,5000
2020-09-02 09:46:05.070,4.906,5000
2020-09-02 09:46:05.260,4.907,2000
2020-09-02 09:46:05.670,4.906,10000
2020-09-02 09:46:07.050,4.906,78000
2020-09-02 09:46:07.940,4.906,100
2020-09-02 09:46:08.310,4.906,100
2020-09-02 09:46:09.200,4.906,400
2020-09-02 09:46:09.550,4.906,200
2020-09-02 09:46:10.100,4.906,600
2020-09-02 09:46:10.630,4.906,100
2020-09-02 09:46:10.910,4.905,5000
2020-09-02 09:46:12.500,4.906,500
2020-09-02 09:46:14.940,4.906,600
