ExChangeId,ChannelNo,SeqNo,SecurityID,Trade2_Order1,TradeDate,UpdateTime,Price,Volume,TrdMoney,OrdSide,OrdType,TrdBSFlag,TrdBuyNo,TrdSellNo
1,1,9757,510360,2,20200902,92500880,1.629000,100,162.900000,-,-,N,44632,98140
1,1,9758,510360,2,20200902,92500880,1.629000,100,162.900000,-,-,N,44632,173749
1,1,28593,510360,2,20200902,93001440,1.631000,3700,6034.700000,-,-,B,222847,116765
1,1,35687,510360,2,20200902,93003110,1.631000,1000,1631.000000,-,-,B,247207,116765
1,1,52681,510360,2,20200902,93007600,1.629000,100,162.900000,-,-,S,44632,300938
1,1,70106,510360,2,20200902,93024210,1.631000,5000,8155.000000,-,-,B,334595,116765
1,1,96682,510360,2,20200902,93056270,1.631000,300,489.300000,-,-,B,376021,116765
1,1,113471,510360,2,20200902,93117240,1.631000,200000,326200.000000,-,-,S,392725,405235
1,1,113749,510360,2,20200902,93117630,1.631000,200000,326200.000000,-,-,B,405749,405235
1,1,114183,510360,2,20200902,93118130,1.631000,200000,326200.000000,-,-,B,406478,405235
1,1,114625,510360,2,20200902,93118690,1.631000,115600,188543.600000,-,-,B,407274,405235
1,1,119268,510360,2,20200902,93124710,1.634000,1200,1960.800000,-,-,S,415026,415522
1,1,121219,510360,2,20200902,93127430,1.634000,900,1470.600000,-,-,S,415026,419128
1,1,121344,510360,2,20200902,93127560,1.634000,900,1470.600000,-,-,S,415026,419317
1,1,126473,510360,2,20200902,93134100,1.634000,1400,2287.600000,-,-,S,415026,428329
1,1,126496,510360,2,20200902,93134130,1.634000,1400,2287.600000,-,-,S,415026,428384
1,1,127463,510360,2,20200902,93135410,1.634000,1400,2287.600000,-,-,S,415026,430275
1,1,127505,510360,2,20200902,93135500,1.634000,1400,2287.600000,-,-,S,415026,430372
1,1,127691,510360,2,20200902,93135770,1.634000,500,817.000000,-,-,S,415026,430682
1,1,128563,510360,2,20200902,93136790,1.634000,300,490.200000,-,-,S,415026,432115
1,1,128776,510360,2,20200902,93137090,1.634000,1000,1634.000000,-,-,S,415026,432508
1,1,128777,510360,2,20200902,93137090,1.634000,1000,1634.000000,-,-,S,415026,432509
1,1,131836,510360,2,20200902,93141780,1.635000,1900,3106.500000,-,-,B,438611,392726
1,1,139422,510360,2,20200902,93152240,1.634000,3100,5065.400000,-,-,S,415026,452218
1,1,147324,510360,2,20200902,93202670,1.631000,1000,1631.000000,-,-,S,407274,465662
1,1,169193,510360,2,20200902,93232480,1.629000,700,1140.300000,-,-,S,44632,501099
1,1,169194,510360,2,20200902,93232480,1.629000,600,977.400000,-,-,S,45747,501099
1,1,169195,510360,2,20200902,93232480,1.629000,500,814.500000,-,-,S,478888,501099
1,1,231258,510360,2,20200902,93418490,1.631000,1700,2772.700000,-,-,B,615358,613667
1,1,245405,510360,2,20200902,93445140,1.631000,1000,1631.000000,-,-,B,640435,631744
1,1,245406,510360,2,20200902,93445140,1.631000,2700,4403.700000,-,-,B,640435,633219
1,1,258738,510360,2,20200902,93510780,1.631000,17300,28216.300000,-,-,B,664011,633219
1,1,306163,510360,2,20200902,93636720,1.631000,30000,48930.000000,-,-,B,744560,728084
1,1,318876,510360,2,20200902,93702890,1.632000,2800,4569.600000,-,-,B,768164,716814
1,1,386975,510360,2,20200902,93926690,1.632000,3900,6364.800000,-,-,S,768164,887324
1,1,408696,510360,2,20200902,94015350,1.632000,600,979.200000,-,-,S,768164,925198
1,1,408697,510360,2,20200902,94015350,1.632000,2000,3264.000000,-,-,S,844753,925198
1,1,530267,510360,2,20200902,94528430,1.630000,800,1304.000000,-,-,S,507773,1137840
1,1,530990,510360,2,20200902,94529600,1.630000,700,1141.000000,-,-,S,507773,1138789
1,1,531320,510360,2,20200902,94530130,1.630000,700,1141.000000,-,-,S,507773,1139251
1,1,531774,510360,2,20200902,94530940,1.630000,700,1141.000000,-,-,S,507773,1139790
1,1,532179,510360,2,20200902,94531640,1.630000,4100,6683.000000,-,-,S,507773,1140471
1,1,532246,510360,2,20200902,94531800,1.629000,500,814.500000,-,-,S,523134,1140633
1,1,540499,510360,2,20200902,94550890,1.626000,200,325.200000,-,-,S,1139642,1153772
1,1,541025,510360,2,20200902,94552140,1.627000,700,1138.900000,-,-,S,1154254,1154497
1,1,623288,510360,2,20200902,94928130,1.631000,4000,6524.000000,-,-,B,1291007,1072572
1,1,626082,510360,2,20200902,94935600,1.629000,1200,1954.800000,-,-,S,1161935,1295914
1,1,632602,510360,2,20200902,94952120,1.631000,1200,1957.200000,-,-,B,1305416,1072572
1,1,660068,510360,2,20200902,95107490,1.630000,800,1304.000000,-,-,S,1329345,1352593
1,1,792372,510360,2,20200902,95733560,1.629000,300,488.700000,-,-,S,1161935,1561419
1,1,792373,510360,2,20200902,95733560,1.629000,25100,40887.900000,-,-,S,1362193,1561419
1,1,792856,510360,2,20200902,95734370,1.629000,24500,39910.500000,-,-,S,1362193,1561991
1,1,794542,510360,2,20200902,95736150,1.629000,24500,39910.500000,-,-,S,1362193,1563631
1,1,795406,510360,2,20200902,95737750,1.629000,24500,39910.500000,-,-,S,1362193,1564818
1,1,796753,510360,2,20200902,95739380,1.629000,24500,39910.500000,-,-,S,1362193,1566349
1,1,797208,510360,2,20200902,95740300,1.629000,24500,39910.500000,-,-,S,1362193,1566956
1,1,797793,510360,2,20200902,95741000,1.629000,24500,39910.500000,-,-,S,1362193,1567623
1,1,798350,510360,2,20200902,95741840,1.629000,24500,39910.500000,-,-,S,1362193,1568405
1,1,798662,510360,2,20200902,95742430,1.629000,3700,6027.300000,-,-,S,1362193,1568810
1,1,798705,510360,2,20200902,95742620,1.629000,24500,39910.500000,-,-,S,1362193,1568876
1,1,799024,510360,2,20200902,95743330,1.629000,24500,39910.500000,-,-,S,1362193,1569338
1,1,799874,510360,2,20200902,95744210,1.629000,24500,39910.500000,-,-,S,1362193,1570190
1,1,800180,510360,2,20200902,95744920,1.629000,24500,39910.500000,-,-,S,1362193,1570633
1,1,800341,510360,2,20200902,95745340,1.630000,800,1304.000000,-,-,B,1570899,1352593
1,1,800594,510360,2,20200902,95745790,1.629000,24500,39910.500000,-,-,S,1362193,1571138
1,1,801369,510360,2,20200902,95747330,1.629000,24500,39910.500000,-,-,S,1362193,1572285
1,1,802113,510360,2,20200902,95749100,1.629000,24500,39910.500000,-,-,S,1362193,1573315
1,1,802998,510360,2,20200902,95750670,1.629000,24500,39910.500000,-,-,S,1362193,1574483
1,1,803287,510360,2,20200902,95751600,1.629000,9700,15801.300000,-,-,S,1362193,1574952
1,1,803402,510360,2,20200902,95751870,1.629000,394000,641826.000000,-,-,S,1362193,1575111
1,1,803403,510360,2,20200902,95751870,1.629000,20000,32580.000000,-,-,S,1459407,1575111
1,1,803461,510360,2,20200902,95752210,1.627000,500,813.500000,-,-,S,1232440,1575277
1,1,812722,510360,2,20200902,95812130,1.625000,500,812.500000,-,-,S,542559,1586669
1,1,812723,510360,2,20200902,95812130,1.625000,24000,39000.000000,-,-,S,1565018,1586669
1,1,812743,510360,2,20200902,95812220,1.625000,24000,39000.000000,-,-,S,1565018,1586712
1,1,831695,510360,2,20200902,95903270,1.629000,2400,3909.600000,-,-,B,1615156,1578037
1,1,847548,510360,2,20200902,95949480,1.629000,3000,4887.000000,-,-,B,1641640,1628533
1,1,847832,510360,2,20200902,95950250,1.629000,3700,6027.300000,-,-,S,1641640,1642127
1,1,891314,510360,2,20200902,100149330,1.627000,1400,2277.800000,-,-,S,1666970,1717217
1,1,916124,510360,2,20200902,100242150,1.625000,4000,6500.000000,-,-,S,1633803,1751675
1,1,952607,510360,2,20200902,100432070,1.627000,1000,1627.000000,-,-,B,1812926,1773653
1,1,1001848,510360,2,20200902,100719310,1.625000,1500,2437.500000,-,-,S,1633803,1894629
1,1,1002315,510360,2,20200902,100720660,1.625000,1500,2437.500000,-,-,S,1633803,1895391
1,1,1002832,510360,2,20200902,100722490,1.625000,1400,2275.000000,-,-,S,1633803,1896254
1,1,1004519,510360,2,20200902,100728020,1.625000,1600,2600.000000,-,-,S,1633803,1898906
1,1,1004520,510360,2,20200902,100728020,1.625000,700,1137.500000,-,-,S,1758898,1898906
1,1,1016222,510360,2,20200902,100811020,1.625000,1400,2275.000000,-,-,B,1917964,1898906
1,1,1016913,510360,2,20200902,100813740,1.625000,4000,6500.000000,-,-,B,1919217,1918787
1,1,1030159,510360,2,20200902,100907170,1.624000,8400,13641.600000,-,-,S,1918802,1942780
1,1,1045978,510360,2,20200902,101007970,1.627000,200,325.400000,-,-,B,1970949,1773653
1,1,1051507,510360,2,20200902,101020350,1.627000,300,488.100000,-,-,B,1978649,1773653
1,1,1068459,510360,2,20200902,101110220,1.623000,24500,39763.500000,-,-,S,1931828,2003171
1,1,1068460,510360,2,20200902,101110220,1.623000,24500,39763.500000,-,-,S,1931828,2003172
1,1,1068508,510360,2,20200902,101110380,1.623000,5400,8764.200000,-,-,S,1931828,2003238
1,1,1069502,510360,2,20200902,101112030,1.623000,24500,39763.500000,-,-,S,1931828,2004132
1,1,1069503,510360,2,20200902,101112030,1.623000,24500,39763.500000,-,-,S,1931828,2004133
1,1,1070051,510360,2,20200902,101113550,1.623000,24500,39763.500000,-,-,S,1931828,2004819
1,1,1070111,510360,2,20200902,101113750,1.623000,24500,39763.500000,-,-,S,1931828,2004906
1,1,1070571,510360,2,20200902,101115170,1.623000,24500,39763.500000,-,-,S,1931828,2005650
1,1,1070614,510360,2,20200902,101115360,1.623000,24500,39763.500000,-,-,S,1931828,2005721
1,1,1071137,510360,2,20200902,101116840,1.623000,24500,39763.500000,-,-,S,1931828,2006435
1,1,1071173,510360,2,20200902,101116940,1.623000,24500,39763.500000,-,-,S,1931828,2006507
1,1,1071659,510360,2,20200902,101118460,1.623000,24500,39763.500000,-,-,S,1931828,2007245
1,1,1071682,510360,2,20200902,101118510,1.623000,24500,39763.500000,-,-,S,1931828,2007273
1,1,1072538,510360,2,20200902,101121730,1.623000,24500,39763.500000,-,-,S,1931828,2008855
1,1,1072539,510360,2,20200902,101121730,1.623000,24500,39763.500000,-,-,S,1931828,2008856
1,1,1073183,510360,2,20200902,101123340,1.623000,24500,39763.500000,-,-,S,1931828,2009713
1,1,1073184,510360,2,20200902,101123340,1.623000,24500,39763.500000,-,-,S,1931828,2009714
1,1,1073575,510360,2,20200902,101124820,1.623000,18900,30674.700000,-,-,S,1931828,2010340
1,1,1073634,510360,2,20200902,101124940,1.623000,18900,30674.700000,-,-,S,1931828,2010397
1,1,1122635,510360,2,20200902,101402730,1.624000,1500,2436.000000,-,-,S,2072702,2085795
1,1,1122636,510360,2,20200902,101402730,1.624000,7800,12667.200000,-,-,S,2084154,2085795
1,1,1122680,510360,2,20200902,101402980,1.623000,1100,1785.300000,-,-,S,1931828,2085892
1,1,1122681,510360,2,20200902,101402980,1.623000,1100,1785.300000,-,-,S,1931828,2085893
1,1,1124240,510360,2,20200902,101409120,1.623000,700,1136.100000,-,-,S,1931828,2088735
1,1,1191568,510360,2,20200902,101817870,1.623000,6800,11036.400000,-,-,S,1931828,2200704
1,1,1255339,510360,2,20200902,102228860,1.624000,2200,3572.800000,-,-,S,2289253,2302603
1,1,1255340,510360,2,20200902,102228860,1.624000,2200,3572.800000,-,-,S,2289253,2302604
1,1,1257245,510360,2,20200902,102235430,1.624000,1600,2598.400000,-,-,S,2289253,2305398
1,1,1257261,510360,2,20200902,102235580,1.624000,1600,2598.400000,-,-,S,2289253,2305431
1,1,1257510,510360,2,20200902,102236790,1.624000,1600,2598.400000,-,-,S,2289253,2305862
1,1,1257511,510360,2,20200902,102236830,1.624000,1600,2598.400000,-,-,S,2289253,2305863
1,1,1257869,510360,2,20200902,102238370,1.624000,1600,2598.400000,-,-,S,2289253,2306383
1,1,1257892,510360,2,20200902,102238440,1.624000,1600,2598.400000,-,-,S,2289253,2306402
1,1,1258272,510360,2,20200902,102240060,1.624000,800,1299.200000,-,-,S,2289253,2306980
1,1,1258288,510360,2,20200902,102240150,1.624000,800,1299.200000,-,-,S,2289253,2307027
1,1,1258733,510360,2,20200902,102241640,1.624000,800,1299.200000,-,-,S,2289253,2307656
1,1,1258750,510360,2,20200902,102241730,1.624000,800,1299.200000,-,-,S,2289253,2307689
1,1,1300859,510360,2,20200902,102554730,1.625000,10000,16250.000000,-,-,S,2343456,2378752
1,1,1300860,510360,2,20200902,102554730,1.625000,67600,109850.000000,-,-,S,2365342,2378752
1,1,1301282,510360,2,20200902,102556650,1.627000,2000,3254.000000,-,-,B,2379571,1773653
1,1,1302007,510360,2,20200902,102559810,1.627000,1200,1952.400000,-,-,S,2379571,2380810
1,1,1302025,510360,2,20200902,102559880,1.627000,1200,1952.400000,-,-,S,2379571,2380830
1,1,1302279,510360,2,20200902,102601270,1.627000,3700,6019.900000,-,-,S,2379571,2381323
1,1,1302325,510360,2,20200902,102601390,1.627000,1200,1952.400000,-,-,S,2379571,2381377
1,1,1302389,510360,2,20200902,102601610,1.627000,1200,1952.400000,-,-,S,2379571,2381480
1,1,1310858,510360,2,20200902,102634030,1.627000,1800,2928.600000,-,-,S,2379571,2395495
1,1,1311782,510360,2,20200902,102638280,1.627000,3700,6019.900000,-,-,B,2397147,2396165
1,1,1312269,510360,2,20200902,102640940,1.628000,5600,9116.800000,-,-,B,2398031,2387981
1,1,1316096,510360,2,20200902,102703230,1.627000,2000,3254.000000,-,-,S,2399850,2405283
1,1,1316152,510360,2,20200902,102703460,1.627000,1700,2765.900000,-,-,B,2405338,2405283
1,1,1339787,510360,2,20200902,102859910,1.627000,100,162.700000,-,-,B,2443729,2442650
1,1,1345333,510360,2,20200902,102929050,1.625000,1700,2762.500000,-,-,S,2446274,2452401
1,1,1365157,510360,2,20200902,103042250,1.626000,5700,9268.200000,-,-,B,2481024,2470289
1,1,1376487,510360,2,20200902,103127090,1.627000,1400,2277.800000,-,-,B,2499040,2461007
1,1,1390938,510360,2,20200902,103226330,1.627000,100,162.700000,-,-,B,2521295,2509864
1,1,1394364,510360,2,20200902,103241800,1.627000,900,1464.300000,-,-,B,2526582,2509864
1,1,1420705,510360,2,20200902,103449200,1.628000,100,162.800000,-,-,B,2569324,2490785
1,1,1421585,510360,2,20200902,103453960,1.627000,1200,1952.400000,-,-,S,2569844,2570885
1,1,1421602,510360,2,20200902,103454090,1.627000,1200,1952.400000,-,-,S,2569844,2570932
1,1,1421971,510360,2,20200902,103455930,1.627000,1200,1952.400000,-,-,S,2569844,2571474
1,1,1421994,510360,2,20200902,103456020,1.627000,1200,1952.400000,-,-,S,2569844,2571519
1,1,1422093,510360,2,20200902,103456520,1.627000,5200,8460.400000,-,-,S,2569844,2571750
1,1,1422219,510360,2,20200902,103457560,1.626000,600,975.600000,-,-,S,2571410,2572040
1,1,1422225,510360,2,20200902,103457630,1.626000,600,975.600000,-,-,S,2571410,2572055
1,1,1422230,510360,2,20200902,103457720,1.627000,10000,16270.000000,-,-,B,2572074,2571750
1,1,1422474,510360,2,20200902,103459110,1.626000,600,975.600000,-,-,S,2571410,2572537
1,1,1422859,510360,2,20200902,103500840,1.626000,1000,1626.000000,-,-,S,2571410,2573148
1,1,1423170,510360,2,20200902,103502320,1.626000,1000,1626.000000,-,-,S,2571410,2573739
1,1,1423491,510360,2,20200902,103504090,1.626000,900,1463.400000,-,-,S,2571410,2574331
1,1,1423515,510360,2,20200902,103504310,1.626000,900,1463.400000,-,-,S,2571410,2574401
1,1,1423738,510360,2,20200902,103505570,1.626000,900,1463.400000,-,-,S,2571410,2574897
1,1,1423753,510360,2,20200902,103505690,1.626000,900,1463.400000,-,-,S,2571410,2574924
1,1,1428241,510360,2,20200902,103528000,1.626000,2600,4227.600000,-,-,S,2571410,2581897
1,1,1465706,510360,2,20200902,103830570,1.628000,200,325.600000,-,-,B,2643183,2619295
1,1,1472626,510360,2,20200902,103907830,1.625000,2500,4062.500000,-,-,S,2581830,2654367
1,1,1472662,510360,2,20200902,103907890,1.625000,2500,4062.500000,-,-,S,2581830,2654400
1,1,1473346,510360,2,20200902,103909690,1.625000,1800,2925.000000,-,-,S,2581830,2655284
1,1,1473379,510360,2,20200902,103909760,1.625000,1800,2925.000000,-,-,S,2581830,2655320
1,1,1473830,510360,2,20200902,103911220,1.625000,1400,2275.000000,-,-,S,2581830,2655985
1,1,1473831,510360,2,20200902,103911220,1.625000,400,650.000000,-,-,S,2582744,2655985
1,1,1473847,510360,2,20200902,103911310,1.625000,1800,2925.000000,-,-,S,2582744,2656008
1,1,1474346,510360,2,20200902,103912870,1.625000,900,1462.500000,-,-,S,2582744,2656624
1,1,1474347,510360,2,20200902,103912870,1.625000,900,1462.500000,-,-,S,2582744,2656625
1,1,1474799,510360,2,20200902,103914350,1.625000,900,1462.500000,-,-,S,2582744,2657282
1,1,1474802,510360,2,20200902,103914430,1.625000,900,1462.500000,-,-,S,2582744,2657291
1,1,1475292,510360,2,20200902,103916010,1.625000,700,1137.500000,-,-,S,2582744,2657855
1,1,1475377,510360,2,20200902,103916160,1.625000,700,1137.500000,-,-,S,2582744,2657919
1,1,1475982,510360,2,20200902,103917540,1.625000,700,1137.500000,-,-,S,2582744,2658666
1,1,1476017,510360,2,20200902,103917750,1.625000,700,1137.500000,-,-,S,2582744,2658741
1,1,1477058,510360,2,20200902,103921140,1.625000,1400,2275.000000,-,-,S,2582744,2660115
1,1,1480090,510360,2,20200902,103932940,1.625000,1100,1787.500000,-,-,B,2664209,2660115
1,1,1487659,510360,2,20200902,104010680,1.625000,1200,1950.000000,-,-,B,2676052,2660115
1,1,1488369,510360,2,20200902,104013680,1.627000,13700,22289.900000,-,-,B,2677203,2677096
1,1,1525604,510360,2,20200902,104320770,1.627000,400,650.800000,-,-,B,2736033,2722953
1,1,1543625,510360,2,20200902,104435040,1.624000,500,812.000000,-,-,S,2289253,2760515
1,1,1543626,510360,2,20200902,104435040,1.624000,1000,1624.000000,-,-,S,2684899,2760515
1,1,1548218,510360,2,20200902,104455660,1.624000,100,162.400000,-,-,B,2766554,2760515
1,1,1554814,510360,2,20200902,104522450,1.623000,24500,39763.500000,-,-,S,1931828,2774844
1,1,1554822,510360,2,20200902,104522520,1.623000,24500,39763.500000,-,-,S,1931828,2774857
1,1,1555321,510360,2,20200902,104524360,1.623000,6100,9900.300000,-,-,S,1931828,2775520
1,1,1555322,510360,2,20200902,104524360,1.623000,100,162.300000,-,-,S,1938898,2775520
1,1,1555323,510360,2,20200902,104524360,1.623000,200,324.600000,-,-,S,2020603,2775520
1,1,1555324,510360,2,20200902,104524360,1.623000,700,1136.100000,-,-,S,2124270,2775520
1,1,1555325,510360,2,20200902,104524360,1.623000,600,973.800000,-,-,S,2137099,2775520
1,1,1555326,510360,2,20200902,104524360,1.623000,16800,27266.400000,-,-,S,2157816,2775520
1,1,1555710,510360,2,20200902,104526030,1.623000,24500,39763.500000,-,-,S,2157816,2776062
1,1,1556195,510360,2,20200902,104527740,1.623000,24500,39763.500000,-,-,S,2157816,2776628
1,1,1556626,510360,2,20200902,104529270,1.623000,24500,39763.500000,-,-,S,2157816,2777165
1,1,1557370,510360,2,20200902,104531080,1.623000,24500,39763.500000,-,-,S,2157816,2777804
1,1,1558281,510360,2,20200902,104532670,1.623000,24500,39763.500000,-,-,S,2157816,2778708
1,1,1559038,510360,2,20200902,104534140,1.623000,24500,39763.500000,-,-,S,2157816,2779279
1,1,1559204,510360,2,20200902,104534610,1.623000,24500,39763.500000,-,-,S,2157816,2779477
1,1,1559730,510360,2,20200902,104535840,1.623000,24500,39763.500000,-,-,S,2157816,2780170
1,1,1559856,510360,2,20200902,104536450,1.623000,24500,39763.500000,-,-,S,2157816,2780350
1,1,1560353,510360,2,20200902,104537430,1.623000,24500,39763.500000,-,-,S,2157816,2780684
1,1,1560567,510360,2,20200902,104538040,1.623000,24500,39763.500000,-,-,S,2157816,2780950
1,1,1561093,510360,2,20200902,104538910,1.623000,20700,33596.100000,-,-,S,2157816,2781386
1,1,1561339,510360,2,20200902,104539750,1.623000,24500,39763.500000,-,-,S,2157816,2781652
1,1,1561745,510360,2,20200902,104540480,1.623000,20700,33596.100000,-,-,S,2157816,2781911
1,1,1562220,510360,2,20200902,104541420,1.623000,24500,39763.500000,-,-,S,2157816,2782413
1,1,1562560,510360,2,20200902,104542160,1.623000,24500,39763.500000,-,-,S,2157816,2782718
1,1,1563125,510360,2,20200902,104543040,1.623000,24500,39763.500000,-,-,S,2157816,2783039
1,1,1563369,510360,2,20200902,104543840,1.623000,24500,39763.500000,-,-,S,2157816,2783339
1,1,1563749,510360,2,20200902,104544530,1.623000,24500,39763.500000,-,-,S,2157816,2783681
1,1,1564150,510360,2,20200902,104545550,1.623000,24500,39763.500000,-,-,S,2157816,2784045
1,1,1564331,510360,2,20200902,104546210,1.623000,24500,39763.500000,-,-,S,2157816,2784278
1,1,1564638,510360,2,20200902,104546990,1.623000,24500,39763.500000,-,-,S,2157816,2784624
1,1,1564912,510360,2,20200902,104547860,1.623000,24500,39763.500000,-,-,S,2157816,2785003
1,1,1565211,510360,2,20200902,104548710,1.623000,24500,39763.500000,-,-,S,2157816,2785273
1,1,1565586,510360,2,20200902,104550150,1.623000,24500,39763.500000,-,-,S,2157816,2785743
1,1,1566285,510360,2,20200902,104551890,1.623000,23800,38627.400000,-,-,S,2157816,2786371
1,1,1567086,510360,2,20200902,104553560,1.623000,23800,38627.400000,-,-,S,2157816,2787087
1,1,1567451,510360,2,20200902,104555000,1.623000,20800,33758.400000,-,-,S,2157816,2787580
1,1,1568111,510360,2,20200902,104556700,1.623000,20800,33758.400000,-,-,S,2157816,2788269
1,1,1568292,510360,2,20200902,104557350,1.623000,3700,6005.100000,-,-,S,2157816,2788511
1,1,1568470,510360,2,20200902,104558200,1.623000,15300,24831.900000,-,-,S,2157816,2788798
1,1,1569015,510360,2,20200902,104559950,1.623000,15300,24831.900000,-,-,S,2157816,2789538
1,1,1569392,510360,2,20200902,104601410,1.623000,10300,16716.900000,-,-,S,2157816,2789986
1,1,1569850,510360,2,20200902,104603070,1.623000,8300,13470.900000,-,-,S,2157816,2790666
1,1,1570458,510360,2,20200902,104604810,1.623000,8300,13470.900000,-,-,S,2157816,2791244
1,1,1570804,510360,2,20200902,104606260,1.623000,6300,10224.900000,-,-,S,2157816,2791777
1,1,1571136,510360,2,20200902,104607950,1.623000,6300,10224.900000,-,-,S,2157816,2792303
1,1,1571513,510360,2,20200902,104609410,1.623000,4700,7628.100000,-,-,S,2157816,2792843
1,1,1572217,510360,2,20200902,104611120,1.623000,4700,7628.100000,-,-,S,2157816,2793465
1,1,1572690,510360,2,20200902,104612850,1.623000,3500,5680.500000,-,-,S,2157816,2794110
1,1,1573090,510360,2,20200902,104614300,1.623000,2400,3895.200000,-,-,S,2157816,2794636
1,1,1573091,510360,2,20200902,104614300,1.623000,1100,1785.300000,-,-,S,2181723,2794636
1,1,1573518,510360,2,20200902,104615980,1.623000,2600,4219.800000,-,-,S,2181723,2795191
1,1,1574032,510360,2,20200902,104617720,1.623000,2600,4219.800000,-,-,S,2181723,2795860
1,1,1574044,510360,2,20200902,104617780,1.623000,3700,6005.100000,-,-,S,2181723,2795881
1,1,1575554,510360,2,20200902,104624120,1.623000,500,811.500000,-,-,S,2215632,2798107
1,1,1575555,510360,2,20200902,104624120,1.623000,100,162.300000,-,-,S,2313267,2798107
1,1,1575556,510360,2,20200902,104624120,1.623000,900,1460.700000,-,-,S,2379321,2798107
1,1,1575944,510360,2,20200902,104625640,1.623000,1100,1785.300000,-,-,S,2379321,2798637
1,1,1575945,510360,2,20200902,104625640,1.623000,400,649.200000,-,-,S,2789490,2798637
1,1,1576245,510360,2,20200902,104627140,1.623000,1200,1947.600000,-,-,S,2789490,2799147
1,1,1576594,510360,2,20200902,104628890,1.623000,1200,1947.600000,-,-,S,2789490,2799729
1,1,1576945,510360,2,20200902,104630390,1.623000,900,1460.700000,-,-,S,2789490,2800298
1,1,1577408,510360,2,20200902,104632090,1.623000,900,1460.700000,-,-,S,2789490,2800835
1,1,1577683,510360,2,20200902,104633490,1.623000,600,973.800000,-,-,S,2789490,2801345
1,1,1578150,510360,2,20200902,104635260,1.623000,600,973.800000,-,-,S,2789490,2801954
1,1,1582437,510360,2,20200902,104649880,1.623000,3700,6005.100000,-,-,S,2789490,2807145
1,1,1584545,510360,2,20200902,104657410,1.623000,500,811.500000,-,-,S,2789490,2809836
1,1,1586184,510360,2,20200902,104703520,1.622000,500,811.000000,-,-,S,231074,2812112
1,1,1586185,510360,2,20200902,104703520,1.622000,4300,6974.600000,-,-,S,902941,2812112
1,1,1586458,510360,2,20200902,104705010,1.622000,4800,7785.600000,-,-,S,902941,2812659
1,1,1587007,510360,2,20200902,104706550,1.622000,3600,5839.200000,-,-,S,902941,2813262
1,1,1587398,510360,2,20200902,104708080,1.622000,3600,5839.200000,-,-,S,902941,2813822
1,1,1587835,510360,2,20200902,104709830,1.622000,2700,4379.400000,-,-,S,902941,2814413
1,1,1588212,510360,2,20200902,104711450,1.622000,1000,1622.000000,-,-,S,902941,2815003
1,1,1588213,510360,2,20200902,104711450,1.622000,500,811.000000,-,-,S,1614298,2815003
1,1,1588214,510360,2,20200902,104711450,1.622000,1200,1946.400000,-,-,S,2763613,2815003
1,1,1588549,510360,2,20200902,104713170,1.622000,2400,3892.800000,-,-,S,2763613,2815541
1,1,1588870,510360,2,20200902,104714730,1.622000,2400,3892.800000,-,-,S,2763613,2816070
1,1,1589268,510360,2,20200902,104716290,1.622000,1700,2757.400000,-,-,S,2763613,2816617
1,1,1589545,510360,2,20200902,104717190,1.622000,3700,6001.400000,-,-,S,2763613,2816953
1,1,1589681,510360,2,20200902,104717830,1.622000,1700,2757.400000,-,-,S,2763613,2817166
1,1,1590088,510360,2,20200902,104719280,1.622000,800,1297.600000,-,-,S,2763613,2817626
1,1,1595021,510360,2,20200902,104740820,1.622000,3700,6001.400000,-,-,S,2763613,2825087
1,1,1601020,510360,2,20200902,104801790,1.622000,200,324.400000,-,-,S,2763613,2833124
1,1,1603875,510360,2,20200902,104809200,1.622000,3300,5352.600000,-,-,B,2836951,2833124
1,1,1603913,510360,2,20200902,104809390,1.622000,200,324.400000,-,-,B,2837023,2833124
1,1,1610287,510360,2,20200902,104833430,1.622000,1400,2270.800000,-,-,S,2838807,2845719
1,1,1610314,510360,2,20200902,104833580,1.622000,2300,3730.600000,-,-,B,2845760,2845719
1,1,1636250,510360,2,20200902,105006220,1.620000,3200,5184.000000,-,-,S,1327276,2881486
1,1,1636927,510360,2,20200902,105008150,1.620000,3200,5184.000000,-,-,S,1327276,2882370
1,1,1637472,510360,2,20200902,105009630,1.620000,1300,2106.000000,-,-,S,1327276,2883072
1,1,1637615,510360,2,20200902,105010340,1.622000,100,162.200000,-,-,B,2883332,2876271
1,1,1637972,510360,2,20200902,105011170,1.620000,1300,2106.000000,-,-,S,1327276,2883754
1,1,1638614,510360,2,20200902,105012370,1.620000,1000,1620.000000,-,-,S,1327276,2884332
1,1,1638615,510360,2,20200902,105012370,1.620000,1000,1620.000000,-,-,S,1886904,2884332
1,1,1638616,510360,2,20200902,105012370,1.620000,100,162.000000,-,-,S,2068720,2884332
1,1,1638617,510360,2,20200902,105012370,1.620000,10000,16200.000000,-,-,S,2103594,2884332
1,1,1638618,510360,2,20200902,105012370,1.620000,2700,4374.000000,-,-,S,2550201,2884332
1,1,1646900,510360,2,20200902,105036690,1.620000,300,486.000000,-,-,S,2550201,2894808
1,1,1646901,510360,2,20200902,105036690,1.620000,1000,1620.000000,-,-,S,2597146,2894808
1,1,1646902,510360,2,20200902,105036690,1.620000,600,972.000000,-,-,S,2870299,2894808
1,1,1647638,510360,2,20200902,105038550,1.620000,1000,1620.000000,-,-,B,2895625,2894808
1,1,1647869,510360,2,20200902,105039090,1.619000,1100,1780.900000,-,-,S,661873,2895817
1,1,1648586,510360,2,20200902,105040900,1.619000,1100,1780.900000,-,-,S,661873,2896519
1,1,1649343,510360,2,20200902,105042490,1.619000,800,1295.200000,-,-,S,661873,2897227
1,1,1650213,510360,2,20200902,105044400,1.619000,800,1295.200000,-,-,S,661873,2898036
1,1,1650805,510360,2,20200902,105046660,1.619000,600,971.400000,-,-,S,661873,2898824
1,1,1656709,510360,2,20200902,105103120,1.619000,700,1133.300000,-,-,S,661873,2905652
1,1,1657078,510360,2,20200902,105104240,1.620000,600,972.000000,-,-,B,2906085,2894808
1,1,1657626,510360,2,20200902,105105010,1.619000,700,1133.300000,-,-,S,661873,2906526
1,1,1665323,510360,2,20200902,105126680,1.619000,1600,2590.400000,-,-,S,661873,2915986
1,1,1665324,510360,2,20200902,105126680,1.619000,1000,1619.000000,-,-,S,1229522,2915986
1,1,1665325,510360,2,20200902,105126680,1.619000,500,809.500000,-,-,S,1618982,2915986
1,1,1665326,510360,2,20200902,105126680,1.619000,600,971.400000,-,-,S,2904587,2915986
1,1,1675318,510360,2,20200902,105150140,1.619000,900,1457.100000,-,-,S,2904587,2927571
1,1,1694483,510360,2,20200902,105231910,1.619000,2800,4533.200000,-,-,B,2950244,2927571
1,1,1702102,510360,2,20200902,105257840,1.618000,1000,1618.000000,-,-,S,2921670,2962187
1,1,1702157,510360,2,20200902,105258010,1.618000,2700,4368.600000,-,-,B,2962259,2962187
1,1,1705319,510360,2,20200902,105308740,1.620000,100,162.000000,-,-,B,2967533,2922768
1,1,1715340,510360,2,20200902,105342160,1.618000,700,1132.600000,-,-,S,2982495,2983140
1,1,1715859,510360,2,20200902,105344060,1.618000,700,1132.600000,-,-,S,2982495,2983906
1,1,1721541,510360,2,20200902,105406920,1.618000,3700,5986.600000,-,-,S,2982495,2993474
1,1,1730494,510360,2,20200902,105430110,1.618000,900,1456.200000,-,-,S,2982495,3004881
1,1,1730495,510360,2,20200902,105430110,1.618000,500,809.000000,-,-,S,2997097,3004881
1,1,1731912,510360,2,20200902,105435450,1.618000,1000,1618.000000,-,-,B,3007205,3004881
1,1,1740368,510360,2,20200902,105510690,1.618000,1300,2103.400000,-,-,B,3021168,3004881
1,1,1744303,510360,2,20200902,105517330,1.618000,3400,5501.200000,-,-,S,3021168,3025161
1,1,1744304,510360,2,20200902,105517330,1.618000,5000,8090.000000,-,-,S,3022876,3025161
1,1,1751354,510360,2,20200902,105536270,1.617000,3700,5982.900000,-,-,S,2064328,3034177
1,1,1752830,510360,2,20200902,105540860,1.617000,300,485.100000,-,-,S,2064328,3035898
1,1,1754637,510360,2,20200902,105546550,1.616000,100,161.600000,-,-,S,42962,3038234
1,1,1754638,510360,2,20200902,105546550,1.616000,500,808.000000,-,-,S,2819068,3038234
1,1,1754639,510360,2,20200902,105546550,1.616000,200,323.200000,-,-,S,2916784,3038234
1,1,1755385,510360,2,20200902,105548460,1.616000,700,1131.200000,-,-,S,2916784,3039011
1,1,1756055,510360,2,20200902,105550060,1.616000,700,1131.200000,-,-,S,2916784,3039724
1,1,1756583,510360,2,20200902,105551730,1.616000,600,969.600000,-,-,S,2916784,3040378
1,1,1757206,510360,2,20200902,105553380,1.616000,600,969.600000,-,-,S,2916784,3041180
1,1,1761665,510360,2,20200902,105602980,1.616000,3500,5656.000000,-,-,S,2916784,3045197
1,1,1761666,510360,2,20200902,105602980,1.616000,100,161.600000,-,-,S,2976339,3045197
1,1,1761716,510360,2,20200902,105603180,1.616000,100,161.600000,-,-,B,3045268,3045197
1,1,1766321,510360,2,20200902,105616140,1.615000,5000,8075.000000,-,-,S,63861,3050512
1,1,1766786,510360,2,20200902,105617430,1.615000,5000,8075.000000,-,-,S,63861,3051166
1,1,1767229,510360,2,20200902,105619260,1.615000,3700,5975.500000,-,-,S,311914,3051855
1,1,1768077,510360,2,20200902,105620930,1.615000,1300,2099.500000,-,-,S,311914,3052742
1,1,1768078,510360,2,20200902,105620930,1.615000,2400,3876.000000,-,-,S,1873028,3052742
1,1,1773450,510360,2,20200902,105641770,1.615000,2800,4522.000000,-,-,S,1873028,3060764
1,1,1773754,510360,2,20200902,105643410,1.615000,2800,4522.000000,-,-,S,1873028,3061348
1,1,1774131,510360,2,20200902,105644740,1.615000,2800,4522.000000,-,-,S,1873028,3061917
1,1,1776953,510360,2,20200902,105657260,1.617000,100,161.700000,-,-,B,3066688,3037709
1,1,1778849,510360,2,20200902,105704980,1.615000,1800,2907.000000,-,-,S,1873028,3070059
1,1,1779270,510360,2,20200902,105706690,1.615000,1600,2584.000000,-,-,S,1873028,3070810
1,1,1779941,510360,2,20200902,105709080,1.615000,1600,2584.000000,-,-,S,1873028,3071705
1,1,1780241,510360,2,20200902,105710420,1.615000,1400,2261.000000,-,-,S,1873028,3072200
1,1,1781977,510360,2,20200902,105717310,1.615000,1000,1615.000000,-,-,S,1873028,3075028
1,1,1782309,510360,2,20200902,105719360,1.615000,900,1453.500000,-,-,S,1873028,3075752
1,1,1782919,510360,2,20200902,105721010,1.615000,700,1130.500000,-,-,S,1873028,3076594
1,1,1783378,510360,2,20200902,105722750,1.615000,700,1130.500000,-,-,S,1873028,3077252
1,1,1783884,510360,2,20200902,105724400,1.615000,1200,1938.000000,-,-,S,1873028,3078040
1,1,1784453,510360,2,20200902,105725690,1.615000,1200,1938.000000,-,-,S,1873028,3078530
1,1,1785243,510360,2,20200902,105727360,1.615000,900,1453.500000,-,-,S,1873028,3079381
1,1,1785810,510360,2,20200902,105729010,1.615000,900,1453.500000,-,-,S,1873028,3080122
1,1,1786435,510360,2,20200902,105730880,1.615000,600,969.000000,-,-,S,1873028,3081046
1,1,1786436,510360,2,20200902,105730880,1.615000,100,161.500000,-,-,S,3057805,3081046
1,1,1787273,510360,2,20200902,105732550,1.615000,700,1130.500000,-,-,S,3076995,3082006
1,1,1788150,510360,2,20200902,105734570,1.615000,600,969.000000,-,-,S,3076995,3082971
1,1,1792134,510360,2,20200902,105747320,1.615000,4000,6460.000000,-,-,S,3076995,3088311
1,1,1793509,510360,2,20200902,105752010,1.615000,1000,1615.000000,-,-,B,3090129,3088311
1,1,1794187,510360,2,20200902,105755150,1.615000,2000,3230.000000,-,-,B,3091379,3088311
1,1,1813191,510360,2,20200902,105857470,1.614000,300,484.200000,-,-,B,3116104,3111979
1,1,1829537,510360,2,20200902,105956840,1.617000,12300,19889.100000,-,-,B,3141816,3126137
1,1,1831372,510360,2,20200902,110002470,1.617000,12300,19889.100000,-,-,B,3144621,3126137
1,1,1831542,510360,2,20200902,110002880,1.617000,12300,19889.100000,-,-,B,3144879,3126137
1,1,1857293,510360,2,20200902,110128340,1.617000,4000,6468.000000,-,-,B,3188590,3186941
1,1,1857800,510360,2,20200902,110129260,1.615000,1000,1615.000000,-,-,S,3185199,3189394
1,1,1858767,510360,2,20200902,110131990,1.614000,11200,18076.800000,-,-,S,3188668,3190861
1,1,1859757,510360,2,20200902,110134960,1.613000,500,806.500000,-,-,S,2822447,3192490
1,1,1859758,510360,2,20200902,110134960,1.613000,2000,3226.000000,-,-,S,3087340,3192490
1,1,1859759,510360,2,20200902,110134960,1.613000,28400,45809.200000,-,-,S,3180716,3192490
1,1,1865218,510360,2,20200902,110150150,1.614000,15300,24694.200000,-,-,S,3195064,3200448
1,1,1865629,510360,2,20200902,110151900,1.614000,15300,24694.200000,-,-,S,3195064,3201157
1,1,1868667,510360,2,20200902,110205050,1.614000,15300,24694.200000,-,-,S,3195064,3206748
1,1,1869359,510360,2,20200902,110207870,1.614000,15300,24694.200000,-,-,S,3195064,3207782
1,1,1906837,510360,2,20200902,110516710,1.614000,31600,51002.400000,-,-,S,3195064,3273158
1,1,1914082,510360,2,20200902,110555670,1.614000,3700,5971.800000,-,-,S,3195064,3284819
1,1,1918590,510360,2,20200902,110616930,1.615000,2400,3876.000000,-,-,S,3284878,3291473
1,1,1918655,510360,2,20200902,110617070,1.615000,1300,2099.500000,-,-,B,3291536,3291473
1,1,1919009,510360,2,20200902,110618250,1.614000,24500,39543.000000,-,-,S,3195064,3291960
1,1,1920158,510360,2,20200902,110619720,1.614000,24500,39543.000000,-,-,S,3195064,3292461
1,1,1920477,510360,2,20200902,110620750,1.616000,400,646.400000,-,-,S,3292793,3292861
1,1,1920712,510360,2,20200902,110621550,1.614000,24200,39058.800000,-,-,S,3195064,3293090
1,1,1921131,510360,2,20200902,110622880,1.614000,24200,39058.800000,-,-,S,3195064,3293685
1,1,1922252,510360,2,20200902,110624670,1.614000,18100,29213.400000,-,-,S,3195064,3294522
1,1,1925088,510360,2,20200902,110631000,1.614000,15300,24694.200000,-,-,S,3195064,3297586
1,1,1926542,510360,2,20200902,110634850,1.615000,2200,3553.000000,-,-,S,3299023,3299319
1,1,1927363,510360,2,20200902,110637930,1.614000,3800,6133.200000,-,-,S,3195064,3300519
1,1,1927409,510360,2,20200902,110638020,1.614000,3700,5971.800000,-,-,S,3195064,3300575
1,1,1927850,510360,2,20200902,110639750,1.614000,3800,6133.200000,-,-,S,3195064,3301146
1,1,1928296,510360,2,20200902,110641390,1.614000,2900,4680.600000,-,-,S,3195064,3301722
1,1,1928669,510360,2,20200902,110643190,1.614000,2900,4680.600000,-,-,S,3195064,3302249
1,1,1929244,510360,2,20200902,110644540,1.614000,2500,4035.000000,-,-,S,3195064,3302714
1,1,1929632,510360,2,20200902,110646290,1.614000,2500,4035.000000,-,-,S,3195064,3303390
1,1,1929782,510360,2,20200902,110646380,1.615000,200,323.000000,-,-,B,3303421,3300552
1,1,1930291,510360,2,20200902,110647690,1.614000,24500,39543.000000,-,-,S,3195064,3304017
1,1,1930810,510360,2,20200902,110649470,1.614000,24500,39543.000000,-,-,S,3195064,3304597
1,1,1931395,510360,2,20200902,110651240,1.614000,16300,26308.200000,-,-,S,3195064,3305246
1,1,1932027,510360,2,20200902,110653420,1.614000,16300,26308.200000,-,-,S,3195064,3305917
1,1,1932670,510360,2,20200902,110655220,1.614000,16300,26308.200000,-,-,S,3195064,3306538
1,1,1933134,510360,2,20200902,110656560,1.614000,16300,26308.200000,-,-,S,3195064,3307153
1,1,1933502,510360,2,20200902,110658310,1.614000,16300,26308.200000,-,-,S,3195064,3307665
1,1,1934636,510360,2,20200902,110700140,1.614000,16300,26308.200000,-,-,S,3195064,3308293
1,1,1935266,510360,2,20200902,110702500,1.614000,16300,26308.200000,-,-,S,3195064,3309163
1,1,1935619,510360,2,20200902,110703910,1.614000,16300,26308.200000,-,-,S,3195064,3309622
1,1,1936190,510360,2,20200902,110705720,1.614000,14300,23080.200000,-,-,S,3195064,3310253
1,1,1936464,510360,2,20200902,110707110,1.614000,14300,23080.200000,-,-,S,3195064,3310660
1,1,1937234,510360,2,20200902,110709010,1.614000,16300,26308.200000,-,-,S,3195064,3311326
1,1,1937797,510360,2,20200902,110711080,1.614000,16300,26308.200000,-,-,S,3195064,3311958
1,1,1938219,510360,2,20200902,110713020,1.614000,16300,26308.200000,-,-,S,3195064,3312515
1,1,1938654,510360,2,20200902,110715020,1.614000,14300,23080.200000,-,-,S,3195064,3313121
1,1,1938963,510360,2,20200902,110716820,1.614000,14300,23080.200000,-,-,S,3195064,3313609
1,1,1939243,510360,2,20200902,110718360,1.614000,16300,26308.200000,-,-,S,3195064,3314117
1,1,1939678,510360,2,20200902,110719880,1.614000,16300,26308.200000,-,-,S,3195064,3314544
1,1,1940033,510360,2,20200902,110721660,1.614000,16300,26308.200000,-,-,S,3195064,3315071
1,1,1940510,510360,2,20200902,110723480,1.614000,15100,24371.400000,-,-,S,3195064,3315720
1,1,1940987,510360,2,20200902,110725650,1.614000,15100,24371.400000,-,-,S,3195064,3316381
1,1,1941313,510360,2,20200902,110727400,1.614000,16300,26308.200000,-,-,S,3195064,3316915
1,1,1941535,510360,2,20200902,110728770,1.614000,16300,26308.200000,-,-,S,3195064,3317338
1,1,1942121,510360,2,20200902,110730690,1.614000,15200,24532.800000,-,-,S,3195064,3318100
1,1,1942852,510360,2,20200902,110732970,1.614000,14400,23241.600000,-,-,S,3195064,3319025
1,1,1943091,510360,2,20200902,110734400,1.614000,14400,23241.600000,-,-,S,3195064,3319469
1,1,1943534,510360,2,20200902,110736190,1.614000,16300,26308.200000,-,-,S,3195064,3320266
1,1,1944089,510360,2,20200902,110738340,1.614000,16300,26308.200000,-,-,S,3195064,3321110
1,1,1944381,510360,2,20200902,110740190,1.614000,16300,26308.200000,-,-,S,3195064,3321715
1,1,1944669,510360,2,20200902,110741600,1.614000,16300,26308.200000,-,-,S,3195064,3322292
1,1,1945064,510360,2,20200902,110743490,1.614000,16300,26308.200000,-,-,S,3195064,3322895
1,1,1945368,510360,2,20200902,110744940,1.614000,16300,26308.200000,-,-,S,3195064,3323479
1,1,1945641,510360,2,20200902,110746490,1.614000,16300,26308.200000,-,-,S,3195064,3323990
1,1,1946375,510360,2,20200902,110750050,1.615000,1000,1615.000000,-,-,S,3324178,3325318
1,1,1946869,510360,2,20200902,110753310,1.614000,15300,24694.200000,-,-,S,3195064,3326298
1,1,1947357,510360,2,20200902,110755970,1.614000,15300,24694.200000,-,-,S,3195064,3327076
1,1,1948806,510360,2,20200902,110803430,1.614000,5600,9038.400000,-,-,S,3195064,3329552
1,1,1949713,510360,2,20200902,110808910,1.614000,3700,5971.800000,-,-,S,3195064,3331336
1,1,1953911,510360,2,20200902,110832660,1.614000,3700,5971.800000,-,-,S,3195064,3339252
1,1,1960077,510360,2,20200902,110911330,1.617000,600,970.200000,-,-,S,3350801,3351364
1,1,1963488,510360,2,20200902,110925250,1.614000,3700,5971.800000,-,-,S,3195064,3356479
1,1,1963689,510360,2,20200902,110926030,1.614000,15300,24694.200000,-,-,S,3195064,3356723
1,1,1964078,510360,2,20200902,110927570,1.614000,15300,24694.200000,-,-,S,3195064,3357320
1,1,1964379,510360,2,20200902,110929350,1.614000,15300,24694.200000,-,-,S,3195064,3357871
1,1,1964663,510360,2,20200902,110930790,1.614000,13000,20982.000000,-,-,S,3195064,3358304
1,1,1964999,510360,2,20200902,110932580,1.614000,13000,20982.000000,-,-,S,3195064,3358880
1,1,1965301,510360,2,20200902,110934950,1.614000,11400,18399.600000,-,-,S,3195064,3359549
1,1,1965560,510360,2,20200902,110936400,1.614000,8300,13396.200000,-,-,S,3195064,3360074
1,1,1965894,510360,2,20200902,110938580,1.614000,8300,13396.200000,-,-,S,3195064,3360657
1,1,1966288,510360,2,20200902,110940580,1.614000,7300,11782.200000,-,-,S,3195064,3361334
1,1,1967063,510360,2,20200902,110947060,1.614000,15300,24694.200000,-,-,S,3195064,3363079
1,1,1967467,510360,2,20200902,110950120,1.614000,15300,24694.200000,-,-,S,3195064,3363915
1,1,1967620,510360,2,20200902,110951600,1.614000,200,322.800000,-,-,S,3195064,3364334
1,1,1967621,510360,2,20200902,110951600,1.614000,10000,16140.000000,-,-,S,3195065,3364334
1,1,1967622,510360,2,20200902,110951600,1.614000,100,161.400000,-,-,S,3271750,3364334
1,1,1967623,510360,2,20200902,110951600,1.614000,300,484.200000,-,-,S,3315281,3364334
1,1,1967624,510360,2,20200902,110951600,1.614000,2000,3228.000000,-,-,S,3332278,3364334
1,1,1967625,510360,2,20200902,110951600,1.614000,2700,4357.800000,-,-,S,3361684,3364334
1,1,1967938,510360,2,20200902,110953490,1.614000,15300,24694.200000,-,-,S,3361684,3364884
1,1,1968176,510360,2,20200902,110955880,1.614000,13400,21627.600000,-,-,S,3361684,3365451
1,1,1968436,510360,2,20200902,110957420,1.614000,14900,24048.600000,-,-,S,3361684,3365847
1,1,1968697,510360,2,20200902,110958870,1.614000,14900,24048.600000,-,-,S,3361684,3366291
1,1,1968961,510360,2,20200902,111000710,1.614000,11200,18076.800000,-,-,S,3361684,3366895
1,1,1978573,510360,2,20200902,111059300,1.614000,1000,1614.000000,-,-,S,3361684,3383994
1,1,1979543,510360,2,20200902,111104330,1.616000,600,969.600000,-,-,S,3384498,3385626
1,1,1983182,510360,2,20200902,111122690,1.616000,3700,5979.200000,-,-,S,3384498,3391371
1,1,1983775,510360,2,20200902,111127150,1.616000,700,1131.200000,-,-,S,3384498,3392688
1,1,1983776,510360,2,20200902,111127150,1.616000,100,161.600000,-,-,S,3392268,3392688
1,1,1984104,510360,2,20200902,111128990,1.616000,800,1292.800000,-,-,S,3392268,3393174
1,1,1984443,510360,2,20200902,111131310,1.616000,600,969.600000,-,-,S,3392268,3393846
1,1,1984688,510360,2,20200902,111132740,1.616000,600,969.600000,-,-,S,3392268,3394299
1,1,1989000,510360,2,20200902,111157010,1.619000,200,323.800000,-,-,B,3401610,3382023
1,1,1992419,510360,2,20200902,111215240,1.619000,500,809.500000,-,-,B,3407433,3382023
1,1,2004096,510360,2,20200902,111312410,1.619000,2000,3238.000000,-,-,S,3424376,3427395
1,1,2004139,510360,2,20200902,111312560,1.619000,1700,2752.300000,-,-,B,3427476,3427395
1,1,2014783,510360,2,20200902,111416500,1.619000,200,323.800000,-,-,S,3443121,3447601
1,1,2014784,510360,2,20200902,111416500,1.619000,800,1295.200000,-,-,S,3444782,3447601
1,1,2014821,510360,2,20200902,111416740,1.619000,2700,4371.300000,-,-,B,3447666,3447601
1,1,2017583,510360,2,20200902,111425650,1.619000,900,1457.100000,-,-,S,3448358,3451738
1,1,2018131,510360,2,20200902,111427840,1.619000,800,1295.200000,-,-,S,3448358,3452591
1,1,2018524,510360,2,20200902,111429370,1.619000,800,1295.200000,-,-,S,3448358,3453155
1,1,2018934,510360,2,20200902,111431250,1.619000,600,971.400000,-,-,S,3448358,3453928
1,1,2020031,510360,2,20200902,111436360,1.619000,3700,5990.300000,-,-,S,3448358,3455785
1,1,2020428,510360,2,20200902,111438380,1.619000,1000,1619.000000,-,-,S,3448358,3456488
1,1,2020633,510360,2,20200902,111439750,1.619000,1000,1619.000000,-,-,B,3456894,3456488
1,1,2021101,510360,2,20200902,111442530,1.619000,12300,19913.700000,-,-,B,3457756,3456488
1,1,2021589,510360,2,20200902,111445550,1.619000,12300,19913.700000,-,-,B,3458681,3456488
1,1,2022164,510360,2,20200902,111448530,1.619000,2500,4047.500000,-,-,B,3459621,3456488
1,1,2023615,510360,2,20200902,111456900,1.618000,3700,5986.600000,-,-,S,3440723,3462070
1,1,2026296,510360,2,20200902,111517710,1.618000,3700,5986.600000,-,-,S,3440723,3467543
1,1,2027792,510360,2,20200902,111529390,1.618000,3400,5501.200000,-,-,S,3440723,3470488
1,1,2049250,510360,2,20200902,111812850,1.618000,10600,17150.800000,-,-,B,3510439,3470488
1,1,2069098,510360,2,20200902,111940320,1.623000,500,811.500000,-,-,B,3543660,2828869
1,1,2069551,510360,2,20200902,111943640,1.623000,7300,11847.900000,-,-,B,3544519,2828869
1,1,2076759,510360,2,20200902,112024670,1.623000,800,1298.400000,-,-,B,3557767,2828869
1,1,2080389,510360,2,20200902,112050810,1.623000,1400,2272.200000,-,-,B,3564927,2828869
1,1,2080390,510360,2,20200902,112050810,1.623000,1600,2596.800000,-,-,B,3564927,2831356
1,1,2080672,510360,2,20200902,112052700,1.623000,1200,1947.600000,-,-,B,3565351,2831356
1,1,2084460,510360,2,20200902,112115730,1.623000,2000,3246.000000,-,-,B,3572258,2831356
1,1,2097494,510360,2,20200902,112251310,1.623000,2000,3246.000000,-,-,B,3596515,2831356
1,1,2106614,510360,2,20200902,112417380,1.623000,3000,4869.000000,-,-,B,3614264,2831356
1,1,2125945,510360,2,20200902,112718740,1.623000,100,162.300000,-,-,B,3648909,2831356
1,1,2130601,510360,2,20200902,112810670,1.623000,100,162.300000,-,-,B,3657638,2831356
1,1,2130602,510360,2,20200902,112810670,1.623000,500,811.500000,-,-,B,3657638,3510115
1,1,2143018,510360,2,20200902,130000570,1.627000,100,162.700000,-,-,B,3680328,3653424
1,1,2145457,510360,2,20200902,130001240,1.624000,100,162.400000,-,-,B,3688816,3682431
1,1,2145458,510360,2,20200902,130001240,1.627000,900,1464.300000,-,-,B,3688816,3653424
1,1,2147518,510360,2,20200902,130002010,1.627000,200,325.400000,-,-,B,3695201,3653424
1,1,2155075,510360,2,20200902,130008270,1.627000,300,488.100000,-,-,B,3718056,3653424
1,1,2156875,510360,2,20200902,130012100,1.627000,2000,3254.000000,-,-,B,3722320,3653424
1,1,2202053,510360,2,20200902,130448100,1.623000,1000,1623.000000,-,-,S,3657638,3795697
1,1,2206456,510360,2,20200902,130520040,1.623000,200,324.600000,-,-,S,3657638,3803149
1,1,2206457,510360,2,20200902,130520040,1.623000,5000,8115.000000,-,-,S,3752946,3803149
1,1,2207494,510360,2,20200902,130527270,1.620000,27600,44712.000000,-,-,S,3752432,3805161
1,1,2248869,510360,2,20200902,131021010,1.626000,500,813.000000,-,-,B,3878591,3728373
1,1,2298602,510360,2,20200902,131552190,1.627000,7300,11877.100000,-,-,S,3962761,3963294
1,1,2318839,510360,2,20200902,131758610,1.628000,1600,2604.800000,-,-,B,3996963,3692692
1,1,2332196,510360,2,20200902,131921610,1.629000,10000,16290.000000,-,-,B,4019098,2828868
1,1,2332197,510360,2,20200902,131921610,1.629000,500,814.500000,-,-,B,4019098,3744628
1,1,2332198,510360,2,20200902,131921610,1.629000,40700,66300.300000,-,-,B,4019098,4012343
1,1,2332199,510360,2,20200902,131921610,1.630000,8400,13692.000000,-,-,B,4019098,1352593
1,1,2332200,510360,2,20200902,131921610,1.630000,100,163.000000,-,-,B,4019098,3640803
1,1,2332201,510360,2,20200902,131921610,1.630000,10000,16300.000000,-,-,B,4019098,3986109
1,1,2332202,510360,2,20200902,131921610,1.630000,5000,8150.000000,-,-,B,4019098,4018027
1,1,2332964,510360,2,20200902,131927530,1.628000,100,162.800000,-,-,S,3996963,4020472
1,1,2353029,510360,2,20200902,132138580,1.628000,2200,3581.600000,-,-,S,3996963,4053763
1,1,2376465,510360,2,20200902,132410040,1.628000,3900,6349.200000,-,-,S,3996963,4093159
1,1,2488879,510360,2,20200902,133611240,1.626000,300,487.800000,-,-,S,3878591,4277138
1,1,2488880,510360,2,20200902,133611240,1.624000,600,974.400000,-,-,S,4242498,4277138
1,1,2507973,510360,2,20200902,133820440,1.624000,300,487.200000,-,-,S,4289721,4307976
1,1,2507974,510360,2,20200902,133820440,1.623000,3200,5193.600000,-,-,S,4265360,4307976
1,1,2544042,510360,2,20200902,134211820,1.627000,17200,27984.400000,-,-,S,4360719,4367830
1,1,2573774,510360,2,20200902,134445280,1.630000,3700,6031.000000,-,-,B,4411232,4025761
1,1,2573888,510360,2,20200902,134446000,1.630000,100,163.000000,-,-,B,4411444,4025761
1,1,2574144,510360,2,20200902,134447400,1.630000,3000,4890.000000,-,-,B,4411862,4067927
1,1,2587622,510360,2,20200902,134553620,1.630000,5000,8150.000000,-,-,B,4433361,4067927
1,1,2596309,510360,2,20200902,134628870,1.630000,2000,3260.000000,-,-,B,4444943,4067927
1,1,2596310,510360,2,20200902,134628870,1.630000,16600,27058.000000,-,-,B,4444943,4328733
1,1,2614704,510360,2,20200902,134753080,1.631000,16000,26096.000000,-,-,B,4474335,1072572
1,1,2614705,510360,2,20200902,134753080,1.631000,10000,16310.000000,-,-,B,4474335,4314364
1,1,2656367,510360,2,20200902,135116500,1.631000,1300,2120.300000,-,-,B,4543060,4518128
1,1,2674957,510360,2,20200902,135323570,1.630000,3100,5053.000000,-,-,S,4570287,4575858
1,1,2678099,510360,2,20200902,135345980,1.630000,1900,3097.000000,-,-,B,4581266,4575858
1,1,2716403,510360,2,20200902,135757860,1.630000,1100,1793.000000,-,-,S,4581266,4643426
1,1,2716404,510360,2,20200902,135757860,1.630000,1000,1630.000000,-,-,S,4582377,4643426
1,1,2716405,510360,2,20200902,135757860,1.630000,2900,4727.000000,-,-,S,4639349,4643426
1,1,2745767,510360,2,20200902,140100500,1.630000,4100,6683.000000,-,-,S,4639349,4690332
1,1,2745768,510360,2,20200902,140100500,1.630000,3000,4890.000000,-,-,S,4643510,4690332
1,1,2745769,510360,2,20200902,140100500,1.630000,1000,1630.000000,-,-,S,4671345,4690332
1,1,2777258,510360,2,20200902,140359310,1.630000,8000,13040.000000,-,-,B,4740649,4691509
1,1,2786890,510360,2,20200902,140504060,1.631000,10000,16310.000000,-,-,B,4756967,4518128
1,1,2796812,510360,2,20200902,140613450,1.631000,8700,14189.700000,-,-,B,4774118,4518128
1,1,2811814,510360,2,20200902,140753720,1.631000,2200,3588.200000,-,-,S,4774118,4797597
1,1,2817480,510360,2,20200902,140826060,1.632000,200,326.400000,-,-,B,4805982,1048280
1,1,2820597,510360,2,20200902,140848160,1.632000,1000,1632.000000,-,-,B,4811158,1048280
1,1,2851457,510360,2,20200902,141141570,1.631000,20000,32620.000000,-,-,S,4774118,4858991
1,1,2872230,510360,2,20200902,141326560,1.632000,8600,14035.200000,-,-,B,4889597,1048280
1,1,2872231,510360,2,20200902,141326560,1.632000,500,816.000000,-,-,B,4889597,2418106
1,1,2872232,510360,2,20200902,141326560,1.632000,5400,8812.800000,-,-,B,4889597,4764101
1,1,2876754,510360,2,20200902,141345220,1.633000,100,163.300000,-,-,B,4895493,4890524
1,1,2884722,510360,2,20200902,141413480,1.633000,11900,19432.700000,-,-,B,4905345,4890524
1,1,2907838,510360,2,20200902,141549710,1.633000,200,326.600000,-,-,B,4939354,4938140
1,1,2911281,510360,2,20200902,141607620,1.633000,2600,4245.800000,-,-,B,4945343,4943469
1,1,3011268,510360,2,20200902,142601120,1.634000,100,163.400000,-,-,B,5110326,5029484
1,1,3016144,510360,2,20200902,142618430,1.631000,1400,2283.400000,-,-,S,4774118,5116902
1,1,3016145,510360,2,20200902,142618430,1.631000,1700,2772.700000,-,-,S,4896302,5116902
1,1,3016733,510360,2,20200902,142620110,1.631000,300,489.300000,-,-,S,4896302,5117727
1,1,3016734,510360,2,20200902,142620110,1.631000,2400,3914.400000,-,-,S,5051730,5117727
1,1,3017636,510360,2,20200902,142622780,1.631000,2400,3914.400000,-,-,S,5051730,5118831
1,1,3018620,510360,2,20200902,142625500,1.632000,300,489.600000,-,-,B,5119840,5118109
1,1,3020166,510360,2,20200902,142630090,1.631000,2100,3425.100000,-,-,S,5051730,5121534
1,1,3020675,510360,2,20200902,142631760,1.631000,3700,6034.700000,-,-,S,5051730,5122166
1,1,3020680,510360,2,20200902,142631840,1.631000,1800,2935.800000,-,-,S,5051730,5122181
1,1,3021105,510360,2,20200902,142634020,1.631000,1800,2935.800000,-,-,S,5051730,5122845
1,1,3021490,510360,2,20200902,142635730,1.631000,1100,1794.100000,-,-,S,5051730,5123282
1,1,3022006,510360,2,20200902,142638030,1.631000,800,1304.800000,-,-,S,5051730,5123987
1,1,3022415,510360,2,20200902,142639950,1.631000,800,1304.800000,-,-,S,5051730,5124548
1,1,3022771,510360,2,20200902,142641700,1.631000,700,1141.700000,-,-,S,5051730,5125009
1,1,3024635,510360,2,20200902,142651620,1.631000,3700,6034.700000,-,-,S,5051730,5127657
1,1,3030484,510360,2,20200902,142721160,1.631000,500,815.500000,-,-,S,5051730,5136188
1,1,3030485,510360,2,20200902,142721160,1.631000,100,163.100000,-,-,S,5128843,5136188
1,1,3053104,510360,2,20200902,142933050,1.630000,1800,2934.000000,-,-,S,4893432,5171227
1,1,3067908,510360,2,20200902,143046280,1.629000,200,325.800000,-,-,S,4401186,5192277
1,1,3070544,510360,2,20200902,143100680,1.629000,3000,4887.000000,-,-,S,4401186,5196561
1,1,3070545,510360,2,20200902,143100680,1.629000,1000,1629.000000,-,-,S,5187805,5196561
1,1,3080305,510360,2,20200902,143157080,1.630000,4300,7009.000000,-,-,B,5212723,5171227
1,1,3080348,510360,2,20200902,143157330,1.630000,700,1141.000000,-,-,B,5212783,5171227
1,1,3085357,510360,2,20200902,143228460,1.630000,30900,50367.000000,-,-,B,5221350,5171227
1,1,3139133,510360,2,20200902,143701990,1.627000,5000,8135.000000,-,-,S,5262009,5301860
1,1,3196208,510360,2,20200902,144038640,1.626000,600,975.600000,-,-,S,5346115,5379097
1,1,3196209,510360,2,20200902,144038640,1.626000,1500,2439.000000,-,-,S,5353833,5379097
1,1,3199540,510360,2,20200902,144049140,1.626000,1600,2601.600000,-,-,B,5383073,5379097
1,1,3200636,510360,2,20200902,144053940,1.628000,6500,10582.000000,-,-,B,5384661,5363694
1,1,3261765,510360,2,20200902,144457860,1.628000,600,976.800000,-,-,B,5472745,5437776
1,1,3264251,510360,2,20200902,144505380,1.628000,3000,4884.000000,-,-,B,5476064,5437776
1,1,3281052,510360,2,20200902,144613790,1.629000,200,325.800000,-,-,B,5500949,5412950
1,1,3307471,510360,2,20200902,144817370,1.628000,3000,4884.000000,-,-,B,5542149,5537732
1,1,3308335,510360,2,20200902,144822460,1.628000,100,162.800000,-,-,S,5542149,5543659
1,1,3370864,510360,2,20200902,145214640,1.631000,6000,9786.000000,-,-,B,5629112,5511389
1,1,3372575,510360,2,20200902,145220800,1.631000,24000,39144.000000,-,-,S,5629112,5631715
1,1,3398423,510360,2,20200902,145345670,1.630000,12000,19560.000000,-,-,B,5668693,5668020
1,1,3415724,510360,2,20200902,145438130,1.628000,6900,11233.200000,-,-,S,5542149,5692961
1,1,3434002,510360,2,20200902,145527360,1.628000,1000,1628.000000,-,-,B,5719128,5692961
1,1,3445229,510360,2,20200902,145558980,1.627000,3800,6182.600000,-,-,S,5732993,5734691
1,1,3457171,510360,2,20200902,145631500,1.628000,1000,1628.000000,-,-,B,5750049,5692961
1,1,3467281,510360,2,20200902,145718290,1.628000,300,488.400000,-,-,B,5769519,5692961
1,1,3467884,510360,2,20200902,145804150,1.628000,100,162.800000,-,-,B,5782575,5692961
1,1,3468227,510360,2,20200902,145822180,1.628000,700,1139.600000,-,-,B,5786625,5692961
1,1,3468228,510360,2,20200902,145822180,1.628000,100,162.800000,-,-,B,5786625,5728577
1,1,3468306,510360,2,20200902,145827690,1.628000,1100,1790.800000,-,-,S,5786625,5787887
1,1,3468365,510360,2,20200902,145830060,1.628000,1000,1628.000000,-,-,S,5786625,5788415
1,1,3468392,510360,2,20200902,145832360,1.628000,800,1302.400000,-,-,S,5786625,5788891
1,1,3468448,510360,2,20200902,145834730,1.628000,700,1139.600000,-,-,S,5786625,5789378
1,1,3468470,510360,2,20200902,145835840,1.628000,3700,6023.600000,-,-,S,5786625,5789613
1,1,3468483,510360,2,20200902,145837210,1.628000,700,1139.600000,-,-,S,5786625,5789947
1,1,3468526,510360,2,20200902,145841230,1.628000,1200,1953.600000,-,-,S,5786625,5790787
1,1,3468976,510360,2,20200902,145910850,1.627000,1200,1952.400000,-,-,S,5759108,5796841
1,1,3469383,510360,2,20200902,145928000,1.628000,500,814.000000,-,-,B,5800701,5790787
1,1,3469840,510360,2,20200902,145950680,1.630000,100,163.000000,-,-,B,5805265,5729818
