Datetime,Price,Volume
2020-08-20 09:25:02.640,3.33,29700
2020-08-20 09:25:02.640,3.33,500
2020-08-20 09:25:02.640,3.33,2400
2020-08-20 09:25:02.640,3.33,1300
2020-08-20 09:25:02.640,3.33,7600
2020-08-20 09:25:02.640,3.33,100
2020-08-20 09:25:02.640,3.33,25500
2020-08-20 09:25:02.640,3.33,3000
2020-08-20 09:25:02.640,3.33,1000
2020-08-20 09:25:02.640,3.33,7800
2020-08-20 09:25:02.640,3.33,2000
2020-08-20 09:25:02.640,3.33,1100
2020-08-20 09:25:02.640,3.33,9600
2020-08-20 09:25:02.640,3.33,100
2020-08-20 09:25:02.640,3.33,100
2020-08-20 09:25:02.640,3.33,100
2020-08-20 09:25:02.640,3.33,100
2020-08-20 09:25:02.640,3.33,100
2020-08-20 09:25:02.640,3.33,100
2020-08-20 09:25:02.640,3.33,10000
2020-08-20 09:25:02.640,3.33,100
2020-08-20 09:25:02.640,3.33,100
2020-08-20 09:25:02.640,3.33,100
2020-08-20 09:25:02.640,3.33,100
2020-08-20 09:25:02.640,3.33,100
2020-08-20 09:25:02.640,3.33,100
2020-08-20 09:25:02.640,3.33,300
2020-08-20 09:25:02.640,3.33,100
2020-08-20 09:25:02.640,3.33,100
2020-08-20 09:25:02.640,3.33,100
2020-08-20 09:25:02.640,3.33,100
2020-08-20 09:25:02.640,3.33,1000
2020-08-20 09:25:02.640,3.33,7600
2020-08-20 09:25:02.640,3.33,100
2020-08-20 09:25:02.640,3.33,2300
2020-08-20 09:25:02.640,3.33,300
2020-08-20 09:25:02.640,3.33,1000
2020-08-20 09:25:02.640,3.33,1400
2020-08-20 09:25:02.640,3.33,100
2020-08-20 09:25:02.640,3.33,200
2020-08-20 09:25:02.640,3.33,100
2020-08-20 09:25:02.640,3.33,3000
2020-08-20 09:25:02.640,3.33,500
2020-08-20 09:25:02.640,3.33,6000
2020-08-20 09:25:02.640,3.33,3000
2020-08-20 09:25:02.640,3.33,100
2020-08-20 09:25:02.640,3.33,3100
2020-08-20 09:25:02.640,3.33,1600
2020-08-20 09:25:02.640,3.33,100
2020-08-20 09:25:02.640,3.33,200
2020-08-20 09:25:02.640,3.33,100
2020-08-20 09:25:02.640,3.33,300
2020-08-20 09:25:02.640,3.33,100
2020-08-20 09:25:02.640,3.33,100
2020-08-20 09:25:02.640,3.33,2000
2020-08-20 09:25:02.640,3.33,1000
2020-08-20 09:25:02.640,3.33,600
2020-08-20 09:25:02.640,3.33,3000
2020-08-20 09:25:02.640,3.33,200
2020-08-20 09:25:02.640,3.33,5000
2020-08-20 09:25:02.640,3.33,100
2020-08-20 09:25:02.640,3.33,1000
2020-08-20 09:25:02.640,3.33,200
2020-08-20 09:25:02.640,3.33,2000
2020-08-20 09:25:02.640,3.33,200
2020-08-20 09:25:02.640,3.33,1000
2020-08-20 09:25:02.640,3.33,200
2020-08-20 09:25:02.640,3.33,900
2020-08-20 09:25:02.640,3.33,1000
2020-08-20 09:25:02.640,3.33,200
2020-08-20 09:25:02.640,3.33,300
2020-08-20 09:25:02.640,3.33,6000
2020-08-20 09:25:02.640,3.33,100
2020-08-20 09:25:02.640,3.33,200
2020-08-20 09:25:02.640,3.33,100
2020-08-20 09:25:02.640,3.33,100
2020-08-20 09:25:02.640,3.33,5000
2020-08-20 09:25:02.640,3.33,3000
2020-08-20 09:25:02.640,3.33,3700
2020-08-20 09:25:02.640,3.33,2300
2020-08-20 09:25:02.640,3.33,500
2020-08-20 09:25:02.640,3.33,1000
2020-08-20 09:25:02.640,3.33,5000
2020-08-20 09:25:02.640,3.33,1000
2020-08-20 09:25:02.640,3.33,100
2020-08-20 09:25:02.640,3.33,100
2020-08-20 09:25:02.640,3.33,100
2020-08-20 09:25:02.640,3.33,200
2020-08-20 09:25:02.640,3.33,800
2020-08-20 09:25:02.640,3.33,900
2020-08-20 09:25:02.640,3.33,500
2020-08-20 09:25:02.640,3.33,3300
2020-08-20 09:25:02.640,3.33,100
2020-08-20 09:25:02.640,3.33,5000
2020-08-20 09:25:02.640,3.33,1000
2020-08-20 09:25:02.640,3.33,200
2020-08-20 09:25:02.640,3.33,2000
2020-08-20 09:25:02.640,3.33,100
2020-08-20 09:25:02.640,3.33,200
2020-08-20 09:25:02.640,3.33,100
2020-08-20 09:25:02.640,3.33,100
2020-08-20 09:25:02.640,3.33,200
2020-08-20 09:25:02.640,3.33,100
2020-08-20 09:25:02.640,3.33,5000
2020-08-20 09:25:02.640,3.33,500
2020-08-20 09:25:02.640,3.33,200
2020-08-20 09:25:02.640,3.33,1000
2020-08-20 09:25:02.640,3.33,200
2020-08-20 09:25:02.640,3.33,1000
2020-08-20 09:25:02.640,3.33,6100
2020-08-20 09:25:02.640,3.33,5000
2020-08-20 09:25:02.640,3.33,300
2020-08-20 09:25:02.640,3.33,100
2020-08-20 09:25:02.640,3.33,1000
2020-08-20 09:25:02.640,3.33,2400
2020-08-20 09:25:02.640,3.33,200
2020-08-20 09:25:02.640,3.33,1500
2020-08-20 09:25:02.640,3.33,1200
2020-08-20 09:25:02.640,3.33,300
2020-08-20 09:25:02.640,3.33,1500
2020-08-20 09:25:02.640,3.33,1000
2020-08-20 09:25:02.640,3.33,100
2020-08-20 09:25:02.640,3.33,500
2020-08-20 09:25:02.640,3.33,1700
2020-08-20 09:25:02.640,3.33,2300
2020-08-20 09:25:02.640,3.33,100
2020-08-20 09:25:02.640,3.33,100
2020-08-20 09:25:02.640,3.33,700
2020-08-20 09:25:02.640,3.33,100
2020-08-20 09:25:02.640,3.33,2900
2020-08-20 09:25:02.640,3.33,3000
2020-08-20 09:25:02.640,3.33,5900
2020-08-20 09:25:02.640,3.33,17200
2020-08-20 09:25:02.640,3.33,100
2020-08-20 09:25:02.640,3.33,12000
2020-08-20 09:25:02.640,3.33,100
2020-08-20 09:25:02.640,3.33,5000
2020-08-20 09:25:02.640,3.33,5100
2020-08-20 09:25:02.640,3.33,500
2020-08-20 09:25:02.640,3.33,200
2020-08-20 09:25:02.640,3.33,9800
2020-08-20 09:25:02.640,3.33,200
2020-08-20 09:25:02.640,3.33,5000
2020-08-20 09:25:02.640,3.33,2800
2020-08-20 09:25:02.640,3.33,6200
2020-08-20 09:25:02.640,3.33,9000
2020-08-20 09:25:02.640,3.33,5900
2020-08-20 09:25:02.640,3.33,200
2020-08-20 09:25:02.640,3.33,1000
2020-08-20 09:25:02.640,3.33,100
2020-08-20 09:25:02.640,3.33,100
2020-08-20 09:25:02.640,3.33,9000
2020-08-20 09:25:02.640,3.33,1000
2020-08-20 09:25:02.640,3.33,200
2020-08-20 09:25:02.640,3.33,100
2020-08-20 09:25:02.640,3.33,10000
2020-08-20 09:25:02.640,3.33,400
2020-08-20 09:25:02.640,3.33,2000
2020-08-20 09:25:02.640,3.33,1000
2020-08-20 09:25:02.640,3.33,10000
2020-08-20 09:25:02.640,3.33,1000
2020-08-20 09:25:02.640,3.33,6100
2020-08-20 09:25:02.640,3.33,600
2020-08-20 09:25:02.640,3.33,1300
2020-08-20 09:25:02.640,3.33,8700
2020-08-20 09:25:02.640,3.33,100
2020-08-20 09:25:02.640,3.33,1200
2020-08-20 09:25:02.640,3.33,3800
2020-08-20 09:25:02.640,3.33,900
2020-08-20 09:25:02.640,3.33,200
2020-08-20 09:25:02.640,3.33,2000
2020-08-20 09:25:02.640,3.33,4000
2020-08-20 09:25:02.640,3.33,200
2020-08-20 09:25:02.640,3.33,200
2020-08-20 09:25:02.640,3.33,1000
2020-08-20 09:25:02.640,3.33,100
2020-08-20 09:25:02.640,3.33,300
2020-08-20 09:25:02.640,3.33,700
2020-08-20 09:25:02.640,3.33,5000
2020-08-20 09:25:02.640,3.33,3800
2020-08-20 09:25:02.640,3.33,10000
2020-08-20 09:25:02.640,3.33,200
2020-08-20 09:25:02.640,3.33,1000
2020-08-20 09:25:02.640,3.33,1000
2020-08-20 09:25:02.640,3.33,400
2020-08-20 09:25:02.640,3.33,6100
2020-08-20 09:25:02.640,3.33,100
2020-08-20 09:25:02.640,3.33,9000
2020-08-20 09:25:02.640,3.33,11000
2020-08-20 09:25:02.640,3.33,1000
2020-08-20 09:25:02.640,3.33,500
2020-08-20 09:25:02.640,3.33,5000
2020-08-20 09:25:02.640,3.33,20000
2020-08-20 09:25:02.640,3.33,100
2020-08-20 09:25:02.640,3.33,200
2020-08-20 09:25:02.640,3.33,3000
2020-08-20 09:25:02.640,3.33,8000
2020-08-20 09:25:02.640,3.33,3000
2020-08-20 09:25:02.640,3.33,200
2020-08-20 09:25:02.640,3.33,1000
2020-08-20 09:25:02.640,3.33,100
2020-08-20 09:25:02.640,3.33,5000
2020-08-20 09:25:02.640,3.33,2000
2020-08-20 09:25:02.640,3.33,45200
2020-08-20 09:25:02.640,3.33,154800
2020-08-20 09:25:02.640,3.33,4700
2020-08-20 09:25:02.640,3.33,10000
2020-08-20 09:25:02.640,3.33,200
2020-08-20 09:25:02.640,3.33,200
2020-08-20 09:25:02.640,3.33,1000
2020-08-20 09:25:02.640,3.33,400
2020-08-20 09:25:02.640,3.33,500
2020-08-20 09:25:02.640,3.33,100
2020-08-20 09:25:02.640,3.33,200
2020-08-20 09:25:02.640,3.33,2000
2020-08-20 09:25:02.640,3.33,3000
2020-08-20 09:25:02.640,3.33,6100
2020-08-20 09:25:02.640,3.33,100
2020-08-20 09:25:02.640,3.33,100
2020-08-20 09:25:02.640,3.33,600
2020-08-20 09:25:02.640,3.33,12700
2020-08-20 09:25:02.640,3.33,5000
2020-08-20 09:25:02.640,3.33,7000
2020-08-20 09:25:02.640,3.33,6000
2020-08-20 09:25:02.640,3.33,200
2020-08-20 09:25:02.640,3.33,3000
2020-08-20 09:25:02.640,3.33,1000
2020-08-20 09:25:02.640,3.33,5200
2020-08-20 09:25:02.640,3.33,200
2020-08-20 09:25:02.640,3.33,3200
2020-08-20 09:25:02.640,3.33,100
2020-08-20 09:25:02.640,3.33,20000
2020-08-20 09:25:02.640,3.33,10000
2020-08-20 09:25:02.640,3.33,10000
2020-08-20 09:25:02.640,3.33,200
2020-08-20 09:25:02.640,3.33,2000
2020-08-20 09:25:02.640,3.33,4000
2020-08-20 09:25:02.640,3.33,200
2020-08-20 09:25:02.640,3.33,10000
2020-08-20 09:25:02.640,3.33,100
2020-08-20 09:25:02.640,3.33,1000
2020-08-20 09:25:02.640,3.33,200
2020-08-20 09:25:02.640,3.33,10000
2020-08-20 09:25:02.640,3.33,700
2020-08-20 09:25:02.640,3.33,1000
2020-08-20 09:25:02.640,3.33,15400
2020-08-20 09:25:02.640,3.33,10000
2020-08-20 09:25:02.640,3.33,1200
2020-08-20 09:25:02.640,3.33,4000
2020-08-20 09:25:02.640,3.33,100
2020-08-20 09:25:02.640,3.33,100
2020-08-20 09:25:02.640,3.33,200
2020-08-20 09:25:02.640,3.33,27800
2020-08-20 09:25:02.640,3.33,2000
2020-08-20 09:25:02.640,3.33,5000
2020-08-20 09:25:02.640,3.33,5000
2020-08-20 09:25:02.640,3.33,300
2020-08-20 09:25:02.640,3.33,5000
2020-08-20 09:25:02.640,3.33,10000
2020-08-20 09:25:02.640,3.33,5000
2020-08-20 09:25:02.640,3.33,15000
2020-08-20 09:25:02.640,3.33,1000
2020-08-20 09:25:02.640,3.33,10000
2020-08-20 09:25:02.640,3.33,300
2020-08-20 09:25:02.640,3.33,1000
2020-08-20 09:25:02.640,3.33,300
2020-08-20 09:25:02.640,3.33,5000
2020-08-20 09:25:02.640,3.33,400
2020-08-20 09:25:02.640,3.33,100
2020-08-20 09:25:02.640,3.33,3500
2020-08-20 09:25:02.640,3.33,500
2020-08-20 09:25:02.640,3.33,100
2020-08-20 09:25:02.640,3.33,16300
2020-08-20 09:25:02.640,3.33,273600
2020-08-20 09:25:02.640,3.33,1500
2020-08-20 09:25:02.640,3.33,7400
2020-08-20 09:25:02.640,3.33,217500
2020-08-20 09:25:02.640,3.33,10000
2020-08-20 09:25:02.640,3.33,1000
2020-08-20 09:25:02.640,3.33,71500
2020-08-20 09:25:02.640,3.33,30500
2020-08-20 09:25:02.640,3.33,91500
2020-08-20 09:25:02.640,3.33,306500
2020-08-20 09:25:02.640,3.33,5000
2020-08-20 09:25:02.640,3.33,17700
2020-08-20 09:25:02.640,3.33,242000
2020-08-20 09:25:02.640,3.33,100
2020-08-20 09:25:02.640,3.33,500
2020-08-20 09:25:02.640,3.33,3500
2020-08-20 09:25:02.640,3.33,10000
2020-08-20 09:25:02.640,3.33,1000
2020-08-20 09:25:02.640,3.33,9100
2020-08-20 09:25:02.640,3.33,10000
2020-08-20 09:25:02.640,3.33,2000
2020-08-20 09:25:02.640,3.33,5000
2020-08-20 09:25:02.640,3.33,4600
2020-08-20 09:25:02.640,3.33,2000
2020-08-20 09:25:02.640,3.33,200
2020-08-20 09:25:02.640,3.33,1000
2020-08-20 09:25:02.640,3.33,1000
2020-08-20 09:25:02.640,3.33,100
2020-08-20 09:25:02.640,3.33,2000
2020-08-20 09:25:02.640,3.33,1000
2020-08-20 09:25:02.640,3.33,6100
2020-08-20 09:25:02.640,3.33,1000
2020-08-20 09:25:02.640,3.33,7000
2020-08-20 09:25:02.640,3.33,5000
2020-08-20 09:25:02.640,3.33,5000
2020-08-20 09:25:02.640,3.33,500
2020-08-20 09:25:02.640,3.33,1000
2020-08-20 09:25:02.640,3.33,200
2020-08-20 09:25:02.640,3.33,200
2020-08-20 09:25:02.640,3.33,2500
2020-08-20 09:25:02.640,3.33,1000
2020-08-20 09:25:02.640,3.33,1500
2020-08-20 09:25:02.640,3.33,6000
2020-08-20 09:25:02.640,3.33,5000
2020-08-20 09:25:02.640,3.33,800
2020-08-20 09:25:02.640,3.33,100
2020-08-20 09:25:02.640,3.33,8000
2020-08-20 09:25:02.640,3.33,5000
2020-08-20 09:25:02.640,3.33,1800
2020-08-20 09:25:02.640,3.33,200
2020-08-20 09:25:02.640,3.33,1000
2020-08-20 09:25:02.640,3.33,400
2020-08-20 09:25:02.640,3.33,6100
2020-08-20 09:25:02.640,3.33,12000
2020-08-20 09:25:02.640,3.33,4000
2020-08-20 09:25:02.640,3.33,5000
2020-08-20 09:25:02.640,3.33,5000
2020-08-20 09:25:02.640,3.33,41100
2020-08-20 09:25:02.640,3.33,40000
2020-08-20 09:25:02.640,3.33,35000
2020-08-20 09:25:02.640,3.33,12500
2020-08-20 09:25:02.640,3.33,71400
2020-08-20 09:25:02.640,3.33,600
2020-08-20 09:25:02.640,3.33,200
2020-08-20 09:25:02.640,3.33,200
2020-08-20 09:25:02.640,3.33,1000
2020-08-20 09:25:02.640,3.33,500
2020-08-20 09:25:02.640,3.33,100
2020-08-20 09:25:02.640,3.33,500
2020-08-20 09:25:02.640,3.33,12700
2020-08-20 09:25:02.640,3.33,5000
2020-08-20 09:25:02.640,3.33,500
2020-08-20 09:25:02.640,3.33,900
2020-08-20 09:25:02.640,3.33,76400
2020-08-20 09:25:02.640,3.33,23600
2020-08-20 09:25:02.640,3.33,500
2020-08-20 09:25:02.640,3.33,2000
2020-08-20 09:25:02.640,3.33,100
2020-08-20 09:25:02.640,3.33,200
2020-08-20 09:25:02.640,3.33,1000
2020-08-20 09:25:02.640,3.33,10000
2020-08-20 09:25:02.640,3.33,2500
2020-08-20 09:25:02.640,3.33,2500
2020-08-20 09:25:02.640,3.33,1000
2020-08-20 09:25:02.640,3.33,200
2020-08-20 09:25:02.640,3.33,6100
2020-08-20 09:25:02.640,3.33,10000
2020-08-20 09:25:02.640,3.33,500
2020-08-20 09:25:02.640,3.33,20000
2020-08-20 09:25:02.640,3.33,5000
2020-08-20 09:25:02.640,3.33,100000
2020-08-20 09:25:02.640,3.33,200
2020-08-20 09:25:02.640,3.33,5800
2020-08-20 09:25:02.640,3.33,10000
2020-08-20 09:25:02.640,3.33,200
2020-08-20 09:25:02.640,3.33,1000
2020-08-20 09:25:02.640,3.33,7600
2020-08-20 09:25:02.640,3.33,12400
2020-08-20 09:25:02.640,3.33,200
2020-08-20 09:25:02.640,3.33,300
2020-08-20 09:25:02.640,3.33,5100
2020-08-20 09:25:02.640,3.33,900
2020-08-20 09:25:02.640,3.33,100
2020-08-20 09:25:02.640,3.33,5000
2020-08-20 09:25:02.640,3.33,3300
2020-08-20 09:25:02.640,3.33,3100
2020-08-20 09:25:02.640,3.33,3100
2020-08-20 09:25:02.640,3.33,3800
2020-08-20 09:25:02.640,3.33,10000
2020-08-20 09:25:02.640,3.33,300
2020-08-20 09:25:02.640,3.33,200
2020-08-20 09:25:02.640,3.33,1000
2020-08-20 09:25:02.640,3.33,1000
2020-08-20 09:25:02.640,3.33,200
2020-08-20 09:25:02.640,3.33,3000
2020-08-20 09:25:02.640,3.33,6100
2020-08-20 09:25:02.640,3.33,3800
2020-08-20 09:25:02.640,3.33,500
2020-08-20 09:25:02.640,3.33,30000
2020-08-20 09:25:02.640,3.33,3100
2020-08-20 09:25:02.640,3.33,200
2020-08-20 09:25:02.640,3.33,5000
2020-08-20 09:25:02.640,3.33,5000
2020-08-20 09:25:02.640,3.33,3000
2020-08-20 09:25:02.640,3.33,600
2020-08-20 09:25:02.640,3.33,200
2020-08-20 09:25:02.640,3.33,600
2020-08-20 09:25:02.640,3.33,200
2020-08-20 09:25:02.640,3.33,1000
2020-08-20 09:25:02.640,3.33,2000
2020-08-20 09:25:02.640,3.33,5000
2020-08-20 09:25:02.640,3.33,1000
2020-08-20 09:25:02.640,3.33,2000
2020-08-20 09:25:02.640,3.33,2000
2020-08-20 09:25:02.640,3.33,2500
2020-08-20 09:25:02.640,3.33,200
2020-08-20 09:25:02.640,3.33,1000
2020-08-20 09:25:02.640,3.33,500
2020-08-20 09:25:02.640,3.33,100
2020-08-20 09:25:02.640,3.33,6100
2020-08-20 09:25:02.640,3.33,20000
2020-08-20 09:25:02.640,3.33,2000
2020-08-20 09:25:02.640,3.33,100
2020-08-20 09:25:02.640,3.33,10000
2020-08-20 09:25:02.640,3.33,600
2020-08-20 09:25:02.640,3.33,100
2020-08-20 09:25:02.640,3.33,5000
2020-08-20 09:25:02.640,3.33,1600
2020-08-20 09:25:02.640,3.33,5000
2020-08-20 09:25:02.640,3.33,10000
2020-08-20 09:25:02.640,3.33,100
2020-08-20 09:25:02.640,3.33,20000
2020-08-20 09:25:02.640,3.33,10000
2020-08-20 09:25:02.640,3.33,2000
2020-08-20 09:25:02.640,3.33,700
2020-08-20 09:25:02.640,3.33,1400
2020-08-20 09:25:02.640,3.33,5000
2020-08-20 09:25:02.640,3.33,5000
2020-08-20 09:25:02.640,3.33,20000
2020-08-20 09:25:02.640,3.33,10000
2020-08-20 09:25:02.640,3.33,100
2020-08-20 09:25:02.640,3.33,1000
2020-08-20 09:25:02.640,3.33,200
2020-08-20 09:25:02.640,3.33,10000
2020-08-20 09:25:02.640,3.33,1000
2020-08-20 09:25:02.640,3.33,1000
2020-08-20 09:25:02.640,3.33,1000
2020-08-20 09:25:02.640,3.33,10000
2020-08-20 09:25:02.640,3.33,1200
2020-08-20 09:25:02.640,3.33,2000
2020-08-20 09:25:02.640,3.33,3000
2020-08-20 09:25:02.640,3.33,10000
2020-08-20 09:25:02.640,3.33,2000
2020-08-20 09:25:02.640,3.33,6000
2020-08-20 09:25:02.640,3.33,20000
2020-08-20 09:25:02.640,3.33,500
2020-08-20 09:25:02.640,3.33,2800
2020-08-20 09:25:02.640,3.33,1500
2020-08-20 09:25:02.640,3.33,400
2020-08-20 09:25:02.640,3.33,500
2020-08-20 09:25:02.640,3.33,10000
2020-08-20 09:25:02.640,3.33,10000
2020-08-20 09:25:02.640,3.33,600
2020-08-20 09:25:02.640,3.33,30000
2020-08-20 09:25:02.640,3.33,10000
2020-08-20 09:25:02.640,3.33,6000
2020-08-20 09:25:02.640,3.33,1000
2020-08-20 09:25:02.640,3.33,400
2020-08-20 09:25:02.640,3.33,300
2020-08-20 09:25:02.640,3.33,1000
2020-08-20 09:25:02.640,3.33,2000
2020-08-20 09:25:02.640,3.33,5000
2020-08-20 09:25:02.640,3.33,10000
2020-08-20 09:25:02.640,3.33,5000
2020-08-20 09:25:02.640,3.33,100
2020-08-20 09:25:02.640,3.33,58100
2020-08-20 09:25:02.640,3.33,41900
2020-08-20 09:25:02.640,3.33,5300
2020-08-20 09:30:00.080,3.33,200
2020-08-20 09:30:00.080,3.329,600
2020-08-20 09:30:00.080,3.329,200
2020-08-20 09:30:00.080,3.329,1000
2020-08-20 09:30:00.080,3.329,1000
2020-08-20 09:30:00.080,3.329,100
2020-08-20 09:30:00.080,3.329,6100
2020-08-20 09:30:00.080,3.329,5000
2020-08-20 09:30:00.080,3.329,5000
2020-08-20 09:30:00.160,3.328,10000
2020-08-20 09:30:00.160,3.328,200
2020-08-20 09:30:00.160,3.328,500
2020-08-20 09:30:00.160,3.328,2000
2020-08-20 09:30:00.160,3.328,4400
2020-08-20 09:30:00.160,3.328,200
2020-08-20 09:30:00.160,3.328,1000
2020-08-20 09:30:00.160,3.328,2000
2020-08-20 09:30:00.160,3.328,5000
2020-08-20 09:30:00.160,3.328,1300
2020-08-20 09:30:00.160,3.328,6100
2020-08-20 09:30:00.160,3.328,5000
2020-08-20 09:30:00.160,3.328,10000
2020-08-20 09:30:00.570,3.328,800
2020-08-20 09:30:00.670,3.327,100
2020-08-20 09:30:00.670,3.327,200
2020-08-20 09:30:00.670,3.327,700
2020-08-20 09:30:00.670,3.328,11100
2020-08-20 09:30:00.670,3.328,400
2020-08-20 09:30:00.670,3.328,2000
2020-08-20 09:30:00.670,3.329,1000
2020-08-20 09:30:00.670,3.329,17600
2020-08-20 09:30:00.670,3.329,15000
2020-08-20 09:30:01.000,3.329,200
2020-08-20 09:30:01.000,3.329,4000
2020-08-20 09:30:01.000,3.329,20000
2020-08-20 09:30:01.110,3.329,3000
2020-08-20 09:30:01.110,3.329,10000
2020-08-20 09:30:01.110,3.327,300
2020-08-20 09:30:01.110,3.327,1000
2020-08-20 09:30:01.110,3.327,200
2020-08-20 09:30:01.110,3.327,6100
2020-08-20 09:30:01.110,3.327,5000
2020-08-20 09:30:01.110,3.326,30000
2020-08-20 09:30:01.110,3.326,200
2020-08-20 09:30:01.110,3.326,1500
2020-08-20 09:30:01.110,3.326,1500
2020-08-20 09:30:01.110,3.326,1500
2020-08-20 09:30:01.110,3.326,58000
2020-08-20 09:30:01.110,3.326,1000
2020-08-20 09:30:01.110,3.326,500
2020-08-20 09:30:01.110,3.326,100
2020-08-20 09:30:01.110,3.326,500
2020-08-20 09:30:01.110,3.326,100
2020-08-20 09:30:01.110,3.326,5000
2020-08-20 09:30:01.110,3.325,300
2020-08-20 09:30:01.110,3.325,100
2020-08-20 09:30:01.110,3.325,8000
2020-08-20 09:30:01.110,3.325,1000
2020-08-20 09:30:01.110,3.325,10000
2020-08-20 09:30:01.110,3.325,200
2020-08-20 09:30:01.110,3.325,3000
2020-08-20 09:30:01.110,3.325,16000
2020-08-20 09:30:01.110,3.325,1000
2020-08-20 09:30:01.110,3.325,10000
2020-08-20 09:30:01.110,3.325,6100
2020-08-20 09:30:01.110,3.325,10000
2020-08-20 09:30:01.110,3.325,2500
2020-08-20 09:30:01.110,3.325,1000
2020-08-20 09:30:01.110,3.325,50000
2020-08-20 09:30:01.110,3.325,1000
2020-08-20 09:30:01.110,3.325,113300
2020-08-20 09:30:01.220,3.325,3300
2020-08-20 09:30:01.220,3.327,2000
2020-08-20 09:30:01.220,3.326,14400
2020-08-20 09:30:01.220,3.325,4500
2020-08-20 09:30:01.220,3.325,4100
2020-08-20 09:30:01.420,3.329,10000
2020-08-20 09:30:01.580,3.326,100
2020-08-20 09:30:01.690,3.326,1000
2020-08-20 09:30:01.800,3.326,1500
2020-08-20 09:30:01.800,3.326,2400
2020-08-20 09:30:01.800,3.327,10000
2020-08-20 09:30:01.800,3.328,5000
2020-08-20 09:30:01.800,3.329,65000
2020-08-20 09:30:01.800,3.329,1000
2020-08-20 09:30:01.920,3.329,3000
2020-08-20 09:30:01.920,3.329,10000
2020-08-20 09:30:02.130,3.329,200
2020-08-20 09:30:02.130,3.326,15600
2020-08-20 09:30:02.130,3.325,7700
2020-08-20 09:30:02.250,3.329,20000
2020-08-20 09:30:02.250,3.325,8200
2020-08-20 09:30:02.250,3.325,5000
2020-08-20 09:30:02.250,3.324,200
2020-08-20 09:30:02.250,3.324,200
2020-08-20 09:30:02.250,3.324,3000
2020-08-20 09:30:02.250,3.324,700
2020-08-20 09:30:02.250,3.324,1000
2020-08-20 09:30:02.250,3.324,300
2020-08-20 09:30:02.250,3.324,5000
2020-08-20 09:30:02.250,3.323,1000
2020-08-20 09:30:02.250,3.323,3800
2020-08-20 09:30:02.250,3.323,1900
2020-08-20 09:30:02.250,3.323,2000
2020-08-20 09:30:02.250,3.323,200
2020-08-20 09:30:02.250,3.323,1000
2020-08-20 09:30:02.250,3.323,1500
2020-08-20 09:30:02.250,3.329,100
2020-08-20 09:30:02.470,3.323,2000
2020-08-20 09:30:02.790,3.327,900
2020-08-20 09:30:02.790,3.329,800
2020-08-20 09:30:02.790,3.328,1000
2020-08-20 09:30:03.040,3.327,45000
2020-08-20 09:30:03.310,3.328,4000
2020-08-20 09:30:03.310,3.329,1000
2020-08-20 09:30:03.430,3.328,500
2020-08-20 09:30:03.430,3.329,10000
2020-08-20 09:30:03.430,3.328,100
2020-08-20 09:30:03.430,3.329,20000
2020-08-20 09:30:03.550,3.329,4100
2020-08-20 09:30:03.550,3.329,1000
2020-08-20 09:30:03.670,3.329,1000
2020-08-20 09:30:03.670,3.329,8000
2020-08-20 09:30:03.790,3.329,1000
2020-08-20 09:30:03.790,3.328,2200
2020-08-20 09:30:03.790,3.327,2100
2020-08-20 09:30:03.790,3.327,1000
2020-08-20 09:30:03.790,3.327,4700
2020-08-20 09:30:03.900,3.329,1000
2020-08-20 09:30:04.070,3.329,50000
2020-08-20 09:30:04.200,3.328,800
2020-08-20 09:30:04.200,3.328,50000
2020-08-20 09:30:04.320,3.328,10000
2020-08-20 09:30:04.320,3.328,5000
2020-08-20 09:30:04.440,3.328,3000
2020-08-20 09:30:04.680,3.328,100
2020-08-20 09:30:04.680,3.328,1000
2020-08-20 09:30:05.030,3.328,5000
2020-08-20 09:30:05.160,3.328,10000
2020-08-20 09:30:05.160,3.328,6100
2020-08-20 09:30:05.160,3.328,500
2020-08-20 09:30:05.160,3.328,100
2020-08-20 09:30:05.270,3.327,300
2020-08-20 09:30:05.270,3.327,10000
2020-08-20 09:30:05.270,3.326,7700
2020-08-20 09:30:05.400,3.327,1400
2020-08-20 09:30:05.400,3.328,13700
2020-08-20 09:30:05.400,3.328,30000
2020-08-20 09:30:05.400,3.328,20000
2020-08-20 09:30:05.510,3.326,2300
2020-08-20 09:30:05.510,3.326,6000
2020-08-20 09:30:05.510,3.326,1000
2020-08-20 09:30:05.510,3.326,100
2020-08-20 09:30:05.510,3.326,10000
2020-08-20 09:30:05.510,3.325,3300
2020-08-20 09:30:05.510,3.326,10000
2020-08-20 09:30:05.630,3.326,1800
2020-08-20 09:30:05.850,3.326,4000
2020-08-20 09:30:05.850,3.326,10000
2020-08-20 09:30:05.850,3.326,3800
2020-08-20 09:30:05.850,3.326,100
2020-08-20 09:30:05.970,3.326,900
2020-08-20 09:30:05.970,3.326,9100
2020-08-20 09:30:05.970,3.326,600
2020-08-20 09:30:06.200,3.327,4400
2020-08-20 09:30:06.200,3.327,500
2020-08-20 09:30:06.540,3.327,3600
2020-08-20 09:30:06.540,3.327,4000
2020-08-20 09:30:06.540,3.326,2000
2020-08-20 09:30:06.540,3.325,2500
2020-08-20 09:30:06.670,3.325,4200
2020-08-20 09:30:06.670,3.325,1000
2020-08-20 09:30:06.670,3.325,1700
2020-08-20 09:30:06.810,3.325,4300
2020-08-20 09:30:06.810,3.325,2000
2020-08-20 09:30:06.810,3.325,12000
2020-08-20 09:30:06.810,3.325,3700
2020-08-20 09:30:06.810,3.324,100
2020-08-20 09:30:06.810,3.323,6500
2020-08-20 09:30:06.810,3.323,6100
2020-08-20 09:30:06.810,3.323,1000
2020-08-20 09:30:06.810,3.323,2600
2020-08-20 09:30:06.810,3.323,6000
2020-08-20 09:30:06.810,3.323,10000
2020-08-20 09:30:06.810,3.323,5000
2020-08-20 09:30:06.810,3.323,3500
2020-08-20 09:30:06.810,3.322,800
2020-08-20 09:30:06.810,3.327,10000
2020-08-20 09:30:06.810,3.327,15000
2020-08-20 09:30:06.810,3.327,200
2020-08-20 09:30:06.930,3.327,2000
2020-08-20 09:30:07.050,3.327,30000
2020-08-20 09:30:07.050,3.327,1000
2020-08-20 09:30:07.180,3.327,100
2020-08-20 09:30:07.180,3.322,300
2020-08-20 09:30:07.180,3.322,200
2020-08-20 09:30:07.290,3.325,1000
2020-08-20 09:30:07.420,3.325,2000
2020-08-20 09:30:07.420,3.325,600
2020-08-20 09:30:07.520,3.327,3000
2020-08-20 09:30:07.520,3.326,1000
2020-08-20 09:30:07.580,3.327,3000
2020-08-20 09:30:07.710,3.327,600
2020-08-20 09:30:07.830,3.327,300
2020-08-20 09:30:07.830,3.327,1000
2020-08-20 09:30:07.940,3.327,5000
2020-08-20 09:30:07.940,3.327,400
2020-08-20 09:30:07.940,3.326,1400
2020-08-20 09:30:07.940,3.326,1000
2020-08-20 09:30:07.940,3.326,3700
2020-08-20 09:30:07.940,3.326,10000
2020-08-20 09:30:07.940,3.326,8000
2020-08-20 09:30:07.940,3.326,5000
2020-08-20 09:30:07.940,3.325,20000
2020-08-20 09:30:07.940,3.322,9800
2020-08-20 09:30:07.940,3.322,200
2020-08-20 09:30:07.940,3.322,200
2020-08-20 09:30:07.940,3.322,5000
2020-08-20 09:30:07.940,3.322,1000
2020-08-20 09:30:07.940,3.322,300
2020-08-20 09:30:07.940,3.322,2000
2020-08-20 09:30:07.940,3.322,800
2020-08-20 09:30:07.940,3.322,700
2020-08-20 09:30:07.940,3.322,2300
2020-08-20 09:30:07.940,3.322,5000
2020-08-20 09:30:07.940,3.322,1000
2020-08-20 09:30:07.940,3.322,100
2020-08-20 09:30:07.940,3.322,31600
2020-08-20 09:30:07.940,3.327,1000
2020-08-20 09:30:08.060,3.327,700
2020-08-20 09:30:08.060,3.327,1000
2020-08-20 09:30:08.060,3.327,1000
2020-08-20 09:30:08.060,3.327,7000
2020-08-20 09:30:08.170,3.327,1000
2020-08-20 09:30:08.290,3.325,12000
2020-08-20 09:30:08.290,3.325,6100
2020-08-20 09:30:08.400,3.325,20700
2020-08-20 09:30:08.400,3.325,9000
2020-08-20 09:30:08.400,3.325,5000
2020-08-20 09:30:08.400,3.325,10000
2020-08-20 09:30:08.400,3.325,10000
2020-08-20 09:30:08.400,3.325,1500
2020-08-20 09:30:08.400,3.325,6000
2020-08-20 09:30:08.400,3.325,5000
2020-08-20 09:30:08.520,3.325,3800
2020-08-20 09:30:08.520,3.325,1600
2020-08-20 09:30:08.520,3.322,268400
2020-08-20 09:30:08.520,3.322,300000
2020-08-20 09:30:08.520,3.321,100
2020-08-20 09:30:08.520,3.321,200
2020-08-20 09:30:08.520,3.321,1000
2020-08-20 09:30:08.520,3.321,500
2020-08-20 09:30:08.520,3.321,100
2020-08-20 09:30:08.520,3.321,2000
2020-08-20 09:30:08.520,3.321,3500
2020-08-20 09:30:08.520,3.321,1000
2020-08-20 09:30:08.520,3.321,6100
2020-08-20 09:30:08.520,3.321,100
2020-08-20 09:30:08.520,3.321,10000
2020-08-20 09:30:08.520,3.321,600
2020-08-20 09:30:08.520,3.321,1000
2020-08-20 09:30:08.520,3.321,5400
2020-08-20 09:30:08.520,3.325,10000
2020-08-20 09:30:08.520,3.325,4000
2020-08-20 09:30:08.650,3.323,5900
2020-08-20 09:30:08.650,3.325,1000
2020-08-20 09:30:08.650,3.325,10000
2020-08-20 09:30:08.650,3.325,500
2020-08-20 09:30:08.770,3.323,100
2020-08-20 09:30:08.900,3.323,100
2020-08-20 09:30:08.900,3.325,600
2020-08-20 09:30:08.900,3.325,3000
2020-08-20 09:30:09.020,3.325,100
2020-08-20 09:30:09.020,3.325,200
2020-08-20 09:30:09.020,3.325,60000
2020-08-20 09:30:09.260,3.325,5000
2020-08-20 09:30:09.260,3.325,200
2020-08-20 09:30:09.380,3.325,60000
2020-08-20 09:30:09.500,3.325,2000
2020-08-20 09:30:09.500,3.325,1000
2020-08-20 09:30:09.650,3.325,9900
2020-08-20 09:30:09.710,3.325,10000
2020-08-20 09:30:09.710,3.325,100
2020-08-20 09:30:09.860,3.325,5000
2020-08-20 09:30:09.860,3.325,1000
2020-08-20 09:30:10.110,3.324,1000
2020-08-20 09:30:10.110,3.324,5000
2020-08-20 09:30:10.110,3.324,1000
2020-08-20 09:30:10.230,3.324,1000
2020-08-20 09:30:10.350,3.324,10000
2020-08-20 09:30:10.350,3.324,10000
2020-08-20 09:30:10.350,3.324,19700
2020-08-20 09:30:10.820,3.324,500
2020-08-20 09:30:10.820,3.324,9900
2020-08-20 09:30:10.820,3.324,200
2020-08-20 09:30:10.930,3.324,2400
2020-08-20 09:30:11.060,3.324,7700
2020-08-20 09:30:11.060,3.323,30000
2020-08-20 09:30:11.060,3.322,5000
2020-08-20 09:30:11.060,3.321,40000
2020-08-20 09:30:11.190,3.324,6200
2020-08-20 09:30:11.300,3.321,40000
2020-08-20 09:30:11.530,3.324,100
2020-08-20 09:30:11.530,3.321,14600
2020-08-20 09:30:11.530,3.321,8000
2020-08-20 09:30:11.530,3.321,5000
2020-08-20 09:30:11.530,3.321,1000
2020-08-20 09:30:11.530,3.321,5000
2020-08-20 09:30:11.530,3.32,6400
2020-08-20 09:30:11.530,3.324,5000
2020-08-20 09:30:11.530,3.324,4300
2020-08-20 09:30:11.530,3.325,25700
2020-08-20 09:30:11.530,3.325,300
2020-08-20 09:30:11.530,3.325,1000
2020-08-20 09:30:11.530,3.325,17700
2020-08-20 09:30:11.530,3.325,500
2020-08-20 09:30:11.530,3.326,300
2020-08-20 09:30:11.530,3.326,61500
2020-08-20 09:30:11.780,3.324,30000
2020-08-20 09:30:11.780,3.324,10000
2020-08-20 09:30:11.780,3.326,1500
2020-08-20 09:30:11.780,3.323,2000
2020-08-20 09:30:11.780,3.321,100
2020-08-20 09:30:11.780,3.32,3600
2020-08-20 09:30:11.780,3.32,5000
2020-08-20 09:30:11.780,3.32,4000
2020-08-20 09:30:11.780,3.32,200
2020-08-20 09:30:11.780,3.32,3000
2020-08-20 09:30:11.780,3.32,26100
2020-08-20 09:30:11.780,3.326,1000
2020-08-20 09:30:11.900,3.326,100
2020-08-20 09:30:11.900,3.326,1000
2020-08-20 09:30:12.030,3.326,100
2020-08-20 09:30:12.030,3.326,2500
2020-08-20 09:30:12.030,3.322,40000
2020-08-20 09:30:12.030,3.323,10000
2020-08-20 09:30:12.170,3.323,10000
2020-08-20 09:30:12.170,3.323,3000
2020-08-20 09:30:12.170,3.323,5000
2020-08-20 09:30:12.280,3.323,12000
2020-08-20 09:30:12.280,3.326,5000
2020-08-20 09:30:12.390,3.326,100000
2020-08-20 09:30:12.390,3.326,2500
2020-08-20 09:30:12.390,3.326,30000
2020-08-20 09:30:12.510,3.326,4000
2020-08-20 09:30:12.630,3.326,6300
2020-08-20 09:30:12.880,3.325,100
2020-08-20 09:30:12.880,3.325,5000
2020-08-20 09:30:12.880,3.325,100000
2020-08-20 09:30:12.880,3.325,1000
2020-08-20 09:30:13.100,3.325,2000
2020-08-20 09:30:13.230,3.325,1000
2020-08-20 09:30:13.230,3.325,2900
2020-08-20 09:30:13.490,3.325,1300
2020-08-20 09:30:13.720,3.325,5000
2020-08-20 09:30:13.720,3.325,20000
2020-08-20 09:30:13.720,3.325,500
2020-08-20 09:30:13.840,3.325,1900
2020-08-20 09:30:13.840,3.325,100
2020-08-20 09:30:13.840,3.325,1000
2020-08-20 09:30:14.140,3.325,5000
2020-08-20 09:30:14.300,3.325,38500
2020-08-20 09:30:14.300,3.326,11500
2020-08-20 09:30:14.300,3.326,300
2020-08-20 09:30:14.300,3.321,100
2020-08-20 09:30:14.300,3.321,1000
2020-08-20 09:30:14.300,3.321,1900
2020-08-20 09:30:14.300,3.326,500
2020-08-20 09:30:14.420,3.326,5000
2020-08-20 09:30:14.420,3.325,10000
2020-08-20 09:30:14.540,3.325,800
2020-08-20 09:30:14.660,3.325,20000
2020-08-20 09:30:14.660,3.325,500
2020-08-20 09:30:14.660,3.326,2500
2020-08-20 09:30:14.790,3.325,6100
2020-08-20 09:30:14.790,3.323,100
2020-08-20 09:30:14.790,3.321,3100
2020-08-20 09:30:14.790,3.32,7200
2020-08-20 09:30:14.790,3.326,3600
2020-08-20 09:30:14.910,3.326,50000
2020-08-20 09:30:14.910,3.326,500
2020-08-20 09:30:15.310,3.326,5000
2020-08-20 09:30:15.310,3.325,1000
2020-08-20 09:30:15.590,3.323,500
2020-08-20 09:30:15.590,3.323,10000
2020-08-20 09:30:15.700,3.321,200
2020-08-20 09:30:15.830,3.323,1000
2020-08-20 09:30:15.830,3.323,5000
2020-08-20 09:30:15.950,3.323,100
2020-08-20 09:30:15.950,3.321,300
2020-08-20 09:30:15.950,3.32,17700
2020-08-20 09:30:16.150,3.323,9000
2020-08-20 09:30:16.320,3.323,1000
2020-08-20 09:30:16.440,3.323,1000
2020-08-20 09:30:16.440,3.323,9800
2020-08-20 09:30:16.630,3.323,7700
2020-08-20 09:30:16.740,3.323,50000
2020-08-20 09:30:16.980,3.323,100
2020-08-20 09:30:16.980,3.323,1000
2020-08-20 09:30:16.980,3.323,1000
2020-08-20 09:30:17.170,3.323,500
2020-08-20 09:30:17.170,3.323,500
2020-08-20 09:30:17.170,3.323,500
2020-08-20 09:30:17.170,3.323,500
2020-08-20 09:30:17.170,3.323,5000
2020-08-20 09:30:17.410,3.323,1300
2020-08-20 09:30:17.410,3.321,1000
2020-08-20 09:30:17.410,3.32,6100
2020-08-20 09:30:17.540,3.323,30000
2020-08-20 09:30:17.770,3.321,3000
2020-08-20 09:30:17.770,3.32,11700
2020-08-20 09:30:17.770,3.323,700
2020-08-20 09:30:17.950,3.32,400
2020-08-20 09:30:17.950,3.323,1000
2020-08-20 09:30:18.180,3.323,900
2020-08-20 09:30:18.300,3.322,800
2020-08-20 09:30:18.300,3.323,2000
2020-08-20 09:30:18.420,3.323,300
2020-08-20 09:30:18.420,3.323,100
2020-08-20 09:30:18.530,3.323,100
2020-08-20 09:30:18.680,3.323,7000
2020-08-20 09:30:18.680,3.323,13700
2020-08-20 09:30:18.800,3.323,5300
2020-08-20 09:30:18.870,3.323,3200
2020-08-20 09:30:18.870,3.323,1000
2020-08-20 09:30:18.870,3.323,1000
2020-08-20 09:30:18.870,3.322,700
2020-08-20 09:30:18.870,3.322,1500
2020-08-20 09:30:18.870,3.32,20800
2020-08-20 09:30:18.870,3.32,100
2020-08-20 09:30:18.870,3.32,1000
2020-08-20 09:30:18.870,3.32,10000
2020-08-20 09:30:18.870,3.32,200
2020-08-20 09:30:18.870,3.32,1000
2020-08-20 09:30:18.870,3.32,9800
2020-08-20 09:30:18.870,3.32,1500
2020-08-20 09:30:18.870,3.32,1000
2020-08-20 09:30:18.870,3.32,1000
2020-08-20 09:30:18.870,3.32,10000
2020-08-20 09:30:18.870,3.32,1200
2020-08-20 09:30:18.870,3.32,1000
2020-08-20 09:30:18.870,3.32,2000
2020-08-20 09:30:18.870,3.32,10000
2020-08-20 09:30:18.870,3.32,20000
2020-08-20 09:30:18.870,3.32,1000
2020-08-20 09:30:18.870,3.32,7000
2020-08-20 09:30:18.870,3.32,20000
2020-08-20 09:30:18.870,3.32,1500
2020-08-20 09:30:18.870,3.32,2000
2020-08-20 09:30:18.870,3.32,10000
2020-08-20 09:30:18.870,3.32,10000
2020-08-20 09:30:18.870,3.32,10000
2020-08-20 09:30:18.870,3.32,1000
2020-08-20 09:30:18.870,3.32,5000
2020-08-20 09:30:18.870,3.32,1000
2020-08-20 09:30:18.870,3.32,100
2020-08-20 09:30:18.870,3.32,5000
2020-08-20 09:30:18.870,3.32,5700
2020-08-20 09:30:18.870,3.32,5000
2020-08-20 09:30:18.870,3.32,10000
2020-08-20 09:30:18.870,3.32,7000
2020-08-20 09:30:18.870,3.32,10000
2020-08-20 09:30:18.870,3.32,1000
2020-08-20 09:30:18.870,3.32,5000
2020-08-20 09:30:18.870,3.32,10000
2020-08-20 09:30:18.870,3.32,1000
2020-08-20 09:30:18.870,3.32,5000
2020-08-20 09:30:18.870,3.32,1000
2020-08-20 09:30:18.870,3.32,100
2020-08-20 09:30:18.870,3.32,100
2020-08-20 09:30:18.870,3.32,5000
2020-08-20 09:30:18.870,3.32,4000
2020-08-20 09:30:18.870,3.32,5000
2020-08-20 09:30:18.870,3.32,300
2020-08-20 09:30:18.870,3.32,3000
2020-08-20 09:30:18.870,3.32,42800
2020-08-20 09:30:18.870,3.32,100
2020-08-20 09:30:18.870,3.32,50000
2020-08-20 09:30:18.870,3.32,1000
2020-08-20 09:30:18.870,3.32,500
2020-08-20 09:30:18.870,3.32,12000
2020-08-20 09:30:18.870,3.32,5400
2020-08-20 09:30:18.870,3.32,6000
2020-08-20 09:30:18.870,3.32,3000
2020-08-20 09:30:18.870,3.32,3000
2020-08-20 09:30:18.870,3.32,1000
2020-08-20 09:30:18.870,3.32,2000
2020-08-20 09:30:18.870,3.32,4000
2020-08-20 09:30:18.870,3.32,1000
2020-08-20 09:30:18.870,3.32,5000
2020-08-20 09:30:19.010,3.32,10000
2020-08-20 09:30:19.010,3.319,2500
2020-08-20 09:30:19.010,3.319,200
2020-08-20 09:30:19.010,3.319,6100
2020-08-20 09:30:19.010,3.319,2000
2020-08-20 09:30:19.010,3.319,5000
2020-08-20 09:30:19.010,3.319,5000
2020-08-20 09:30:19.010,3.318,12000
2020-08-20 09:30:19.010,3.318,5000
2020-08-20 09:30:19.010,3.318,100
2020-08-20 09:30:19.010,3.318,200
2020-08-20 09:30:19.010,3.318,1900
2020-08-20 09:30:19.010,3.32,39800
2020-08-20 09:30:19.010,3.32,100
2020-08-20 09:30:19.010,3.32,500
2020-08-20 09:30:19.010,3.32,2000
2020-08-20 09:30:19.010,3.32,2000
2020-08-20 09:30:19.120,3.32,64200
2020-08-20 09:30:19.120,3.323,31000
2020-08-20 09:30:19.120,3.323,7500
2020-08-20 09:30:19.120,3.319,19600
2020-08-20 09:30:19.120,3.323,80400
2020-08-20 09:30:19.460,3.323,4000
2020-08-20 09:30:19.460,3.323,1000
2020-08-20 09:30:19.460,3.323,3300
2020-08-20 09:30:19.460,3.323,1700
2020-08-20 09:30:19.590,3.323,8000
2020-08-20 09:30:19.590,3.324,2000
2020-08-20 09:30:19.660,3.324,3000
2020-08-20 09:30:19.660,3.324,100
2020-08-20 09:30:19.660,3.324,300
2020-08-20 09:30:19.830,3.32,1000
2020-08-20 09:30:19.830,3.32,2000
2020-08-20 09:30:19.830,3.318,900
2020-08-20 09:30:19.830,3.318,500
2020-08-20 09:30:19.830,3.318,30000
2020-08-20 09:30:19.830,3.318,10000
2020-08-20 09:30:19.830,3.318,100
2020-08-20 09:30:19.830,3.318,20000
2020-08-20 09:30:19.830,3.318,10000
2020-08-20 09:30:19.830,3.318,5000
2020-08-20 09:30:19.830,3.318,500
2020-08-20 09:30:19.830,3.318,5000
2020-08-20 09:30:19.830,3.318,5000
2020-08-20 09:30:19.830,3.318,2000
2020-08-20 09:30:19.830,3.318,10000
2020-08-20 09:30:19.830,3.318,10000
2020-08-20 09:30:19.830,3.318,1900
2020-08-20 09:30:19.830,3.318,3400
2020-08-20 09:30:19.940,3.324,1000
2020-08-20 09:30:19.940,3.324,200
2020-08-20 09:30:20.060,3.324,1000
2020-08-20 09:30:20.060,3.324,2000
2020-08-20 09:30:20.070,3.324,1000
2020-08-20 09:30:20.170,3.324,1000
2020-08-20 09:30:20.350,3.322,10000
2020-08-20 09:30:20.350,3.322,11900
2020-08-20 09:30:20.470,3.322,2000
2020-08-20 09:30:20.470,3.322,100
2020-08-20 09:30:20.470,3.322,700
2020-08-20 09:30:20.570,3.322,1000
2020-08-20 09:30:20.720,3.322,3300
2020-08-20 09:30:20.840,3.322,2000
2020-08-20 09:30:20.850,3.322,1800
2020-08-20 09:30:20.960,3.322,10000
2020-08-20 09:30:20.960,3.322,20000
2020-08-20 09:30:20.960,3.322,1000
2020-08-20 09:30:21.180,3.322,600
2020-08-20 09:30:21.340,3.322,5000
2020-08-20 09:30:21.340,3.322,1500
2020-08-20 09:30:21.460,3.322,2100
2020-08-20 09:30:21.460,3.322,600
2020-08-20 09:30:21.460,3.322,12000
2020-08-20 09:30:21.460,3.322,900
2020-08-20 09:30:21.460,3.322,5000
2020-08-20 09:30:21.580,3.322,100
2020-08-20 09:30:21.580,3.322,10000
2020-08-20 09:30:21.690,3.321,1200
2020-08-20 09:30:21.750,3.322,15000
2020-08-20 09:30:21.750,3.322,1600
2020-08-20 09:30:21.750,3.322,1700
2020-08-20 09:30:21.750,3.324,2300
2020-08-20 09:30:21.890,3.324,500
2020-08-20 09:30:22.010,3.324,500
2020-08-20 09:30:22.010,3.324,10000
2020-08-20 09:30:22.160,3.324,1500
2020-08-20 09:30:22.160,3.324,300
2020-08-20 09:30:22.260,3.324,20000
2020-08-20 09:30:22.260,3.324,2000
2020-08-20 09:30:22.360,3.324,4000
2020-08-20 09:30:22.660,3.324,6000
2020-08-20 09:30:22.770,3.324,3000
2020-08-20 09:30:22.770,3.324,600
2020-08-20 09:30:22.980,3.321,1000
2020-08-20 09:30:23.140,3.324,100
2020-08-20 09:30:23.280,3.322,900
2020-08-20 09:30:23.280,3.322,200
2020-08-20 09:30:23.280,3.322,5000
2020-08-20 09:30:23.450,3.322,100
2020-08-20 09:30:23.450,3.322,2000
2020-08-20 09:30:23.710,3.322,1600
2020-08-20 09:30:23.710,3.322,1600
2020-08-20 09:30:23.710,3.322,100
2020-08-20 09:30:23.780,3.322,1000
2020-08-20 09:30:23.780,3.322,200
2020-08-20 09:30:23.910,3.322,11900
2020-08-20 09:30:23.960,3.322,100
2020-08-20 09:30:24.000,3.322,700
2020-08-20 09:30:24.000,3.322,300
2020-08-20 09:30:24.000,3.322,200
2020-08-20 09:30:24.230,3.322,200
2020-08-20 09:30:24.230,3.322,300
2020-08-20 09:30:24.230,3.322,6000
2020-08-20 09:30:24.230,3.322,1000
2020-08-20 09:30:24.230,3.322,100
2020-08-20 09:30:24.440,3.322,600
2020-08-20 09:30:24.470,3.322,500
2020-08-20 09:30:24.590,3.322,300
2020-08-20 09:30:24.590,3.322,400
2020-08-20 09:30:24.850,3.321,2800
2020-08-20 09:30:24.850,3.321,6000
2020-08-20 09:30:24.850,3.321,10000
2020-08-20 09:30:24.850,3.321,600
2020-08-20 09:30:24.850,3.321,100
2020-08-20 09:30:24.850,3.321,5000
2020-08-20 09:30:24.850,3.321,2000
2020-08-20 09:30:24.850,3.321,200
2020-08-20 09:30:24.850,3.321,10000
2020-08-20 09:30:24.850,3.32,500
2020-08-20 09:30:24.850,3.32,2000
2020-08-20 09:30:24.850,3.32,5000
2020-08-20 09:30:24.850,3.32,1000
2020-08-20 09:30:24.850,3.32,3000
2020-08-20 09:30:24.850,3.32,20000
2020-08-20 09:30:24.850,3.32,1000
2020-08-20 09:30:24.850,3.32,200
2020-08-20 09:30:24.850,3.32,5100
2020-08-20 09:30:24.850,3.32,5000
2020-08-20 09:30:24.850,3.32,300
2020-08-20 09:30:25.000,3.318,500
2020-08-20 09:30:25.000,3.32,200
2020-08-20 09:30:25.160,3.32,1000
2020-08-20 09:30:25.160,3.32,10000
2020-08-20 09:30:25.160,3.32,900
2020-08-20 09:30:25.190,3.32,500
2020-08-20 09:30:25.190,3.32,600
2020-08-20 09:30:25.330,3.32,700
2020-08-20 09:30:25.380,3.32,600
2020-08-20 09:30:25.380,3.32,5000
2020-08-20 09:30:25.460,3.32,1400
2020-08-20 09:30:25.490,3.32,5900
2020-08-20 09:30:25.490,3.32,400
2020-08-20 09:30:25.520,3.32,300
2020-08-20 09:30:25.560,3.32,1000
2020-08-20 09:30:25.640,3.32,1000
2020-08-20 09:30:25.640,3.32,700
2020-08-20 09:30:25.760,3.319,600
2020-08-20 09:30:25.840,3.319,3000
2020-08-20 09:30:25.920,3.319,9600
2020-08-20 09:30:25.920,3.32,20400
2020-08-20 09:30:25.950,3.32,500
2020-08-20 09:30:26.110,3.32,19100
2020-08-20 09:30:26.110,3.32,900
2020-08-20 09:30:26.110,3.32,1000
2020-08-20 09:30:26.600,3.32,1000
2020-08-20 09:30:26.860,3.32,500
2020-08-20 09:30:26.990,3.32,1100
2020-08-20 09:30:26.990,3.32,500
2020-08-20 09:30:26.990,3.321,500
2020-08-20 09:30:27.570,3.321,3000
2020-08-20 09:30:27.640,3.32,600
2020-08-20 09:30:27.640,3.32,10000
2020-08-20 09:30:27.640,3.318,1100
2020-08-20 09:30:27.640,3.318,15100
2020-08-20 09:30:27.640,3.318,3200
2020-08-20 09:30:27.870,3.321,2000
2020-08-20 09:30:28.460,3.321,1000
2020-08-20 09:30:28.570,3.321,700
2020-08-20 09:30:28.640,3.32,400
2020-08-20 09:30:28.720,3.321,2800
2020-08-20 09:30:28.720,3.321,2200
2020-08-20 09:30:28.890,3.321,300
2020-08-20 09:30:29.100,3.321,5000
2020-08-20 09:30:29.350,3.321,10000
2020-08-20 09:30:29.470,3.321,4000
2020-08-20 09:30:29.500,3.321,20000
2020-08-20 09:30:29.580,3.321,2000
2020-08-20 09:30:29.910,3.32,4600
2020-08-20 09:30:29.910,3.32,5000
2020-08-20 09:30:29.910,3.32,600000
2020-08-20 09:30:29.910,3.32,2000
2020-08-20 09:30:30.660,3.32,500
2020-08-20 09:30:30.770,3.32,3000
2020-08-20 09:30:31.180,3.32,1000
2020-08-20 09:30:31.210,3.32,3000
2020-08-20 09:30:31.850,3.32,2900
2020-08-20 09:30:32.370,3.319,2900
2020-08-20 09:30:32.590,3.32,6000
2020-08-20 09:30:32.870,3.32,500
2020-08-20 09:30:33.470,3.32,12000
2020-08-20 09:30:33.540,3.319,700
2020-08-20 09:30:33.670,3.32,2000
2020-08-20 09:30:34.200,3.319,60000
2020-08-20 09:30:34.320,3.32,500
2020-08-20 09:30:34.320,3.32,700
2020-08-20 09:30:34.340,3.32,356300
2020-08-20 09:30:34.340,3.32,543700
2020-08-20 09:30:35.200,3.319,300000
2020-08-20 09:30:35.500,3.32,3000
2020-08-20 09:30:35.540,3.32,20000
2020-08-20 09:30:35.780,3.32,1000
2020-08-20 09:30:35.810,3.319,5000
2020-08-20 09:30:36.200,3.32,5000
2020-08-20 09:30:36.300,3.32,10000
2020-08-20 09:30:36.490,3.319,110000
2020-08-20 09:30:36.560,3.32,1000
2020-08-20 09:30:36.600,3.319,6000
2020-08-20 09:30:37.120,3.32,3000
2020-08-20 09:30:37.290,3.32,10000
2020-08-20 09:30:37.320,3.32,100
2020-08-20 09:30:37.390,3.32,500
2020-08-20 09:30:37.510,3.32,15000
2020-08-20 09:30:37.910,3.319,4500
2020-08-20 09:30:37.940,3.319,5500
2020-08-20 09:30:37.940,3.318,1800
2020-08-20 09:30:37.940,3.318,3000
2020-08-20 09:30:37.940,3.318,2500
2020-08-20 09:30:37.940,3.318,4000
2020-08-20 09:30:37.940,3.318,5800
2020-08-20 09:30:37.940,3.318,3000
2020-08-20 09:30:37.940,3.318,1000
2020-08-20 09:30:37.940,3.318,15000
2020-08-20 09:30:37.940,3.318,2000
2020-08-20 09:30:37.940,3.318,1000
2020-08-20 09:30:37.940,3.318,700
2020-08-20 09:30:37.940,3.318,20000
2020-08-20 09:30:37.940,3.318,200
2020-08-20 09:30:37.940,3.318,100000
2020-08-20 09:30:38.520,3.318,66600
2020-08-20 09:30:38.860,3.318,2000
2020-08-20 09:30:39.040,3.318,57800
2020-08-20 09:30:39.100,3.318,1000
2020-08-20 09:30:39.140,3.318,1000
2020-08-20 09:30:39.180,3.318,3000
2020-08-20 09:30:39.180,3.318,100
2020-08-20 09:30:39.300,3.318,1000
2020-08-20 09:30:39.370,3.318,600
2020-08-20 09:30:39.370,3.319,1900
2020-08-20 09:30:39.910,3.317,10000
2020-08-20 09:30:39.910,3.317,200
2020-08-20 09:30:39.910,3.317,4000
2020-08-20 09:30:39.910,3.317,6100
2020-08-20 09:30:39.910,3.317,15000
2020-08-20 09:30:39.910,3.317,6000
2020-08-20 09:30:39.910,3.317,7000
2020-08-20 09:30:39.910,3.317,5000
2020-08-20 09:30:39.910,3.317,100
2020-08-20 09:30:39.910,3.317,3000
2020-08-20 09:30:39.910,3.317,2100
2020-08-20 09:30:39.910,3.317,1000
2020-08-20 09:30:39.910,3.317,700
2020-08-20 09:30:39.910,3.317,10000
2020-08-20 09:30:39.910,3.317,24500
2020-08-20 09:30:39.910,3.318,100
2020-08-20 09:30:39.980,3.318,2800
2020-08-20 09:30:39.980,3.319,7200
2020-08-20 09:30:40.160,3.319,3900
2020-08-20 09:30:40.160,3.319,96100
2020-08-20 09:30:40.320,3.32,30000
2020-08-20 09:30:40.660,3.32,19900
2020-08-20 09:30:41.210,3.32,5000
2020-08-20 09:30:41.210,3.318,500
2020-08-20 09:30:41.340,3.32,20000
2020-08-20 09:30:41.340,3.32,20000
2020-08-20 09:30:41.370,3.318,2500
2020-08-20 09:30:41.370,3.318,100
2020-08-20 09:30:41.370,3.318,1900
2020-08-20 09:30:41.370,3.318,1000
2020-08-20 09:30:41.580,3.318,20000
2020-08-20 09:30:41.710,3.318,10000
2020-08-20 09:30:42.000,3.318,20000
2020-08-20 09:30:42.000,3.318,1000
2020-08-20 09:30:42.000,3.318,150000
2020-08-20 09:30:42.600,3.318,1800
2020-08-20 09:30:42.850,3.318,1500
2020-08-20 09:30:42.890,3.318,2000
2020-08-20 09:30:43.220,3.318,500
2020-08-20 09:30:43.220,3.318,2000
2020-08-20 09:30:43.320,3.319,100
2020-08-20 09:30:43.320,3.32,400
2020-08-20 09:30:43.500,3.32,5000
2020-08-20 09:30:43.900,3.32,10000
2020-08-20 09:30:44.240,3.32,200
2020-08-20 09:30:44.410,3.32,27700
2020-08-20 09:30:44.440,3.32,3000
2020-08-20 09:30:44.640,3.319,5000
2020-08-20 09:30:44.640,3.319,1500
2020-08-20 09:30:45.150,3.319,8500
2020-08-20 09:30:45.150,3.318,1300
2020-08-20 09:30:45.490,3.318,8700
2020-08-20 09:30:45.490,3.318,1600
2020-08-20 09:30:45.490,3.318,2000
2020-08-20 09:30:45.490,3.317,12700
2020-08-20 09:30:45.940,3.318,4100
2020-08-20 09:30:45.980,3.319,1500
2020-08-20 09:30:45.980,3.32,246500
2020-08-20 09:30:45.980,3.32,300000
2020-08-20 09:30:45.980,3.32,2800
2020-08-20 09:30:45.980,3.32,200
2020-08-20 09:30:45.980,3.32,300
2020-08-20 09:30:46.250,3.32,2000
2020-08-20 09:30:46.420,3.32,7200
2020-08-20 09:30:46.920,3.32,6700
2020-08-20 09:30:47.970,3.32,37800
2020-08-20 09:30:48.000,3.32,295000
2020-08-20 09:30:48.000,3.32,1000
2020-08-20 09:30:48.000,3.319,4000
2020-08-20 09:30:48.110,3.319,2000
2020-08-20 09:30:48.110,3.319,300
2020-08-20 09:30:48.110,3.319,10500
2020-08-20 09:30:48.110,3.318,287200
2020-08-20 09:30:48.510,3.318,7300
2020-08-20 09:30:48.540,3.318,100
2020-08-20 09:30:48.750,3.318,300000
2020-08-20 09:30:49.040,3.319,100
2020-08-20 09:30:49.040,3.321,1000
2020-08-20 09:30:49.210,3.321,300
2020-08-20 09:30:49.270,3.321,100
2020-08-20 09:30:49.730,3.32,100
2020-08-20 09:30:49.730,3.318,3100
2020-08-20 09:30:49.830,3.321,1000
2020-08-20 09:30:49.930,3.319,500
2020-08-20 09:30:49.930,3.318,14500
2020-08-20 09:30:49.970,3.318,100
2020-08-20 09:30:50.670,3.319,10000
2020-08-20 09:30:50.670,3.318,4000
2020-08-20 09:30:51.530,3.319,500
2020-08-20 09:30:51.760,3.319,1000
2020-08-20 09:30:52.010,3.318,8600
2020-08-20 09:30:52.010,3.318,271000
2020-08-20 09:30:52.010,3.318,2000
2020-08-20 09:30:52.010,3.318,27000
2020-08-20 09:30:52.380,3.319,100000
2020-08-20 09:30:52.550,3.319,100000
2020-08-20 09:30:52.950,3.319,68500
2020-08-20 09:30:53.390,3.321,3500
2020-08-20 09:30:53.860,3.319,1300
2020-08-20 09:30:54.210,3.319,11300
2020-08-20 09:30:54.490,3.32,10000
2020-08-20 09:30:54.740,3.319,500
2020-08-20 09:30:54.740,3.319,16300
2020-08-20 09:30:55.000,3.32,1000
2020-08-20 09:30:55.110,3.32,900
2020-08-20 09:30:55.280,3.319,7500
2020-08-20 09:30:55.580,3.32,1800
2020-08-20 09:30:55.750,3.32,200
2020-08-20 09:30:55.750,3.319,6300
2020-08-20 09:30:56.250,3.319,1000
2020-08-20 09:30:56.280,3.32,4000
2020-08-20 09:30:56.350,3.32,5000
2020-08-20 09:30:57.590,3.32,1000
2020-08-20 09:30:57.780,3.319,2500
2020-08-20 09:30:57.820,3.319,40000
2020-08-20 09:30:58.300,3.319,7400
2020-08-20 09:30:59.250,3.32,1000
2020-08-20 09:30:59.250,3.319,3000
2020-08-20 09:30:59.350,3.319,40000
2020-08-20 09:30:59.690,3.319,1900
2020-08-20 09:31:00.180,3.32,100
2020-08-20 09:31:00.180,3.32,1000
2020-08-20 09:31:00.180,3.319,300
2020-08-20 09:31:00.280,3.32,2000
2020-08-20 09:31:00.310,3.32,1000
2020-08-20 09:31:00.420,3.319,100
2020-08-20 09:31:00.620,3.32,5000
2020-08-20 09:31:00.620,3.319,4800
2020-08-20 09:31:00.830,3.32,1000
2020-08-20 09:31:01.070,3.32,800
2020-08-20 09:31:01.170,3.32,5000
2020-08-20 09:31:01.170,3.32,5000
2020-08-20 09:31:01.300,3.319,300
2020-08-20 09:31:01.370,3.32,6000
2020-08-20 09:31:01.630,3.32,2000
2020-08-20 09:31:03.180,3.319,3000
2020-08-20 09:31:03.690,3.319,100
2020-08-20 09:31:03.720,3.319,1000
2020-08-20 09:31:03.820,3.32,10000
2020-08-20 09:31:04.110,3.32,1000
2020-08-20 09:31:04.220,3.319,82900
2020-08-20 09:31:04.220,3.319,10000
2020-08-20 09:31:04.220,3.319,1000
2020-08-20 09:31:04.220,3.319,10000
2020-08-20 09:31:04.220,3.319,1100
2020-08-20 09:31:04.220,3.319,3000
2020-08-20 09:31:04.220,3.319,1000
2020-08-20 09:31:04.220,3.319,9600
2020-08-20 09:31:04.220,3.319,6000
2020-08-20 09:31:04.220,3.319,3300
2020-08-20 09:31:04.220,3.319,2000
2020-08-20 09:31:04.220,3.319,30000
2020-08-20 09:31:04.220,3.319,1500
2020-08-20 09:31:04.220,3.319,5000
2020-08-20 09:31:04.220,3.319,200
2020-08-20 09:31:04.220,3.318,3500
2020-08-20 09:31:04.220,3.318,100
2020-08-20 09:31:04.220,3.318,1600
2020-08-20 09:31:04.220,3.318,60500
2020-08-20 09:31:04.220,3.318,1000
2020-08-20 09:31:04.220,3.318,100
2020-08-20 09:31:04.220,3.318,1000
2020-08-20 09:31:04.220,3.318,1500
2020-08-20 09:31:04.220,3.318,500
2020-08-20 09:31:04.220,3.318,100
2020-08-20 09:31:04.220,3.318,1000
2020-08-20 09:31:04.220,3.318,300
2020-08-20 09:31:04.220,3.318,17800
2020-08-20 09:31:04.220,3.318,10000
2020-08-20 09:31:04.220,3.318,500
2020-08-20 09:31:04.220,3.318,1000
2020-08-20 09:31:04.220,3.318,5000
2020-08-20 09:31:04.220,3.318,5000
2020-08-20 09:31:04.220,3.318,200
2020-08-20 09:31:04.220,3.318,4500
2020-08-20 09:31:04.220,3.318,2000
2020-08-20 09:31:04.220,3.318,3000
2020-08-20 09:31:04.220,3.318,13200
2020-08-20 09:31:04.450,3.318,5000
2020-08-20 09:31:04.610,3.32,2900
2020-08-20 09:31:05.120,3.319,300
2020-08-20 09:31:05.220,3.319,4700
2020-08-20 09:31:05.220,3.318,600
2020-08-20 09:31:05.220,3.318,1200
2020-08-20 09:31:05.220,3.318,36700
2020-08-20 09:31:05.620,3.319,10000
2020-08-20 09:31:05.840,3.319,5000
2020-08-20 09:31:05.990,3.319,100
2020-08-20 09:31:06.100,3.319,5000
2020-08-20 09:31:06.210,3.319,5000
2020-08-20 09:31:06.210,3.318,300000
2020-08-20 09:31:06.350,3.319,1000
2020-08-20 09:31:06.730,3.319,125000
2020-08-20 09:31:06.760,3.318,300000
2020-08-20 09:31:06.800,3.319,20000
2020-08-20 09:31:06.830,3.319,200
2020-08-20 09:31:06.870,3.319,9200
2020-08-20 09:31:06.940,3.319,3000
2020-08-20 09:31:07.040,3.319,1000
2020-08-20 09:31:07.090,3.319,900
2020-08-20 09:31:07.180,3.318,263300
2020-08-20 09:31:07.180,3.318,6000
2020-08-20 09:31:07.280,3.318,10000
2020-08-20 09:31:07.360,3.318,1400
2020-08-20 09:31:07.360,3.318,19300
2020-08-20 09:31:07.360,3.319,74600
2020-08-20 09:31:07.360,3.319,100
2020-08-20 09:31:07.360,3.319,50000
2020-08-20 09:31:07.390,3.32,20000
2020-08-20 09:31:07.500,3.32,1000
2020-08-20 09:31:07.710,3.319,22500
2020-08-20 09:31:07.940,3.32,10000
2020-08-20 09:31:08.110,3.32,30200
2020-08-20 09:31:08.350,3.32,100000
2020-08-20 09:31:08.420,3.32,6000
2020-08-20 09:31:08.580,3.32,15100
2020-08-20 09:31:08.580,3.32,3500
2020-08-20 09:31:08.580,3.32,31400
2020-08-20 09:31:08.700,3.319,300000
2020-08-20 09:31:08.800,3.32,700
2020-08-20 09:31:09.150,3.319,300000
2020-08-20 09:31:09.220,3.32,10000
2020-08-20 09:31:09.250,3.319,100
2020-08-20 09:31:09.330,3.32,1700
2020-08-20 09:31:09.330,3.32,300
2020-08-20 09:31:09.430,3.319,500
2020-08-20 09:31:09.640,3.319,1900
2020-08-20 09:31:09.680,3.32,1500
2020-08-20 09:31:09.980,3.32,1300
2020-08-20 09:31:10.110,3.319,400
2020-08-20 09:31:10.220,3.319,1000
2020-08-20 09:31:10.350,3.32,20000
2020-08-20 09:31:10.530,3.319,10000
2020-08-20 09:31:10.530,3.319,30000
2020-08-20 09:31:10.590,3.32,2000
2020-08-20 09:31:10.820,3.319,1000
2020-08-20 09:31:10.950,3.319,100
2020-08-20 09:31:11.230,3.32,100
2020-08-20 09:31:11.410,3.32,3000
2020-08-20 09:31:11.440,3.319,3700
2020-08-20 09:31:11.700,3.32,11800
2020-08-20 09:31:11.700,3.32,18200
2020-08-20 09:31:11.860,3.32,2300
2020-08-20 09:31:11.860,3.32,500
2020-08-20 09:31:11.860,3.32,500
2020-08-20 09:31:11.860,3.32,500
2020-08-20 09:31:11.860,3.32,500
2020-08-20 09:31:12.090,3.32,6000
2020-08-20 09:31:12.090,3.319,30000
2020-08-20 09:31:12.090,3.319,20000
2020-08-20 09:31:12.090,3.319,30000
2020-08-20 09:31:12.090,3.319,4800
2020-08-20 09:31:12.090,3.319,100
2020-08-20 09:31:12.090,3.319,1000
2020-08-20 09:31:12.090,3.319,4100
2020-08-20 09:31:12.170,3.319,2000
2020-08-20 09:31:12.240,3.32,157700
2020-08-20 09:31:12.240,3.32,10000
2020-08-20 09:31:12.350,3.32,9000
2020-08-20 09:31:12.450,3.32,20000
2020-08-20 09:31:12.700,3.32,3000
2020-08-20 09:31:12.740,3.319,15600
2020-08-20 09:31:12.740,3.319,2000
2020-08-20 09:31:12.740,3.319,3000
2020-08-20 09:31:12.740,3.319,100
2020-08-20 09:31:12.740,3.319,500
2020-08-20 09:31:12.740,3.319,1800
2020-08-20 09:31:12.740,3.319,100
2020-08-20 09:31:12.740,3.319,1000
2020-08-20 09:31:12.740,3.319,5000
2020-08-20 09:31:12.840,3.319,5000
2020-08-20 09:31:12.970,3.319,5000
2020-08-20 09:31:13.080,3.319,900
2020-08-20 09:31:13.080,3.319,10000
2020-08-20 09:31:13.280,3.319,10000
2020-08-20 09:31:13.310,3.318,1000
2020-08-20 09:31:13.310,3.318,1000
2020-08-20 09:31:13.310,3.318,1200
2020-08-20 09:31:13.620,3.318,100
2020-08-20 09:31:13.700,3.319,10000
2020-08-20 09:31:13.900,3.319,100
2020-08-20 09:31:13.930,3.319,1000
2020-08-20 09:31:13.960,3.319,3000
2020-08-20 09:31:14.260,3.319,3000
2020-08-20 09:31:15.000,3.319,200
2020-08-20 09:31:15.060,3.319,3000
2020-08-20 09:31:15.240,3.318,3700
2020-08-20 09:31:15.240,3.318,2000
2020-08-20 09:31:15.240,3.318,6000
2020-08-20 09:31:15.240,3.318,6800
2020-08-20 09:31:15.340,3.319,195000
2020-08-20 09:31:15.680,3.319,2000
2020-08-20 09:31:15.720,3.319,1100
2020-08-20 09:31:15.820,3.319,21600
2020-08-20 09:31:15.820,3.319,8000
2020-08-20 09:31:15.820,3.319,400
2020-08-20 09:31:16.060,3.319,3100
2020-08-20 09:31:16.340,3.318,30000
2020-08-20 09:31:16.340,3.318,13200
2020-08-20 09:31:16.340,3.318,16800
2020-08-20 09:31:16.340,3.318,30000
2020-08-20 09:31:16.340,3.318,30000
2020-08-20 09:31:16.340,3.318,30000
2020-08-20 09:31:16.340,3.318,30000
2020-08-20 09:31:16.340,3.318,30000
2020-08-20 09:31:16.340,3.318,10000
2020-08-20 09:31:16.340,3.318,30000
2020-08-20 09:31:16.550,3.319,500
2020-08-20 09:31:16.590,3.319,2400
2020-08-20 09:31:16.680,3.319,10000
2020-08-20 09:31:17.010,3.319,1000
2020-08-20 09:31:17.380,3.319,3000
2020-08-20 09:31:17.480,3.319,60700
2020-08-20 09:31:17.480,3.319,1500
2020-08-20 09:31:17.480,3.319,18000
2020-08-20 09:31:17.480,3.32,3100
2020-08-20 09:31:17.480,3.321,186700
2020-08-20 09:31:18.030,3.32,2000
2020-08-20 09:31:18.030,3.32,19600
2020-08-20 09:31:18.030,3.32,300
2020-08-20 09:31:18.030,3.319,20000
2020-08-20 09:31:18.030,3.318,66200
2020-08-20 09:31:18.170,3.32,10000
2020-08-20 09:31:18.350,3.318,100
2020-08-20 09:31:18.550,3.319,1000
2020-08-20 09:31:18.630,3.319,2200
2020-08-20 09:31:18.630,3.321,7800
2020-08-20 09:31:19.080,3.319,100
2020-08-20 09:31:19.250,3.321,800
2020-08-20 09:31:19.430,3.319,300000
2020-08-20 09:31:19.470,3.319,40000
2020-08-20 09:31:19.510,3.319,298600
2020-08-20 09:31:19.940,3.321,1000
2020-08-20 09:31:19.940,3.321,10000
2020-08-20 09:31:19.970,3.32,600
2020-08-20 09:31:19.970,3.32,5000
2020-08-20 09:31:19.970,3.32,5000
2020-08-20 09:31:19.970,3.319,2600
2020-08-20 09:31:20.240,3.319,19000
2020-08-20 09:31:20.930,3.32,200
2020-08-20 09:31:20.930,3.321,4800
2020-08-20 09:31:21.100,3.319,100000
2020-08-20 09:31:21.100,3.319,70000
2020-08-20 09:31:21.100,3.319,40000
2020-08-20 09:31:22.700,3.321,200
2020-08-20 09:31:22.730,3.32,2000
2020-08-20 09:31:22.730,3.32,6600
2020-08-20 09:31:22.730,3.32,500
2020-08-20 09:31:22.730,3.32,300
2020-08-20 09:31:22.730,3.32,3000
2020-08-20 09:31:22.900,3.32,2000
2020-08-20 09:31:23.100,3.32,3500
2020-08-20 09:31:23.560,3.32,500
2020-08-20 09:31:23.790,3.319,29700
2020-08-20 09:31:23.790,3.319,400
2020-08-20 09:31:23.790,3.319,400
2020-08-20 09:31:23.790,3.319,2000
2020-08-20 09:31:23.790,3.319,10000
2020-08-20 09:31:23.790,3.319,9200
2020-08-20 09:31:23.870,3.319,5300
2020-08-20 09:31:23.870,3.319,1300
2020-08-20 09:31:23.870,3.319,1000
2020-08-20 09:31:23.870,3.319,3000
2020-08-20 09:31:23.870,3.319,500
2020-08-20 09:31:23.870,3.319,500
2020-08-20 09:31:23.870,3.319,3100
2020-08-20 09:31:23.870,3.319,1000
2020-08-20 09:31:23.870,3.319,1000
2020-08-20 09:31:24.000,3.319,500
2020-08-20 09:31:24.320,3.319,5000
2020-08-20 09:31:24.820,3.319,1800
2020-08-20 09:31:24.890,3.319,30000
2020-08-20 09:31:24.890,3.318,1000
2020-08-20 09:31:24.890,3.318,1500
2020-08-20 09:31:24.890,3.318,20000
2020-08-20 09:31:24.890,3.318,50000
2020-08-20 09:31:24.890,3.318,5000
2020-08-20 09:31:24.890,3.318,25000
2020-08-20 09:31:24.890,3.318,2300
2020-08-20 09:31:24.890,3.318,100
2020-08-20 09:31:24.890,3.318,10000
2020-08-20 09:31:24.890,3.318,200
2020-08-20 09:31:24.890,3.318,4800
2020-08-20 09:31:24.890,3.318,180100
2020-08-20 09:31:25.050,3.319,900
2020-08-20 09:31:25.150,3.319,1000
2020-08-20 09:31:25.150,3.319,1000
2020-08-20 09:31:25.450,3.319,5000
2020-08-20 09:31:25.820,3.319,100
2020-08-20 09:31:25.820,3.319,1000
2020-08-20 09:31:26.010,3.319,1700
2020-08-20 09:31:26.070,3.319,500
2020-08-20 09:31:26.200,3.318,200
2020-08-20 09:31:26.530,3.319,161900
2020-08-20 09:31:26.530,3.319,10000
2020-08-20 09:31:26.530,3.319,300000
2020-08-20 09:31:26.530,3.319,13800
2020-08-20 09:31:26.530,3.319,20000
2020-08-20 09:31:27.080,3.319,40000
2020-08-20 09:31:27.080,3.319,30000
2020-08-20 09:31:27.080,3.319,30000
2020-08-20 09:31:27.080,3.319,10000
2020-08-20 09:31:27.080,3.319,30000
2020-08-20 09:31:27.080,3.319,30000
2020-08-20 09:31:27.140,3.319,100000
2020-08-20 09:31:27.140,3.319,30000
2020-08-20 09:31:27.210,3.319,1000
2020-08-20 09:31:27.710,3.32,400
2020-08-20 09:31:27.940,3.319,2000
2020-08-20 09:31:28.640,3.32,1000
2020-08-20 09:31:29.060,3.32,5000
2020-08-20 09:31:29.090,3.32,2200
2020-08-20 09:31:29.440,3.319,100
2020-08-20 09:31:29.820,3.32,10000
2020-08-20 09:31:30.040,3.319,60000
2020-08-20 09:31:30.040,3.319,10000
2020-08-20 09:31:30.040,3.319,20000
2020-08-20 09:31:30.070,3.32,10000
2020-08-20 09:31:30.410,3.319,1200
2020-08-20 09:31:30.410,3.319,1000
2020-08-20 09:31:30.410,3.319,2000
2020-08-20 09:31:30.410,3.319,3800
2020-08-20 09:31:30.410,3.319,700
2020-08-20 09:31:30.410,3.319,10200
2020-08-20 09:31:30.670,3.32,12800
2020-08-20 09:31:30.670,3.32,300000
2020-08-20 09:31:30.670,3.32,10000
2020-08-20 09:31:30.900,3.32,30000
2020-08-20 09:31:31.100,3.321,900
2020-08-20 09:31:31.540,3.321,3000
2020-08-20 09:31:31.640,3.321,2300
2020-08-20 09:31:31.730,3.32,3000
2020-08-20 09:31:32.540,3.321,1000
2020-08-20 09:31:32.840,3.32,500
2020-08-20 09:31:33.020,3.32,40000
2020-08-20 09:31:33.020,3.32,100000
2020-08-20 09:31:33.020,3.32,100000
2020-08-20 09:31:33.020,3.32,40000
2020-08-20 09:31:33.020,3.32,100000
2020-08-20 09:31:33.020,3.32,60000
2020-08-20 09:31:33.730,3.321,7000
2020-08-20 09:31:34.290,3.32,6000
2020-08-20 09:31:34.400,3.32,3600
2020-08-20 09:31:35.620,3.321,3000
2020-08-20 09:31:35.620,3.321,22100
2020-08-20 09:31:35.620,3.321,4500
2020-08-20 09:31:35.620,3.321,5200
2020-08-20 09:31:35.720,3.32,25000
2020-08-20 09:31:35.830,3.32,69100
2020-08-20 09:31:35.830,3.32,5000
2020-08-20 09:31:35.830,3.32,1800
2020-08-20 09:31:35.830,3.32,100
2020-08-20 09:31:35.830,3.32,500
2020-08-20 09:31:35.830,3.32,100
2020-08-20 09:31:35.830,3.32,200
2020-08-20 09:31:35.830,3.32,5000
2020-08-20 09:31:35.830,3.32,668200
2020-08-20 09:31:35.830,3.32,231800
2020-08-20 09:31:35.830,3.32,500
2020-08-20 09:31:35.830,3.32,23400
2020-08-20 09:31:35.830,3.319,13900
2020-08-20 09:31:35.830,3.319,3000
2020-08-20 09:31:35.830,3.319,6000
2020-08-20 09:31:35.830,3.319,5000
2020-08-20 09:31:35.830,3.319,2000
2020-08-20 09:31:35.830,3.319,5000
2020-08-20 09:31:35.830,3.319,10000
2020-08-20 09:31:35.830,3.319,100
2020-08-20 09:31:35.830,3.319,500
2020-08-20 09:31:35.830,3.319,30000
2020-08-20 09:31:35.830,3.319,1000
2020-08-20 09:31:35.830,3.319,20000
2020-08-20 09:31:35.830,3.319,1800
2020-08-20 09:31:35.830,3.319,2000
2020-08-20 09:31:35.830,3.319,5000
2020-08-20 09:31:35.830,3.319,300
2020-08-20 09:31:35.830,3.319,3200
2020-08-20 09:31:35.830,3.319,1600
2020-08-20 09:31:35.830,3.318,623900
2020-08-20 09:31:36.040,3.321,1000
2020-08-20 09:31:36.040,3.319,2000
2020-08-20 09:31:36.040,3.318,28000
2020-08-20 09:31:36.760,3.32,300000
2020-08-20 09:31:36.760,3.321,2000
2020-08-20 09:31:37.000,3.321,11800
2020-08-20 09:31:37.000,3.321,12000
2020-08-20 09:31:37.000,3.321,100
2020-08-20 09:31:37.000,3.321,476100
2020-08-20 09:31:37.420,3.32,100
2020-08-20 09:31:37.810,3.32,9900
2020-08-20 09:31:37.810,3.319,70100
2020-08-20 09:31:38.080,3.319,1000
2020-08-20 09:31:38.330,3.321,1000
2020-08-20 09:31:38.810,3.32,1600
2020-08-20 09:31:39.050,3.32,108400
2020-08-20 09:31:39.050,3.319,191600
2020-08-20 09:31:39.510,3.319,26600
2020-08-20 09:31:39.670,3.319,1000
2020-08-20 09:31:39.850,3.32,2000
2020-08-20 09:31:39.850,3.321,22900
2020-08-20 09:31:39.850,3.321,2700
2020-08-20 09:31:39.890,3.321,2000
2020-08-20 09:31:40.060,3.321,10000
2020-08-20 09:31:41.150,3.32,1300
2020-08-20 09:31:41.180,3.321,5000
2020-08-20 09:31:41.720,3.32,27600
2020-08-20 09:31:41.720,3.32,1100
2020-08-20 09:31:41.850,3.32,1800
2020-08-20 09:31:41.950,3.32,2800
2020-08-20 09:31:42.030,3.32,40000
2020-08-20 09:31:42.030,3.32,30000
2020-08-20 09:31:42.100,3.32,24300
2020-08-20 09:31:42.100,3.32,10000
2020-08-20 09:31:42.100,3.319,265700
2020-08-20 09:31:42.680,3.321,20000
2020-08-20 09:31:42.870,3.321,3000
2020-08-20 09:31:43.100,3.32,1700
2020-08-20 09:31:43.240,3.32,100
2020-08-20 09:31:43.740,3.319,1900
2020-08-20 09:31:45.090,3.319,30000
2020-08-20 09:31:45.090,3.319,30000
2020-08-20 09:31:45.090,3.319,30000
2020-08-20 09:31:45.090,3.319,30000
2020-08-20 09:31:45.090,3.319,30000
2020-08-20 09:31:45.090,3.319,30000
2020-08-20 09:31:45.090,3.319,30000
2020-08-20 09:31:45.120,3.32,3200
2020-08-20 09:31:45.120,3.321,17300
2020-08-20 09:31:45.120,3.321,20700
2020-08-20 09:31:45.320,3.321,3000
2020-08-20 09:31:45.350,3.32,400
2020-08-20 09:31:45.460,3.321,3000
2020-08-20 09:31:45.720,3.321,10000
2020-08-20 09:31:46.190,3.321,3300
2020-08-20 09:31:46.190,3.321,100
2020-08-20 09:31:46.190,3.321,5000
2020-08-20 09:31:46.190,3.321,3900
2020-08-20 09:31:46.820,3.321,6000
2020-08-20 09:31:47.940,3.322,300000
2020-08-20 09:31:47.940,3.322,600000
2020-08-20 09:31:48.040,3.321,10000
2020-08-20 09:31:48.040,3.321,30000
2020-08-20 09:31:48.310,3.322,300000
2020-08-20 09:31:48.880,3.321,30000
2020-08-20 09:31:49.230,3.322,16000
2020-08-20 09:31:49.600,3.321,1700
2020-08-20 09:31:49.710,3.321,29900
2020-08-20 09:31:49.710,3.321,3000
2020-08-20 09:31:49.710,3.321,2000
2020-08-20 09:31:49.710,3.321,20000
2020-08-20 09:31:49.710,3.321,7500
2020-08-20 09:31:49.710,3.321,5000
2020-08-20 09:31:49.710,3.32,400
2020-08-20 09:31:49.710,3.32,54800
2020-08-20 09:31:51.380,3.322,84000
2020-08-20 09:31:51.380,3.322,816000
2020-08-20 09:31:51.450,3.321,2900
2020-08-20 09:31:51.980,3.322,184000
2020-08-20 09:31:51.980,3.322,40000
2020-08-20 09:31:52.080,3.322,500
2020-08-20 09:31:52.150,3.324,600
2020-08-20 09:31:53.770,3.323,50000
2020-08-20 09:31:53.830,3.324,6000
2020-08-20 09:31:54.190,3.323,10000
2020-08-20 09:31:54.190,3.323,30000
2020-08-20 09:31:56.760,3.324,45400
2020-08-20 09:31:56.820,3.324,95600
2020-08-20 09:31:56.820,3.324,3000
2020-08-20 09:31:56.820,3.324,28500
2020-08-20 09:31:57.050,3.324,10000
2020-08-20 09:31:57.050,3.324,60000
2020-08-20 09:31:57.050,3.324,60000
2020-08-20 09:31:57.210,3.324,5000
2020-08-20 09:31:57.970,3.325,6700
2020-08-20 09:31:59.280,3.324,5800
2020-08-20 09:31:59.390,3.324,32100
2020-08-20 09:31:59.390,3.324,200
2020-08-20 09:31:59.390,3.324,700
2020-08-20 09:31:59.390,3.323,20000
2020-08-20 09:31:59.390,3.322,2500
2020-08-20 09:31:59.390,3.322,3000
2020-08-20 09:31:59.390,3.322,500
2020-08-20 09:31:59.390,3.322,3500
2020-08-20 09:31:59.390,3.322,200
2020-08-20 09:31:59.390,3.321,100
2020-08-20 09:31:59.390,3.321,6600
2020-08-20 09:31:59.390,3.321,1500
2020-08-20 09:31:59.390,3.321,400
2020-08-20 09:31:59.390,3.321,3000
2020-08-20 09:31:59.390,3.321,100000
2020-08-20 09:31:59.390,3.321,1000
2020-08-20 09:31:59.390,3.321,1000
2020-08-20 09:31:59.390,3.321,5600
2020-08-20 09:31:59.780,3.324,3000
2020-08-20 09:31:59.780,3.321,5000
2020-08-20 09:32:00.890,3.325,3000
2020-08-20 09:32:00.930,3.324,100
2020-08-20 09:32:00.930,3.322,1600
2020-08-20 09:32:00.960,3.325,10000
2020-08-20 09:32:00.960,3.324,900
2020-08-20 09:32:01.030,3.325,300
2020-08-20 09:32:01.120,3.325,100
2020-08-20 09:32:02.690,3.325,279900
2020-08-20 09:32:02.690,3.325,4000
2020-08-20 09:32:02.690,3.325,16100
2020-08-20 09:32:03.010,3.325,6000
2020-08-20 09:32:03.210,3.324,11100
2020-08-20 09:32:03.210,3.324,500
2020-08-20 09:32:03.210,3.324,1000
2020-08-20 09:32:03.210,3.324,2000
2020-08-20 09:32:03.210,3.324,5400
2020-08-20 09:32:03.240,3.324,4600
2020-08-20 09:32:03.240,3.324,1000
2020-08-20 09:32:03.240,3.324,500
2020-08-20 09:32:03.240,3.324,3000
2020-08-20 09:32:03.240,3.322,10500
2020-08-20 09:32:03.240,3.322,500
2020-08-20 09:32:03.240,3.322,700
2020-08-20 09:32:03.240,3.321,39400
2020-08-20 09:32:03.240,3.321,239800
2020-08-20 09:32:03.350,3.325,2900
2020-08-20 09:32:03.540,3.325,5000
2020-08-20 09:32:03.880,3.325,5500
2020-08-20 09:32:04.890,3.323,800
2020-08-20 09:32:04.890,3.324,267900
2020-08-20 09:32:04.890,3.325,31300
2020-08-20 09:32:05.940,3.325,1000
2020-08-20 09:32:06.240,3.324,3000
2020-08-20 09:32:06.240,3.322,1500
2020-08-20 09:32:06.240,3.322,10000
2020-08-20 09:32:06.240,3.322,285500
2020-08-20 09:32:06.340,3.325,1000
2020-08-20 09:32:06.370,3.325,5000
2020-08-20 09:32:06.770,3.324,3000
2020-08-20 09:32:06.800,3.325,22000
2020-08-20 09:32:06.800,3.325,50000
2020-08-20 09:32:06.800,3.325,5000
2020-08-20 09:32:06.800,3.325,2000
2020-08-20 09:32:06.800,3.325,6000
2020-08-20 09:32:06.800,3.325,100
2020-08-20 09:32:06.800,3.325,214900
2020-08-20 09:32:06.900,3.325,200
2020-08-20 09:32:07.040,3.325,800
2020-08-20 09:32:07.040,3.325,600
2020-08-20 09:32:07.390,3.325,500
2020-08-20 09:32:07.870,3.325,6800
2020-08-20 09:32:08.350,3.324,2000
2020-08-20 09:32:08.620,3.324,1500
2020-08-20 09:32:08.750,3.324,8600
2020-08-20 09:32:08.890,3.324,1400
2020-08-20 09:32:09.050,3.324,30000
2020-08-20 09:32:09.050,3.324,30000
2020-08-20 09:32:09.050,3.324,30000
2020-08-20 09:32:09.050,3.324,10000
2020-08-20 09:32:09.050,3.324,30000
2020-08-20 09:32:09.050,3.324,30000
2020-08-20 09:32:09.050,3.324,10000
2020-08-20 09:32:09.050,3.324,30000
2020-08-20 09:32:09.050,3.324,30000
2020-08-20 09:32:09.120,3.325,2000
2020-08-20 09:32:09.120,3.326,8000
2020-08-20 09:32:09.150,3.324,18600
2020-08-20 09:32:09.290,3.324,2200
2020-08-20 09:32:10.740,3.324,39200
2020-08-20 09:32:10.740,3.322,66200
2020-08-20 09:32:11.280,3.325,5000
2020-08-20 09:32:12.150,3.325,1400
2020-08-20 09:32:13.020,3.325,600
2020-08-20 09:32:13.020,3.325,29400
2020-08-20 09:32:13.050,3.325,600
2020-08-20 09:32:13.050,3.325,200
2020-08-20 09:32:13.670,3.325,4800
2020-08-20 09:32:14.360,3.326,6000
2020-08-20 09:32:15.170,3.326,400
2020-08-20 09:32:15.210,3.325,5200
2020-08-20 09:32:15.210,3.325,400
2020-08-20 09:32:15.210,3.324,14600
2020-08-20 09:32:15.210,3.324,700
2020-08-20 09:32:15.210,3.324,1600
2020-08-20 09:32:15.210,3.324,1000
2020-08-20 09:32:15.210,3.323,8000
2020-08-20 09:32:15.210,3.323,268500
2020-08-20 09:32:16.120,3.325,3500
2020-08-20 09:32:16.120,3.325,1000
2020-08-20 09:32:16.120,3.325,100
2020-08-20 09:32:16.270,3.323,31500
2020-08-20 09:32:16.610,3.323,5000
2020-08-20 09:32:16.760,3.323,300
2020-08-20 09:32:17.200,3.323,263200
2020-08-20 09:32:17.590,3.325,10000
2020-08-20 09:32:17.900,3.325,200
2020-08-20 09:32:18.100,3.324,36800
2020-08-20 09:32:18.100,3.322,148300
2020-08-20 09:32:18.100,3.322,1000
2020-08-20 09:32:18.100,3.322,100000
2020-08-20 09:32:18.100,3.322,500
2020-08-20 09:32:18.100,3.322,10000
2020-08-20 09:32:18.100,3.322,3400
2020-08-20 09:32:18.100,3.325,100
2020-08-20 09:32:18.640,3.324,100
2020-08-20 09:32:18.940,3.324,1000
2020-08-20 09:32:19.090,3.324,900
2020-08-20 09:32:19.150,3.324,2000
2020-08-20 09:32:19.620,3.324,34200
2020-08-20 09:32:19.620,3.325,43500
2020-08-20 09:32:20.700,3.324,200
2020-08-20 09:32:20.700,3.325,300
2020-08-20 09:32:20.730,3.325,1300
2020-08-20 09:32:20.730,3.325,12600
2020-08-20 09:32:20.920,3.325,2500
2020-08-20 09:32:21.150,3.325,1000
2020-08-20 09:32:21.260,3.325,300
2020-08-20 09:32:21.830,3.324,100
2020-08-20 09:32:22.130,3.324,5000
2020-08-20 09:32:22.460,3.324,1000
2020-08-20 09:32:22.770,3.324,200
2020-08-20 09:32:22.850,3.324,1000
2020-08-20 09:32:23.140,3.324,9300
2020-08-20 09:32:23.240,3.324,4000
2020-08-20 09:32:23.300,3.324,30000
2020-08-20 09:32:23.600,3.324,5000
2020-08-20 09:32:23.940,3.324,500
2020-08-20 09:32:24.340,3.324,5000
2020-08-20 09:32:24.460,3.324,500
2020-08-20 09:32:24.700,3.324,3000
2020-08-20 09:32:25.080,3.324,900
2020-08-20 09:32:25.410,3.324,10000
2020-08-20 09:32:25.480,3.324,3000
2020-08-20 09:32:25.510,3.324,300
2020-08-20 09:32:25.650,3.324,1000
2020-08-20 09:32:25.960,3.324,10000
2020-08-20 09:32:26.210,3.323,1000
2020-08-20 09:32:26.210,3.323,3000
2020-08-20 09:32:26.210,3.323,2000
2020-08-20 09:32:26.210,3.323,1000
2020-08-20 09:32:26.210,3.323,3000
2020-08-20 09:32:26.210,3.323,500
2020-08-20 09:32:26.210,3.323,289500
2020-08-20 09:32:27.410,3.324,200
2020-08-20 09:32:27.410,3.324,8000
2020-08-20 09:32:27.580,3.325,10000
2020-08-20 09:32:28.440,3.325,2000
2020-08-20 09:32:28.640,3.325,1000
2020-08-20 09:32:29.130,3.325,5000
2020-08-20 09:32:29.260,3.324,1800
2020-08-20 09:32:29.260,3.323,8200
2020-08-20 09:32:29.670,3.323,300
2020-08-20 09:32:30.620,3.325,4000
2020-08-20 09:32:31.100,3.325,800
2020-08-20 09:32:31.420,3.325,57800
2020-08-20 09:32:31.810,3.325,1000
2020-08-20 09:32:31.880,3.324,6200
2020-08-20 09:32:31.880,3.324,5800
2020-08-20 09:32:32.390,3.324,100
2020-08-20 09:32:32.980,3.325,1000
2020-08-20 09:32:33.020,3.325,6000
2020-08-20 09:32:33.150,3.325,1000
2020-08-20 09:32:33.580,3.324,10000
2020-08-20 09:32:34.020,3.325,100
2020-08-20 09:32:34.420,3.325,10000
2020-08-20 09:32:34.710,3.325,183900
2020-08-20 09:32:34.710,3.325,30000
2020-08-20 09:32:34.710,3.325,100
2020-08-20 09:32:34.710,3.325,1300
2020-08-20 09:32:34.710,3.325,1000
2020-08-20 09:32:35.100,3.325,5000
2020-08-20 09:32:37.130,3.326,900
2020-08-20 09:32:38.170,3.325,3200
2020-08-20 09:32:38.700,3.325,2500
2020-08-20 09:32:39.160,3.325,27000
2020-08-20 09:32:39.360,3.326,5900
2020-08-20 09:32:39.630,3.326,91200
2020-08-20 09:32:39.630,3.326,5600
2020-08-20 09:32:40.330,3.326,4400
2020-08-20 09:32:40.330,3.326,1500
2020-08-20 09:32:40.330,3.327,90100
2020-08-20 09:32:40.330,3.327,10000
2020-08-20 09:32:40.330,3.327,5000
2020-08-20 09:32:40.330,3.327,20000
2020-08-20 09:32:40.330,3.327,1500
2020-08-20 09:32:40.430,3.327,100
2020-08-20 09:32:41.870,3.327,10000
2020-08-20 09:32:41.900,3.327,11100
2020-08-20 09:32:42.470,3.327,3600
2020-08-20 09:32:42.700,3.327,32700
2020-08-20 09:32:42.700,3.326,10000
2020-08-20 09:32:42.700,3.326,13800
2020-08-20 09:32:42.820,3.326,400
2020-08-20 09:32:42.820,3.326,63600
2020-08-20 09:32:42.980,3.326,1000
2020-08-20 09:32:43.100,3.328,900
2020-08-20 09:32:43.420,3.328,3000
2020-08-20 09:32:44.340,3.326,1000
2020-08-20 09:32:44.600,3.326,1000
2020-08-20 09:32:44.770,3.328,2000
2020-08-20 09:32:45.190,3.328,500
2020-08-20 09:32:47.020,3.327,10000
2020-08-20 09:32:47.020,3.328,300
2020-08-20 09:32:47.580,3.328,100
2020-08-20 09:32:47.860,3.328,294900
2020-08-20 09:32:47.860,3.328,20000
2020-08-20 09:32:47.860,3.328,3000
2020-08-20 09:32:47.860,3.328,25000
2020-08-20 09:32:47.860,3.328,9000
2020-08-20 09:32:47.860,3.328,1000
2020-08-20 09:32:47.860,3.328,6000
2020-08-20 09:32:47.860,3.328,3000
2020-08-20 09:32:47.860,3.328,3000
2020-08-20 09:32:47.860,3.328,5000
2020-08-20 09:32:47.860,3.328,50000
2020-08-20 09:32:47.860,3.328,100
2020-08-20 09:32:48.000,3.328,2000
2020-08-20 09:32:48.950,3.328,10000
2020-08-20 09:32:49.120,3.329,800
2020-08-20 09:32:50.190,3.328,468100
2020-08-20 09:32:50.190,3.328,10000
2020-08-20 09:32:50.190,3.328,2900
2020-08-20 09:32:50.190,3.328,1400
2020-08-20 09:32:50.190,3.328,800
2020-08-20 09:32:50.190,3.327,6000
2020-08-20 09:32:50.190,3.327,510800
2020-08-20 09:32:50.190,3.327,389200
2020-08-20 09:32:50.190,3.326,610800
2020-08-20 09:32:50.710,3.328,100
2020-08-20 09:32:51.100,3.329,8000
2020-08-20 09:32:51.570,3.329,213600
2020-08-20 09:32:51.790,3.328,400
2020-08-20 09:32:51.790,3.328,1500
2020-08-20 09:32:52.820,3.328,500
2020-08-20 09:32:53.180,3.328,10000
2020-08-20 09:32:53.240,3.328,3000
2020-08-20 09:32:53.370,3.328,14600
2020-08-20 09:32:53.370,3.329,331400
2020-08-20 09:32:53.640,3.328,2000
2020-08-20 09:32:53.810,3.328,8000
2020-08-20 09:32:53.810,3.329,2000
2020-08-20 09:32:53.880,3.328,500
2020-08-20 09:32:53.880,3.329,9500
2020-08-20 09:32:54.060,3.329,400
2020-08-20 09:32:54.230,3.329,8000
2020-08-20 09:32:54.330,3.329,5000
2020-08-20 09:32:54.480,3.329,1000
2020-08-20 09:32:55.000,3.329,1400
2020-08-20 09:32:55.110,3.329,900
2020-08-20 09:32:55.210,3.329,6000
2020-08-20 09:32:55.340,3.329,1000
2020-08-20 09:32:55.670,3.329,10000
2020-08-20 09:32:55.930,3.329,7900
2020-08-20 09:32:56.150,3.328,500
2020-08-20 09:32:56.380,3.329,116100
2020-08-20 09:32:56.380,3.329,700
2020-08-20 09:32:56.380,3.329,29900
2020-08-20 09:32:56.380,3.329,1000
2020-08-20 09:32:56.380,3.329,400
2020-08-20 09:32:56.380,3.329,800
2020-08-20 09:32:56.380,3.329,10000
2020-08-20 09:32:56.380,3.329,4300
2020-08-20 09:32:56.380,3.329,1500
2020-08-20 09:32:56.380,3.329,14700
2020-08-20 09:32:56.380,3.329,27000
2020-08-20 09:32:56.380,3.329,1100
2020-08-20 09:32:56.380,3.329,25000
2020-08-20 09:32:56.380,3.329,10000
2020-08-20 09:32:56.380,3.329,87500
2020-08-20 09:32:57.240,3.329,5000
2020-08-20 09:32:57.400,3.328,1000
2020-08-20 09:32:57.510,3.328,1700
2020-08-20 09:32:57.710,3.328,300
2020-08-20 09:32:57.790,3.328,1000
2020-08-20 09:32:58.020,3.329,5000
2020-08-20 09:32:58.130,3.328,58800
2020-08-20 09:32:58.130,3.327,1500
2020-08-20 09:32:58.130,3.327,353500
2020-08-20 09:32:58.520,3.329,300000
2020-08-20 09:32:59.660,3.329,5000
2020-08-20 09:33:00.130,3.329,100
2020-08-20 09:33:00.240,3.329,597400
2020-08-20 09:33:00.240,3.329,15000
2020-08-20 09:33:00.240,3.329,10000
2020-08-20 09:33:00.240,3.329,1000
2020-08-20 09:33:00.240,3.329,100
2020-08-20 09:33:00.240,3.329,47100
2020-08-20 09:33:00.240,3.329,11900
2020-08-20 09:33:00.240,3.329,300
2020-08-20 09:33:00.240,3.329,18000
2020-08-20 09:33:00.240,3.329,800
2020-08-20 09:33:00.240,3.329,1400
2020-08-20 09:33:00.240,3.329,7700
2020-08-20 09:33:00.240,3.329,800
2020-08-20 09:33:00.240,3.329,200
2020-08-20 09:33:00.240,3.329,100
2020-08-20 09:33:00.240,3.329,100
2020-08-20 09:33:00.240,3.329,2000
2020-08-20 09:33:00.240,3.329,700
2020-08-20 09:33:00.240,3.329,1000
2020-08-20 09:33:00.240,3.329,50000
2020-08-20 09:33:00.240,3.329,5000
2020-08-20 09:33:00.330,3.329,1000
2020-08-20 09:33:00.970,3.329,64500
2020-08-20 09:33:01.120,3.33,900
2020-08-20 09:33:01.470,3.329,17500
2020-08-20 09:33:02.610,3.33,700
2020-08-20 09:33:02.610,3.33,900
2020-08-20 09:33:02.870,3.329,46400
2020-08-20 09:33:02.870,3.329,10000
2020-08-20 09:33:02.870,3.329,243600
2020-08-20 09:33:03.070,3.329,30000
2020-08-20 09:33:03.070,3.329,30000
2020-08-20 09:33:03.070,3.329,10000
2020-08-20 09:33:03.170,3.329,300000
2020-08-20 09:33:03.180,3.33,1500
2020-08-20 09:33:03.390,3.329,102700
2020-08-20 09:33:03.620,3.329,80000
2020-08-20 09:33:03.620,3.329,40000
2020-08-20 09:33:03.620,3.329,63700
2020-08-20 09:33:03.620,3.329,10000
2020-08-20 09:33:03.620,3.329,20000
2020-08-20 09:33:04.210,3.329,100
2020-08-20 09:33:04.270,3.329,300
2020-08-20 09:33:04.270,3.329,500
2020-08-20 09:33:04.430,3.329,3000
2020-08-20 09:33:04.460,3.329,2400
2020-08-20 09:33:04.460,3.329,5500
2020-08-20 09:33:05.040,3.329,4300
2020-08-20 09:33:05.320,3.328,700
2020-08-20 09:33:05.360,3.329,5000
2020-08-20 09:33:05.560,3.329,5000
2020-08-20 09:33:05.600,3.329,10400
2020-08-20 09:33:05.880,3.329,10000
2020-08-20 09:33:06.070,3.328,9300
2020-08-20 09:33:06.070,3.328,2000
2020-08-20 09:33:06.070,3.328,500
2020-08-20 09:33:06.070,3.328,5000
2020-08-20 09:33:06.070,3.328,1500
2020-08-20 09:33:06.070,3.328,1500
2020-08-20 09:33:06.070,3.328,10200
2020-08-20 09:33:06.100,3.329,200
2020-08-20 09:33:06.100,3.329,29600
2020-08-20 09:33:06.100,3.329,50000
2020-08-20 09:33:06.100,3.329,120400
2020-08-20 09:33:06.710,3.328,9800
2020-08-20 09:33:06.710,3.328,8000
2020-08-20 09:33:06.710,3.328,20000
2020-08-20 09:33:06.710,3.328,10000
2020-08-20 09:33:06.710,3.328,300
2020-08-20 09:33:06.780,3.328,15000
2020-08-20 09:33:06.900,3.328,900
2020-08-20 09:33:06.980,3.328,14100
2020-08-20 09:33:07.050,3.328,100
2020-08-20 09:33:07.120,3.328,800
2020-08-20 09:33:07.120,3.328,200
2020-08-20 09:33:07.510,3.328,1200
2020-08-20 09:33:08.330,3.328,5000
2020-08-20 09:33:08.370,3.328,10000
2020-08-20 09:33:08.740,3.328,10000
2020-08-20 09:33:08.920,3.327,300000
2020-08-20 09:33:09.100,3.327,30000
2020-08-20 09:33:09.100,3.327,30000
2020-08-20 09:33:09.100,3.327,20000
2020-08-20 09:33:09.230,3.328,700
2020-08-20 09:33:09.330,3.328,5000
2020-08-20 09:33:10.390,3.328,1000
2020-08-20 09:33:10.530,3.328,17900
2020-08-20 09:33:10.890,3.327,300000
2020-08-20 09:33:11.080,3.328,300
2020-08-20 09:33:11.080,3.328,10000
2020-08-20 09:33:11.080,3.327,100000
2020-08-20 09:33:11.080,3.327,60000
2020-08-20 09:33:11.080,3.327,10000
2020-08-20 09:33:11.260,3.328,40000
2020-08-20 09:33:11.260,3.328,1500
2020-08-20 09:33:11.330,3.328,223600
2020-08-20 09:33:11.330,3.328,800
2020-08-20 09:33:11.390,3.328,100
2020-08-20 09:33:11.550,3.328,151000
2020-08-20 09:33:11.900,3.329,100
2020-08-20 09:33:12.040,3.328,300000
2020-08-20 09:33:12.040,3.328,30000
2020-08-20 09:33:12.040,3.328,10000
2020-08-20 09:33:12.040,3.328,30000
2020-08-20 09:33:12.040,3.328,30000
2020-08-20 09:33:12.040,3.328,30000
2020-08-20 09:33:12.040,3.328,94500
2020-08-20 09:33:12.040,3.328,205500
2020-08-20 09:33:12.120,3.328,30000
2020-08-20 09:33:12.120,3.328,30000
2020-08-20 09:33:12.120,3.328,30000
2020-08-20 09:33:12.120,3.328,30000
2020-08-20 09:33:12.120,3.328,30000
2020-08-20 09:33:12.120,3.328,30000
2020-08-20 09:33:12.120,3.328,30000
2020-08-20 09:33:12.120,3.328,10000
2020-08-20 09:33:12.120,3.328,30000
2020-08-20 09:33:12.120,3.328,30000
2020-08-20 09:33:12.120,3.328,30000
2020-08-20 09:33:12.120,3.328,30000
2020-08-20 09:33:12.120,3.328,30000
2020-08-20 09:33:12.120,3.328,30000
2020-08-20 09:33:12.260,3.328,294500
2020-08-20 09:33:12.260,3.328,1000
2020-08-20 09:33:12.260,3.328,3100
2020-08-20 09:33:13.010,3.328,8900
2020-08-20 09:33:13.010,3.328,289700
2020-08-20 09:33:13.140,3.329,900
2020-08-20 09:33:13.760,3.329,3400
2020-08-20 09:33:13.760,3.329,2600
2020-08-20 09:33:13.930,3.329,8800
2020-08-20 09:33:14.650,3.328,50000
2020-08-20 09:33:14.790,3.329,291800
2020-08-20 09:33:14.790,3.329,10000
2020-08-20 09:33:14.790,3.329,300000
2020-08-20 09:33:14.790,3.329,12000
2020-08-20 09:33:14.790,3.329,10000
2020-08-20 09:33:14.940,3.329,100000
2020-08-20 09:33:15.070,3.329,2000
2020-08-20 09:33:15.070,3.329,100000
2020-08-20 09:33:15.110,3.329,20000
2020-08-20 09:33:15.110,3.329,54200
2020-08-20 09:33:15.180,3.329,5300
2020-08-20 09:33:15.580,3.328,9500
2020-08-20 09:33:15.870,3.328,400
2020-08-20 09:33:16.320,3.328,150400
2020-08-20 09:33:16.320,3.328,339600
2020-08-20 09:33:16.770,3.328,27000
2020-08-20 09:33:16.830,3.329,5000
2020-08-20 09:33:16.830,3.329,5200
2020-08-20 09:33:17.620,3.328,1000
2020-08-20 09:33:17.890,3.329,5000
2020-08-20 09:33:18.050,3.329,300
2020-08-20 09:33:18.080,3.328,10000
2020-08-20 09:33:18.080,3.328,30000
2020-08-20 09:33:18.080,3.328,30000
2020-08-20 09:33:18.080,3.328,30000
2020-08-20 09:33:18.080,3.328,10000
2020-08-20 09:33:18.080,3.328,30000
2020-08-20 09:33:18.080,3.328,10000
2020-08-20 09:33:18.080,3.328,30000
2020-08-20 09:33:18.080,3.328,30000
2020-08-20 09:33:18.080,3.328,30000
2020-08-20 09:33:18.080,3.328,30000
2020-08-20 09:33:18.260,3.328,1300
2020-08-20 09:33:19.060,3.329,900
2020-08-20 09:33:19.130,3.328,6000
2020-08-20 09:33:19.260,3.329,1000
2020-08-20 09:33:19.320,3.329,3000
2020-08-20 09:33:19.320,3.328,6000
2020-08-20 09:33:19.620,3.329,500
2020-08-20 09:33:19.800,3.329,500
2020-08-20 09:33:20.170,3.329,2000
2020-08-20 09:33:21.090,3.328,80000
2020-08-20 09:33:21.090,3.328,10000
2020-08-20 09:33:21.090,3.328,10000
2020-08-20 09:33:21.090,3.328,30000
2020-08-20 09:33:21.090,3.328,30000
2020-08-20 09:33:21.090,3.328,30000
2020-08-20 09:33:21.090,3.328,10000
2020-08-20 09:33:21.090,3.328,30000
2020-08-20 09:33:21.090,3.328,30000
2020-08-20 09:33:21.090,3.328,10000
2020-08-20 09:33:21.120,3.328,300000
2020-08-20 09:33:21.150,3.329,4000
2020-08-20 09:33:22.230,3.328,80000
2020-08-20 09:33:22.230,3.328,38700
2020-08-20 09:33:22.230,3.328,9700
2020-08-20 09:33:22.230,3.328,9400
2020-08-20 09:33:22.230,3.328,400
2020-08-20 09:33:22.230,3.328,10000
2020-08-20 09:33:22.230,3.328,2000
2020-08-20 09:33:22.230,3.328,2000
2020-08-20 09:33:22.230,3.328,6000
2020-08-20 09:33:22.230,3.328,500
2020-08-20 09:33:22.230,3.328,3000
2020-08-20 09:33:22.230,3.328,10000
2020-08-20 09:33:22.230,3.328,8300
2020-08-20 09:33:22.230,3.328,100000
2020-08-20 09:33:22.230,3.328,30000
2020-08-20 09:33:22.390,3.329,100
2020-08-20 09:33:22.430,3.329,2000
2020-08-20 09:33:22.670,3.328,60000
2020-08-20 09:33:22.770,3.328,1000
2020-08-20 09:33:22.800,3.328,30000
2020-08-20 09:33:22.900,3.329,1000
2020-08-20 09:33:23.090,3.329,3600
2020-08-20 09:33:23.190,3.329,5000
2020-08-20 09:33:23.570,3.328,2000
2020-08-20 09:33:23.820,3.329,1400
2020-08-20 09:33:23.820,3.329,700
2020-08-20 09:33:24.010,3.328,10000
2020-08-20 09:33:24.010,3.328,30000
2020-08-20 09:33:24.010,3.328,28700
2020-08-20 09:33:24.010,3.328,1300
2020-08-20 09:33:24.010,3.328,9400
2020-08-20 09:33:24.010,3.328,2000
2020-08-20 09:33:24.010,3.328,18600
2020-08-20 09:33:24.010,3.328,10000
2020-08-20 09:33:24.010,3.328,10000
2020-08-20 09:33:24.010,3.328,30000
2020-08-20 09:33:24.690,3.328,3000
2020-08-20 09:33:24.880,3.329,500
2020-08-20 09:33:24.960,3.328,28400
2020-08-20 09:33:24.960,3.328,5000
2020-08-20 09:33:24.960,3.328,10000
2020-08-20 09:33:24.960,3.328,2000
2020-08-20 09:33:24.960,3.328,1000
2020-08-20 09:33:24.960,3.328,1000
2020-08-20 09:33:24.960,3.328,500
2020-08-20 09:33:24.960,3.328,300
2020-08-20 09:33:24.960,3.328,41800
2020-08-20 09:33:25.140,3.329,800
2020-08-20 09:33:25.210,3.328,8200
2020-08-20 09:33:25.290,3.329,3000
2020-08-20 09:33:25.770,3.328,1400
2020-08-20 09:33:26.400,3.328,11400
2020-08-20 09:33:27.350,3.328,3000
2020-08-20 09:33:27.480,3.328,2200
2020-08-20 09:33:27.480,3.328,2800
2020-08-20 09:33:27.700,3.328,5000
2020-08-20 09:33:27.820,3.328,132100
2020-08-20 09:33:28.630,3.328,20000
2020-08-20 09:33:28.870,3.328,3000
2020-08-20 09:33:30.280,3.328,700
2020-08-20 09:33:30.330,3.328,5000
2020-08-20 09:33:30.430,3.328,100
2020-08-20 09:33:30.670,3.328,5000
2020-08-20 09:33:31.120,3.328,900
2020-08-20 09:33:32.690,3.327,800
2020-08-20 09:33:32.750,3.327,49200
2020-08-20 09:33:32.750,3.327,1000
2020-08-20 09:33:32.750,3.327,5000
2020-08-20 09:33:32.750,3.327,10000
2020-08-20 09:33:32.750,3.327,6100
2020-08-20 09:33:32.750,3.327,2000
2020-08-20 09:33:32.750,3.327,4100
2020-08-20 09:33:32.750,3.327,1000
2020-08-20 09:33:32.750,3.327,1000
2020-08-20 09:33:32.750,3.327,220600
2020-08-20 09:33:33.860,3.328,10000
2020-08-20 09:33:34.610,3.327,30000
2020-08-20 09:33:34.610,3.327,30000
2020-08-20 09:33:34.610,3.327,20000
2020-08-20 09:33:36.040,3.328,200
2020-08-20 09:33:36.250,3.328,65100
2020-08-20 09:33:36.250,3.327,1000
2020-08-20 09:33:36.910,3.327,1000
2020-08-20 09:33:36.970,3.328,1000
2020-08-20 09:33:37.070,3.327,600
2020-08-20 09:33:37.450,3.328,600
2020-08-20 09:33:37.450,3.328,28800
2020-08-20 09:33:37.450,3.328,19700
2020-08-20 09:33:37.450,3.328,300
2020-08-20 09:33:38.070,3.328,1000
2020-08-20 09:33:38.200,3.328,300
2020-08-20 09:33:38.230,3.327,100
2020-08-20 09:33:38.470,3.328,300
2020-08-20 09:33:38.750,3.327,196700
2020-08-20 09:33:38.750,3.327,74400
2020-08-20 09:33:38.750,3.327,3000
2020-08-20 09:33:38.750,3.327,2000
2020-08-20 09:33:38.750,3.327,23900
2020-08-20 09:33:39.000,3.328,3000
2020-08-20 09:33:39.160,3.327,100
2020-08-20 09:33:39.430,3.327,200
2020-08-20 09:33:39.500,3.327,3000
2020-08-20 09:33:39.690,3.327,10000
2020-08-20 09:33:39.950,3.327,30000
2020-08-20 09:33:41.010,3.326,100
2020-08-20 09:33:41.010,3.326,100
2020-08-20 09:33:41.010,3.326,100
2020-08-20 09:33:41.010,3.326,100
2020-08-20 09:33:41.010,3.326,100
2020-08-20 09:33:41.010,3.326,100
2020-08-20 09:33:41.010,3.326,100
2020-08-20 09:33:41.010,3.326,100
2020-08-20 09:33:41.010,3.326,100
2020-08-20 09:33:41.010,3.326,100
2020-08-20 09:33:41.010,3.326,100
2020-08-20 09:33:41.010,3.326,100
2020-08-20 09:33:41.010,3.326,100
2020-08-20 09:33:41.010,3.326,100
2020-08-20 09:33:41.010,3.326,100
2020-08-20 09:33:41.070,3.326,100
2020-08-20 09:33:41.070,3.326,100
2020-08-20 09:33:41.070,3.326,100
2020-08-20 09:33:41.070,3.326,100
2020-08-20 09:33:41.070,3.326,100
2020-08-20 09:33:41.070,3.326,100
2020-08-20 09:33:41.110,3.326,100
2020-08-20 09:33:41.110,3.326,100
2020-08-20 09:33:41.110,3.326,100
2020-08-20 09:33:41.110,3.326,100
2020-08-20 09:33:41.110,3.326,100
2020-08-20 09:33:41.110,3.326,100
2020-08-20 09:33:41.110,3.326,100
2020-08-20 09:33:41.110,3.326,100
2020-08-20 09:33:41.110,3.326,100
2020-08-20 09:33:41.110,3.326,100
2020-08-20 09:33:41.110,3.326,100
2020-08-20 09:33:41.170,3.326,100
2020-08-20 09:33:41.170,3.326,100
2020-08-20 09:33:41.170,3.326,100
2020-08-20 09:33:41.170,3.326,100
2020-08-20 09:33:41.170,3.326,100
2020-08-20 09:33:41.170,3.326,100
2020-08-20 09:33:41.210,3.326,100
2020-08-20 09:33:41.210,3.326,100
2020-08-20 09:33:41.210,3.326,100
2020-08-20 09:33:41.210,3.326,100
2020-08-20 09:33:41.210,3.326,100
2020-08-20 09:33:41.210,3.326,100
2020-08-20 09:33:41.210,3.326,100
2020-08-20 09:33:41.280,3.326,100
2020-08-20 09:33:41.280,3.326,100
2020-08-20 09:33:41.280,3.326,100
2020-08-20 09:33:41.280,3.326,100
2020-08-20 09:33:41.280,3.326,100
2020-08-20 09:33:41.280,3.326,100
2020-08-20 09:33:41.280,3.326,100
2020-08-20 09:33:41.310,3.326,100
2020-08-20 09:33:41.310,3.326,100
2020-08-20 09:33:41.310,3.326,100
2020-08-20 09:33:41.310,3.326,100
2020-08-20 09:33:41.310,3.326,100
2020-08-20 09:33:41.310,3.326,100
2020-08-20 09:33:41.380,3.326,100
2020-08-20 09:33:41.380,3.326,100
2020-08-20 09:33:41.380,3.326,100
2020-08-20 09:33:41.380,3.326,100
2020-08-20 09:33:41.380,3.326,100
2020-08-20 09:33:41.380,3.326,100
2020-08-20 09:33:41.380,3.326,100
2020-08-20 09:33:41.380,3.326,100
2020-08-20 09:33:41.410,3.326,100
2020-08-20 09:33:41.410,3.326,100
2020-08-20 09:33:41.410,3.326,100
2020-08-20 09:33:41.490,3.326,100
2020-08-20 09:33:41.490,3.326,100
2020-08-20 09:33:41.490,3.326,100
2020-08-20 09:33:41.490,3.326,100
2020-08-20 09:33:41.490,3.326,100
2020-08-20 09:33:41.490,3.326,100
2020-08-20 09:33:41.490,3.326,100
2020-08-20 09:33:41.490,3.326,100
2020-08-20 09:33:41.560,3.326,100
2020-08-20 09:33:41.560,3.326,100
2020-08-20 09:33:41.620,3.326,100
2020-08-20 09:33:41.620,3.326,100
2020-08-20 09:33:41.620,3.326,100
2020-08-20 09:33:41.620,3.326,100
2020-08-20 09:33:41.620,3.326,100
2020-08-20 09:33:41.620,3.326,100
2020-08-20 09:33:41.620,3.326,100
2020-08-20 09:33:41.620,3.326,100
2020-08-20 09:33:41.660,3.326,100
2020-08-20 09:33:41.660,3.326,100
2020-08-20 09:33:41.660,3.326,100
2020-08-20 09:33:41.660,3.326,100
2020-08-20 09:33:41.660,3.326,100
2020-08-20 09:33:41.660,3.326,100
2020-08-20 09:33:41.750,3.326,100
2020-08-20 09:33:41.750,3.326,100
2020-08-20 09:33:41.750,3.326,100
2020-08-20 09:33:41.750,3.326,100
2020-08-20 09:33:41.750,3.326,100
2020-08-20 09:33:41.750,3.326,100
2020-08-20 09:33:41.790,3.327,2900
2020-08-20 09:33:41.910,3.326,100
2020-08-20 09:33:42.180,3.326,100
2020-08-20 09:33:42.180,3.326,100
2020-08-20 09:33:42.180,3.326,100
2020-08-20 09:33:42.180,3.326,100
2020-08-20 09:33:42.180,3.326,100
2020-08-20 09:33:42.180,3.326,100
2020-08-20 09:33:42.180,3.326,100
2020-08-20 09:33:42.180,3.326,100
2020-08-20 09:33:42.180,3.326,100
2020-08-20 09:33:42.180,3.326,100
2020-08-20 09:33:42.180,3.326,100
2020-08-20 09:33:42.180,3.326,100
2020-08-20 09:33:42.180,3.326,100
2020-08-20 09:33:42.180,3.326,100
2020-08-20 09:33:42.220,3.326,100
2020-08-20 09:33:42.220,3.326,100
2020-08-20 09:33:42.280,3.326,100
2020-08-20 09:33:42.280,3.326,100
2020-08-20 09:33:42.280,3.326,100
2020-08-20 09:33:42.280,3.326,100
2020-08-20 09:33:42.280,3.326,100
2020-08-20 09:33:42.280,3.326,100
2020-08-20 09:33:42.280,3.326,100
2020-08-20 09:33:42.280,3.326,100
2020-08-20 09:33:42.280,3.326,100
2020-08-20 09:33:42.320,3.326,100
2020-08-20 09:33:42.320,3.326,100
2020-08-20 09:33:42.320,3.326,100
2020-08-20 09:33:42.320,3.326,100
2020-08-20 09:33:42.320,3.326,100
2020-08-20 09:33:42.380,3.326,70200
2020-08-20 09:33:42.380,3.327,500
2020-08-20 09:33:42.380,3.326,100
2020-08-20 09:33:42.380,3.326,100
2020-08-20 09:33:42.380,3.326,100
2020-08-20 09:33:42.380,3.326,100
2020-08-20 09:33:42.380,3.326,100
2020-08-20 09:33:42.380,3.326,100
2020-08-20 09:33:42.380,3.326,100
2020-08-20 09:33:42.380,3.326,100
2020-08-20 09:33:42.380,3.326,100
2020-08-20 09:33:42.420,3.326,100
2020-08-20 09:33:42.420,3.326,100
2020-08-20 09:33:42.420,3.326,100
2020-08-20 09:33:42.420,3.326,100
2020-08-20 09:33:42.420,3.326,100
2020-08-20 09:33:42.420,3.326,100
2020-08-20 09:33:42.490,3.326,100
2020-08-20 09:33:42.490,3.326,100
2020-08-20 09:33:42.490,3.326,100
2020-08-20 09:33:42.490,3.326,100
2020-08-20 09:33:42.490,3.326,100
2020-08-20 09:33:42.490,3.326,100
2020-08-20 09:33:42.550,3.326,100
2020-08-20 09:33:42.550,3.326,100
2020-08-20 09:33:42.550,3.326,100
2020-08-20 09:33:42.550,3.326,100
2020-08-20 09:33:42.550,3.326,100
2020-08-20 09:33:42.550,3.326,100
2020-08-20 09:33:42.580,3.327,5000
2020-08-20 09:33:42.580,3.327,16800
2020-08-20 09:33:42.580,3.327,13000
2020-08-20 09:33:42.580,3.327,1900
2020-08-20 09:33:42.580,3.327,400
2020-08-20 09:33:42.580,3.327,25200
2020-08-20 09:33:42.620,3.326,100
2020-08-20 09:33:42.620,3.326,100
2020-08-20 09:33:42.620,3.326,100
2020-08-20 09:33:42.620,3.326,100
2020-08-20 09:33:42.620,3.326,100
2020-08-20 09:33:42.620,3.326,100
2020-08-20 09:33:42.620,3.326,100
2020-08-20 09:33:42.620,3.326,100
2020-08-20 09:33:42.650,3.326,100
2020-08-20 09:33:42.650,3.326,100
2020-08-20 09:33:42.650,3.326,100
2020-08-20 09:33:42.650,3.326,100
2020-08-20 09:33:42.650,3.326,100
2020-08-20 09:33:42.650,3.326,100
2020-08-20 09:33:42.650,3.326,100
2020-08-20 09:33:42.650,3.326,100
2020-08-20 09:33:42.650,3.326,100
2020-08-20 09:33:42.710,3.326,100
2020-08-20 09:33:42.710,3.326,100
2020-08-20 09:33:42.710,3.326,100
2020-08-20 09:33:42.710,3.326,100
2020-08-20 09:33:42.710,3.326,100
2020-08-20 09:33:42.710,3.326,100
2020-08-20 09:33:42.710,3.326,100
2020-08-20 09:33:42.710,3.326,100
2020-08-20 09:33:42.710,3.326,100
2020-08-20 09:33:42.710,3.326,100
2020-08-20 09:33:42.710,3.326,100
2020-08-20 09:33:42.710,3.326,100
2020-08-20 09:33:42.710,3.326,100
2020-08-20 09:33:42.710,3.326,100
2020-08-20 09:33:42.710,3.326,100
2020-08-20 09:33:42.710,3.326,100
2020-08-20 09:33:42.810,3.326,100
2020-08-20 09:33:42.810,3.326,100
2020-08-20 09:33:42.810,3.326,100
2020-08-20 09:33:42.810,3.326,100
2020-08-20 09:33:42.810,3.326,100
2020-08-20 09:33:42.810,3.326,100
2020-08-20 09:33:42.810,3.326,100
2020-08-20 09:33:42.810,3.326,100
2020-08-20 09:33:42.810,3.326,100
2020-08-20 09:33:42.930,3.326,100
2020-08-20 09:33:43.400,3.327,5000
2020-08-20 09:33:44.380,3.327,23100
2020-08-20 09:33:44.380,3.327,26900
2020-08-20 09:33:44.510,3.326,100
2020-08-20 09:33:44.510,3.326,100
2020-08-20 09:33:44.510,3.326,100
2020-08-20 09:33:44.510,3.326,100
2020-08-20 09:33:44.510,3.326,100
2020-08-20 09:33:44.510,3.326,100
2020-08-20 09:33:44.550,3.326,100
2020-08-20 09:33:44.550,3.326,100
2020-08-20 09:33:44.580,3.326,100
2020-08-20 09:33:44.580,3.326,100
2020-08-20 09:33:44.580,3.326,100
2020-08-20 09:33:44.580,3.326,100
2020-08-20 09:33:44.610,3.327,2900
2020-08-20 09:33:44.610,3.327,100
2020-08-20 09:33:44.610,3.328,5100
2020-08-20 09:33:44.610,3.328,6800
2020-08-20 09:33:44.640,3.326,100
2020-08-20 09:33:44.720,3.326,100
2020-08-20 09:33:44.720,3.326,100
2020-08-20 09:33:44.720,3.326,100
2020-08-20 09:33:44.720,3.326,100
2020-08-20 09:33:44.720,3.326,100
2020-08-20 09:33:44.720,3.326,100
2020-08-20 09:33:44.720,3.326,100
2020-08-20 09:33:44.720,3.326,100
2020-08-20 09:33:44.720,3.326,100
2020-08-20 09:33:44.720,3.326,100
2020-08-20 09:33:44.720,3.326,100
2020-08-20 09:33:44.780,3.326,100
2020-08-20 09:33:44.780,3.326,100
2020-08-20 09:33:44.780,3.326,100
2020-08-20 09:33:44.780,3.326,100
2020-08-20 09:33:44.780,3.326,100
2020-08-20 09:33:44.780,3.326,100
2020-08-20 09:33:44.810,3.326,100
2020-08-20 09:33:44.810,3.326,100
2020-08-20 09:33:44.810,3.326,100
2020-08-20 09:33:44.810,3.326,100
2020-08-20 09:33:44.810,3.326,100
2020-08-20 09:33:44.810,3.326,100
2020-08-20 09:33:44.880,3.326,100
2020-08-20 09:33:44.880,3.326,100
2020-08-20 09:33:44.880,3.326,100
2020-08-20 09:33:44.880,3.326,100
2020-08-20 09:33:44.920,3.326,100
2020-08-20 09:33:44.920,3.326,100
2020-08-20 09:33:44.920,3.326,100
2020-08-20 09:33:44.920,3.326,100
2020-08-20 09:33:44.920,3.326,100
2020-08-20 09:33:44.920,3.326,100
2020-08-20 09:33:44.920,3.326,100
2020-08-20 09:33:44.920,3.326,100
2020-08-20 09:33:44.920,3.326,100
2020-08-20 09:33:44.980,3.326,100
2020-08-20 09:33:44.980,3.326,100
2020-08-20 09:33:44.980,3.326,100
2020-08-20 09:33:44.980,3.326,100
2020-08-20 09:33:44.980,3.326,100
2020-08-20 09:33:44.980,3.326,100
2020-08-20 09:33:45.010,3.326,100
2020-08-20 09:33:45.010,3.326,100
2020-08-20 09:33:45.010,3.326,100
2020-08-20 09:33:45.070,3.326,100
2020-08-20 09:33:45.070,3.326,100
2020-08-20 09:33:45.070,3.326,100
2020-08-20 09:33:45.070,3.326,100
2020-08-20 09:33:45.110,3.326,100
2020-08-20 09:33:45.110,3.326,100
2020-08-20 09:33:45.110,3.326,100
2020-08-20 09:33:45.110,3.326,100
2020-08-20 09:33:45.180,3.326,100
2020-08-20 09:33:45.180,3.326,100
2020-08-20 09:33:45.180,3.326,100
2020-08-20 09:33:45.180,3.326,100
2020-08-20 09:33:45.180,3.326,100
2020-08-20 09:33:45.180,3.326,100
2020-08-20 09:33:45.180,3.326,100
2020-08-20 09:33:45.180,3.326,100
2020-08-20 09:33:45.250,3.326,100
2020-08-20 09:33:45.250,3.326,100
2020-08-20 09:33:45.250,3.326,100
2020-08-20 09:33:45.250,3.326,100
2020-08-20 09:33:45.250,3.326,100
2020-08-20 09:33:45.330,3.326,100
2020-08-20 09:33:45.330,3.326,100
2020-08-20 09:33:45.330,3.326,100
2020-08-20 09:33:45.330,3.326,100
2020-08-20 09:33:45.330,3.326,100
2020-08-20 09:33:45.330,3.326,100
2020-08-20 09:33:45.330,3.326,100
2020-08-20 09:33:45.330,3.326,100
2020-08-20 09:33:45.330,3.326,100
2020-08-20 09:33:45.390,3.326,100
2020-08-20 09:33:45.390,3.326,100
2020-08-20 09:33:45.390,3.326,100
2020-08-20 09:33:45.390,3.326,100
2020-08-20 09:33:45.390,3.326,100
2020-08-20 09:33:45.390,3.326,100
2020-08-20 09:33:45.390,3.326,100
2020-08-20 09:33:45.420,3.326,100
2020-08-20 09:33:45.420,3.326,100
2020-08-20 09:33:45.420,3.326,100
2020-08-20 09:33:45.420,3.326,100
2020-08-20 09:33:45.560,3.328,3000
2020-08-20 09:33:45.560,3.327,1000
2020-08-20 09:33:45.560,3.326,29000
2020-08-20 09:33:45.590,3.326,100
2020-08-20 09:33:45.590,3.326,100
2020-08-20 09:33:45.880,3.328,5000
2020-08-20 09:33:45.920,3.326,100
2020-08-20 09:33:45.920,3.326,100
2020-08-20 09:33:45.920,3.326,100
2020-08-20 09:33:45.920,3.326,100
2020-08-20 09:33:45.920,3.326,100
2020-08-20 09:33:45.920,3.326,100
2020-08-20 09:33:45.920,3.326,100
2020-08-20 09:33:45.920,3.326,100
2020-08-20 09:33:45.920,3.326,100
2020-08-20 09:33:45.920,3.326,100
2020-08-20 09:33:45.920,3.326,100
2020-08-20 09:33:45.920,3.326,100
2020-08-20 09:33:45.920,3.326,100
2020-08-20 09:33:45.920,3.326,100
2020-08-20 09:33:45.920,3.326,100
2020-08-20 09:33:45.920,3.326,100
2020-08-20 09:33:46.010,3.326,100
2020-08-20 09:33:46.010,3.326,100
2020-08-20 09:33:46.010,3.326,100
2020-08-20 09:33:46.010,3.326,100
2020-08-20 09:33:46.010,3.326,100
2020-08-20 09:33:46.010,3.326,100
2020-08-20 09:33:46.010,3.326,100
2020-08-20 09:33:46.010,3.326,100
2020-08-20 09:33:46.010,3.326,100
2020-08-20 09:33:46.010,3.326,100
2020-08-20 09:33:46.010,3.326,100
2020-08-20 09:33:46.010,3.326,100
2020-08-20 09:33:46.010,3.326,100
2020-08-20 09:33:46.010,3.326,100
2020-08-20 09:33:46.010,3.326,100
2020-08-20 09:33:46.010,3.326,100
2020-08-20 09:33:46.010,3.326,100
2020-08-20 09:33:46.040,3.326,100
2020-08-20 09:33:46.040,3.326,100
2020-08-20 09:33:46.040,3.326,100
2020-08-20 09:33:46.040,3.326,100
2020-08-20 09:33:46.040,3.326,100
2020-08-20 09:33:46.040,3.326,100
2020-08-20 09:33:46.040,3.326,100
2020-08-20 09:33:46.040,3.326,100
2020-08-20 09:33:46.040,3.326,100
2020-08-20 09:33:46.040,3.326,100
2020-08-20 09:33:46.040,3.326,100
2020-08-20 09:33:46.040,3.326,100
2020-08-20 09:33:46.040,3.326,100
2020-08-20 09:33:46.070,3.326,100
2020-08-20 09:33:46.070,3.326,100
2020-08-20 09:33:46.070,3.326,100
2020-08-20 09:33:46.070,3.326,100
2020-08-20 09:33:46.070,3.326,100
2020-08-20 09:33:46.070,3.326,100
2020-08-20 09:33:46.070,3.326,100
2020-08-20 09:33:46.070,3.326,100
2020-08-20 09:33:46.070,3.326,100
2020-08-20 09:33:46.070,3.326,100
2020-08-20 09:33:46.070,3.326,100
2020-08-20 09:33:46.070,3.326,100
2020-08-20 09:33:46.070,3.326,100
2020-08-20 09:33:46.070,3.326,100
2020-08-20 09:33:46.070,3.326,100
2020-08-20 09:33:46.070,3.326,100
2020-08-20 09:33:46.070,3.326,100
2020-08-20 09:33:46.140,3.326,100
2020-08-20 09:33:46.140,3.326,100
2020-08-20 09:33:46.140,3.326,100
2020-08-20 09:33:46.140,3.326,100
2020-08-20 09:33:46.140,3.326,100
2020-08-20 09:33:46.170,3.326,100
2020-08-20 09:33:46.170,3.326,100
2020-08-20 09:33:46.170,3.326,100
2020-08-20 09:33:46.170,3.326,100
2020-08-20 09:33:46.170,3.326,100
2020-08-20 09:33:46.230,3.326,100
2020-08-20 09:33:46.230,3.326,100
2020-08-20 09:33:46.230,3.326,100
2020-08-20 09:33:46.230,3.326,100
2020-08-20 09:33:46.230,3.326,100
2020-08-20 09:33:46.230,3.326,100
2020-08-20 09:33:46.230,3.326,100
2020-08-20 09:33:46.260,3.326,100
2020-08-20 09:33:46.260,3.326,100
2020-08-20 09:33:46.260,3.326,100
2020-08-20 09:33:46.320,3.326,100
2020-08-20 09:33:46.320,3.326,100
2020-08-20 09:33:46.320,3.326,100
2020-08-20 09:33:46.320,3.326,100
2020-08-20 09:33:46.350,3.326,100
2020-08-20 09:33:46.540,3.326,100
2020-08-20 09:33:46.540,3.326,100
2020-08-20 09:33:46.540,3.326,100
2020-08-20 09:33:46.540,3.326,100
2020-08-20 09:33:46.640,3.326,100
2020-08-20 09:33:46.640,3.326,100
2020-08-20 09:33:46.670,3.326,100
2020-08-20 09:33:46.670,3.326,100
2020-08-20 09:33:46.670,3.326,100
2020-08-20 09:33:46.670,3.326,100
2020-08-20 09:33:46.710,3.326,100
2020-08-20 09:33:46.810,3.328,1000
2020-08-20 09:33:46.900,3.328,1000
2020-08-20 09:33:47.890,3.327,1000
2020-08-20 09:33:48.180,3.326,83800
2020-08-20 09:33:48.340,3.327,5000
2020-08-20 09:33:48.850,3.327,200
2020-08-20 09:33:49.840,3.327,200
2020-08-20 09:33:49.840,3.327,293600
2020-08-20 09:33:49.870,3.327,40000
2020-08-20 09:33:49.970,3.327,7500
2020-08-20 09:33:50.380,3.328,100
2020-08-20 09:33:50.380,3.328,1500
2020-08-20 09:33:50.720,3.327,3000
2020-08-20 09:33:50.820,3.328,181600
2020-08-20 09:33:50.820,3.328,100
2020-08-20 09:33:50.820,3.328,1800
2020-08-20 09:33:50.820,3.328,716500
2020-08-20 09:33:51.040,3.327,300000
2020-08-20 09:33:51.160,3.327,10000
2020-08-20 09:33:51.640,3.327,1000
2020-08-20 09:33:51.740,3.327,4900
2020-08-20 09:33:52.180,3.327,500
2020-08-20 09:33:52.490,3.327,8900
2020-08-20 09:33:52.540,3.327,2900
2020-08-20 09:33:52.680,3.327,227700
2020-08-20 09:33:52.680,3.327,72300
2020-08-20 09:33:52.680,3.328,283500
2020-08-20 09:33:52.680,3.328,616500
2020-08-20 09:33:52.880,3.327,2000
2020-08-20 09:33:52.910,3.327,1400
2020-08-20 09:33:53.950,3.327,20000
2020-08-20 09:33:54.110,3.327,55300
2020-08-20 09:33:54.110,3.327,10000
2020-08-20 09:33:54.110,3.327,600
2020-08-20 09:33:54.110,3.327,300
2020-08-20 09:33:54.110,3.327,233800
2020-08-20 09:33:54.260,3.328,10000
2020-08-20 09:33:54.620,3.328,2000
2020-08-20 09:33:55.140,3.328,1900
2020-08-20 09:33:55.680,3.327,600000
2020-08-20 09:33:56.130,3.327,6100
2020-08-20 09:33:56.590,3.328,1000
2020-08-20 09:33:56.650,3.327,3000
2020-08-20 09:33:56.710,3.327,57100
2020-08-20 09:33:56.710,3.327,1000
2020-08-20 09:33:56.710,3.327,541900
2020-08-20 09:33:57.090,3.327,300000
2020-08-20 09:33:57.250,3.328,1400
2020-08-20 09:33:57.280,3.328,367200
2020-08-20 09:33:57.280,3.328,532800
2020-08-20 09:33:57.980,3.328,465100
2020-08-20 09:33:57.980,3.328,100
2020-08-20 09:33:57.980,3.328,90000
2020-08-20 09:33:57.980,3.328,3200
2020-08-20 09:33:57.980,3.328,6000
2020-08-20 09:33:57.980,3.328,5000
2020-08-20 09:33:57.980,3.328,40000
2020-08-20 09:33:57.980,3.328,40000
2020-08-20 09:33:57.980,3.328,250600
2020-08-20 09:33:59.800,3.328,100
2020-08-20 09:34:00.870,3.328,200
2020-08-20 09:34:00.870,3.328,19800
2020-08-20 09:34:01.890,3.328,300000
2020-08-20 09:34:01.930,3.329,5000
2020-08-20 09:34:01.930,3.329,100
2020-08-20 09:34:01.930,3.329,4500
2020-08-20 09:34:01.930,3.329,48500
2020-08-20 09:34:02.360,3.328,40000
2020-08-20 09:34:03.070,3.328,240200
2020-08-20 09:34:03.070,3.328,500
2020-08-20 09:34:03.070,3.328,59300
2020-08-20 09:34:03.070,3.328,100000
2020-08-20 09:34:03.070,3.328,100000
2020-08-20 09:34:03.070,3.328,100000
2020-08-20 09:34:03.070,3.328,20000
2020-08-20 09:34:03.070,3.328,30000
2020-08-20 09:34:03.140,3.328,30000
2020-08-20 09:34:03.140,3.328,30000
2020-08-20 09:34:03.140,3.328,30000
2020-08-20 09:34:03.140,3.328,30000
2020-08-20 09:34:03.140,3.328,20000
2020-08-20 09:34:03.140,3.328,30000
2020-08-20 09:34:03.140,3.328,30000
2020-08-20 09:34:03.140,3.328,30000
2020-08-20 09:34:03.140,3.328,20000
2020-08-20 09:34:03.140,3.328,30000
2020-08-20 09:34:03.140,3.328,30000
2020-08-20 09:34:03.140,3.328,30000
2020-08-20 09:34:03.140,3.328,30000
