Datetime,Price,Volume
2020-08-20 09:25:00.150,4.77,4200
2020-08-20 09:25:00.150,4.77,2400
2020-08-20 09:25:00.150,4.77,1600
2020-08-20 09:25:00.150,4.77,1300
2020-08-20 09:25:00.150,4.77,2500
2020-08-20 09:25:00.150,4.77,100
2020-08-20 09:25:00.150,4.77,4000
2020-08-20 09:25:00.150,4.77,9000
2020-08-20 09:25:00.150,4.77,1200
2020-08-20 09:25:00.150,4.77,400
2020-08-20 09:25:00.150,4.77,3000
2020-08-20 09:25:00.150,4.77,7900
2020-08-20 09:25:00.150,4.77,100
2020-08-20 09:25:00.150,4.77,57100
2020-08-20 09:25:00.150,4.77,11800
2020-08-20 09:25:00.150,4.77,20500
2020-08-20 09:25:00.150,4.77,50000
2020-08-20 09:25:00.150,4.77,5000
2020-08-20 09:25:00.150,4.77,200
2020-08-20 09:25:00.150,4.77,200
2020-08-20 09:25:00.150,4.77,5000
2020-08-20 09:25:00.150,4.77,100
2020-08-20 09:25:00.150,4.77,3800
2020-08-20 09:25:00.150,4.77,44800
2020-08-20 09:25:00.150,4.77,800
2020-08-20 09:25:00.150,4.77,9900
2020-08-20 09:25:00.150,4.77,1700
2020-08-20 09:25:00.150,4.77,5500
2020-08-20 09:25:00.150,4.77,20300
2020-08-20 09:25:00.150,4.77,7400
2020-08-20 09:25:00.150,4.77,500
2020-08-20 09:25:00.150,4.77,2600
2020-08-20 09:25:00.150,4.77,10000
2020-08-20 09:25:00.150,4.77,10000
2020-08-20 09:25:00.150,4.77,1100
2020-08-20 09:25:00.150,4.77,4500
2020-08-20 09:25:00.150,4.77,171800
2020-08-20 09:25:00.150,4.77,20000
2020-08-20 09:25:00.150,4.77,20000
2020-08-20 09:25:00.150,4.77,100
2020-08-20 09:25:00.150,4.77,100
2020-08-20 09:25:00.150,4.77,100
2020-08-20 09:25:00.150,4.77,100
2020-08-20 09:25:00.150,4.77,200
2020-08-20 09:25:00.150,4.77,100
2020-08-20 09:25:00.150,4.77,1200
2020-08-20 09:25:00.150,4.77,100
2020-08-20 09:25:00.150,4.77,200
2020-08-20 09:25:00.150,4.77,100
2020-08-20 09:25:00.150,4.77,100
2020-08-20 09:25:00.150,4.77,100
2020-08-20 09:25:00.150,4.77,100
2020-08-20 09:25:00.150,4.77,300
2020-08-20 09:25:00.150,4.77,200
2020-08-20 09:25:00.150,4.77,200
2020-08-20 09:25:00.150,4.77,300
2020-08-20 09:25:00.150,4.77,100
2020-08-20 09:25:00.150,4.77,2100
2020-08-20 09:25:00.150,4.77,100
2020-08-20 09:25:00.150,4.77,100
2020-08-20 09:25:00.150,4.77,100
2020-08-20 09:25:00.150,4.77,100
2020-08-20 09:25:00.150,4.77,1000
2020-08-20 09:25:00.150,4.77,200
2020-08-20 09:25:00.150,4.77,200
2020-08-20 09:25:00.150,4.77,100
2020-08-20 09:25:00.150,4.77,2600
2020-08-20 09:25:00.150,4.77,200
2020-08-20 09:25:00.150,4.77,100
2020-08-20 09:25:00.150,4.77,100
2020-08-20 09:25:00.150,4.77,200
2020-08-20 09:25:00.150,4.77,100
2020-08-20 09:25:00.150,4.77,100
2020-08-20 09:25:00.150,4.77,500
2020-08-20 09:25:00.150,4.77,2000
2020-08-20 09:25:00.150,4.77,100
2020-08-20 09:25:00.150,4.77,100
2020-08-20 09:25:00.150,4.77,2500
2020-08-20 09:25:00.150,4.77,1000
2020-08-20 09:25:00.150,4.77,100
2020-08-20 09:25:00.150,4.77,100
2020-08-20 09:25:00.150,4.77,100
2020-08-20 09:25:00.150,4.77,100
2020-08-20 09:25:00.150,4.77,100
2020-08-20 09:25:00.150,4.77,700
2020-08-20 09:25:00.150,4.77,300
2020-08-20 09:25:00.150,4.77,500
2020-08-20 09:25:00.150,4.77,200
2020-08-20 09:25:00.150,4.77,700
2020-08-20 09:25:00.150,4.77,200
2020-08-20 09:25:00.150,4.77,3000
2020-08-20 09:25:00.150,4.77,100
2020-08-20 09:25:00.150,4.77,100
2020-08-20 09:25:00.150,4.77,100
2020-08-20 09:25:00.150,4.77,1100
2020-08-20 09:25:00.150,4.77,200
2020-08-20 09:25:00.150,4.77,200
2020-08-20 09:25:00.150,4.77,300
2020-08-20 09:25:00.150,4.77,1100
2020-08-20 09:25:00.150,4.77,100
2020-08-20 09:25:00.150,4.77,300
2020-08-20 09:25:00.150,4.77,200
2020-08-20 09:25:00.150,4.77,100
2020-08-20 09:25:00.150,4.77,1000
2020-08-20 09:25:00.150,4.77,100
2020-08-20 09:25:00.150,4.77,1000
2020-08-20 09:25:00.150,4.77,3000
2020-08-20 09:25:00.150,4.77,10000
2020-08-20 09:25:00.150,4.77,100
2020-08-20 09:25:00.150,4.77,100
2020-08-20 09:25:00.150,4.77,100
2020-08-20 09:25:00.150,4.77,800
2020-08-20 09:25:00.150,4.77,100
2020-08-20 09:25:00.150,4.77,100
2020-08-20 09:25:00.150,4.77,100
2020-08-20 09:25:00.150,4.77,100
2020-08-20 09:25:00.150,4.77,100
2020-08-20 09:25:00.150,4.77,100
2020-08-20 09:25:00.150,4.77,200
2020-08-20 09:25:00.150,4.77,100
2020-08-20 09:25:00.150,4.77,400
2020-08-20 09:25:00.150,4.77,200
2020-08-20 09:25:00.150,4.77,800
2020-08-20 09:25:00.150,4.77,1000
2020-08-20 09:25:00.150,4.77,300
2020-08-20 09:25:00.150,4.77,2100
2020-08-20 09:25:00.150,4.77,2600
2020-08-20 09:25:00.150,4.77,100
2020-08-20 09:25:00.150,4.77,100
2020-08-20 09:25:00.150,4.77,100
2020-08-20 09:25:00.150,4.77,100
2020-08-20 09:25:00.150,4.77,200
2020-08-20 09:25:00.150,4.77,300
2020-08-20 09:25:00.150,4.77,800
2020-08-20 09:25:00.150,4.77,100
2020-08-20 09:25:00.150,4.77,1000
2020-08-20 09:25:00.150,4.77,100
2020-08-20 09:25:00.150,4.77,400
2020-08-20 09:25:00.150,4.77,1000
2020-08-20 09:25:00.150,4.77,100
2020-08-20 09:25:00.150,4.77,100
2020-08-20 09:25:00.150,4.77,100
2020-08-20 09:25:00.150,4.77,100
2020-08-20 09:25:00.150,4.77,10000
2020-08-20 09:25:00.150,4.77,1100
2020-08-20 09:25:00.150,4.77,10500
2020-08-20 09:25:00.150,4.77,1000
2020-08-20 09:25:00.150,4.77,5000
2020-08-20 09:25:00.150,4.77,20000
2020-08-20 09:25:00.150,4.77,18000
2020-08-20 09:25:00.150,4.77,400
2020-08-20 09:25:00.150,4.77,2900
2020-08-20 09:25:00.150,4.77,21000
2020-08-20 09:25:00.150,4.77,10100
2020-08-20 09:25:00.150,4.77,200
2020-08-20 09:25:00.150,4.77,100
2020-08-20 09:25:00.150,4.77,500
2020-08-20 09:25:00.150,4.77,300
2020-08-20 09:25:00.150,4.77,3900
2020-08-20 09:25:00.150,4.77,20000
2020-08-20 09:25:00.150,4.77,23900
2020-08-20 09:25:00.150,4.77,300
2020-08-20 09:25:00.150,4.77,400
2020-08-20 09:25:00.150,4.77,2000
2020-08-20 09:25:00.150,4.77,600
2020-08-20 09:25:00.150,4.77,100
2020-08-20 09:25:00.150,4.77,100
2020-08-20 09:25:00.150,4.77,6200
2020-08-20 09:25:00.150,4.77,300
2020-08-20 09:25:00.150,4.77,500
2020-08-20 09:25:00.150,4.77,300
2020-08-20 09:25:00.150,4.77,32300
2020-08-20 09:25:00.150,4.77,2000
2020-08-20 09:25:00.150,4.77,5000
2020-08-20 09:25:00.150,4.77,11600
2020-08-20 09:25:00.150,4.77,100
2020-08-20 09:25:00.150,4.77,300
2020-08-20 09:25:00.150,4.77,700
2020-08-20 09:25:00.150,4.77,100
2020-08-20 09:25:00.150,4.77,100
2020-08-20 09:25:00.150,4.77,200
2020-08-20 09:25:00.150,4.77,2000
2020-08-20 09:25:00.150,4.77,100
2020-08-20 09:25:00.150,4.77,1000
2020-08-20 09:25:00.150,4.77,100
2020-08-20 09:25:00.150,4.77,100
2020-08-20 09:25:00.150,4.77,1500
2020-08-20 09:25:00.150,4.77,100
2020-08-20 09:25:00.150,4.77,200
2020-08-20 09:25:00.150,4.77,1000
2020-08-20 09:25:00.150,4.77,200
2020-08-20 09:25:00.150,4.77,4600
2020-08-20 09:25:00.150,4.77,100
2020-08-20 09:25:00.150,4.77,300
2020-08-20 09:25:00.150,4.77,300
2020-08-20 09:25:00.150,4.77,100
2020-08-20 09:25:00.150,4.77,200
2020-08-20 09:25:00.150,4.77,4000
2020-08-20 09:25:00.150,4.77,4000
2020-08-20 09:25:00.150,4.77,100
2020-08-20 09:25:00.150,4.77,1000
2020-08-20 09:25:00.150,4.77,2000
2020-08-20 09:25:00.150,4.77,1000
2020-08-20 09:25:00.150,4.77,6900
2020-08-20 09:25:00.150,4.77,40000
2020-08-20 09:25:00.150,4.77,25100
2020-08-20 09:25:00.150,4.77,14900
2020-08-20 09:25:00.150,4.77,1000
2020-08-20 09:25:00.150,4.77,200
2020-08-20 09:25:00.150,4.77,200
2020-08-20 09:25:00.150,4.77,2000
2020-08-20 09:25:00.150,4.77,3000
2020-08-20 09:25:00.150,4.77,3000
2020-08-20 09:25:00.150,4.77,3000
2020-08-20 09:25:00.150,4.77,300
2020-08-20 09:25:00.150,4.77,200
2020-08-20 09:25:00.150,4.77,500
2020-08-20 09:25:00.150,4.77,2500
2020-08-20 09:25:00.150,4.77,600
2020-08-20 09:25:00.150,4.77,500
2020-08-20 09:25:00.150,4.77,14500
2020-08-20 09:25:00.150,4.77,500
2020-08-20 09:25:00.150,4.77,100
2020-08-20 09:25:00.150,4.77,100
2020-08-20 09:25:00.150,4.77,1000
2020-08-20 09:25:00.150,4.77,100
2020-08-20 09:25:00.150,4.77,100
2020-08-20 09:25:00.150,4.77,300
2020-08-20 09:25:00.150,4.77,4000
2020-08-20 09:25:00.150,4.77,2400
2020-08-20 09:25:00.150,4.77,3100
2020-08-20 09:25:00.150,4.77,200
2020-08-20 09:25:00.150,4.77,100
2020-08-20 09:25:00.150,4.77,200
2020-08-20 09:25:00.150,4.77,100
2020-08-20 09:25:00.150,4.77,100
2020-08-20 09:25:00.150,4.77,200
2020-08-20 09:25:00.150,4.77,100
2020-08-20 09:25:00.150,4.77,2000
2020-08-20 09:25:00.150,4.77,3000
2020-08-20 09:25:00.150,4.77,100
2020-08-20 09:25:00.150,4.77,600
2020-08-20 09:25:00.150,4.77,1000
2020-08-20 09:25:00.150,4.77,100
2020-08-20 09:25:00.150,4.77,10000
2020-08-20 09:25:00.150,4.77,4100
2020-08-20 09:25:00.150,4.77,100
2020-08-20 09:25:00.150,4.77,3000
2020-08-20 09:25:00.150,4.77,2500
2020-08-20 09:25:00.150,4.77,2500
2020-08-20 09:25:00.150,4.77,4000
2020-08-20 09:25:00.150,4.77,1000
2020-08-20 09:25:00.150,4.77,1700
2020-08-20 09:25:00.150,4.77,5000
2020-08-20 09:25:00.150,4.77,200
2020-08-20 09:25:00.150,4.77,600
2020-08-20 09:25:00.150,4.77,1000
2020-08-20 09:25:00.150,4.77,900
2020-08-20 09:25:00.150,4.77,100
2020-08-20 09:25:00.150,4.77,100
2020-08-20 09:25:00.150,4.77,12300
2020-08-20 09:25:00.150,4.77,7700
2020-08-20 09:25:00.150,4.77,7000
2020-08-20 09:25:00.150,4.77,2000
2020-08-20 09:25:00.150,4.77,5000
2020-08-20 09:25:00.150,4.77,3000
2020-08-20 09:25:00.150,4.77,4000
2020-08-20 09:25:00.150,4.77,500
2020-08-20 09:25:00.150,4.77,5000
2020-08-20 09:25:00.150,4.77,3000
2020-08-20 09:25:00.150,4.77,400
2020-08-20 09:25:00.150,4.77,43800
2020-08-20 09:25:00.150,4.77,600
2020-08-20 09:25:00.150,4.77,900
2020-08-20 09:25:00.150,4.77,2000
2020-08-20 09:25:00.150,4.77,17100
2020-08-20 09:25:00.150,4.77,10000
2020-08-20 09:25:00.150,4.77,300
2020-08-20 09:25:00.150,4.77,100
2020-08-20 09:25:00.150,4.77,15000
2020-08-20 09:25:00.150,4.77,5300
2020-08-20 09:25:00.150,4.77,1000
2020-08-20 09:25:00.150,4.77,1000
2020-08-20 09:25:00.150,4.77,200
2020-08-20 09:25:00.150,4.77,10000
2020-08-20 09:25:00.150,4.77,5000
2020-08-20 09:25:00.150,4.77,100
2020-08-20 09:25:00.150,4.77,2000
2020-08-20 09:25:00.150,4.77,10000
2020-08-20 09:25:00.150,4.77,2000
2020-08-20 09:25:00.150,4.77,100
2020-08-20 09:25:00.150,4.77,400
2020-08-20 09:25:00.150,4.77,2000
2020-08-20 09:25:00.150,4.77,2500
2020-08-20 09:25:00.150,4.77,10000
2020-08-20 09:25:00.150,4.77,3000
2020-08-20 09:25:00.150,4.77,1000
2020-08-20 09:25:00.150,4.77,100
2020-08-20 09:25:00.150,4.77,5000
2020-08-20 09:25:00.150,4.77,500
2020-08-20 09:25:00.150,4.77,2500
2020-08-20 09:25:00.150,4.77,500
2020-08-20 09:25:00.150,4.77,4500
2020-08-20 09:25:00.150,4.77,100
2020-08-20 09:25:00.150,4.77,4000
2020-08-20 09:25:00.150,4.77,300
2020-08-20 09:25:00.150,4.77,2400
2020-08-20 09:25:00.150,4.77,600
2020-08-20 09:25:00.150,4.77,400
2020-08-20 09:25:00.150,4.77,300
2020-08-20 09:25:00.150,4.77,500
2020-08-20 09:25:00.150,4.77,4000
2020-08-20 09:25:00.150,4.77,500
2020-08-20 09:25:00.150,4.77,1000
2020-08-20 09:25:00.150,4.77,300
2020-08-20 09:25:00.150,4.77,200
2020-08-20 09:25:00.150,4.77,300
2020-08-20 09:25:00.150,4.77,500
2020-08-20 09:25:00.150,4.77,900
2020-08-20 09:25:00.150,4.77,100
2020-08-20 09:25:00.150,4.77,2200
2020-08-20 09:25:00.150,4.77,100
2020-08-20 09:25:00.150,4.77,500
2020-08-20 09:25:00.150,4.77,300
2020-08-20 09:25:00.150,4.77,100
2020-08-20 09:25:00.150,4.77,200
2020-08-20 09:25:00.150,4.77,1500
2020-08-20 09:25:00.150,4.77,100
2020-08-20 09:25:00.150,4.77,700
2020-08-20 09:25:00.150,4.77,100
2020-08-20 09:25:00.150,4.77,10000
2020-08-20 09:25:00.150,4.77,200
2020-08-20 09:25:00.150,4.77,100
2020-08-20 09:25:00.150,4.77,300
2020-08-20 09:25:00.150,4.77,2000
2020-08-20 09:25:00.150,4.77,500
2020-08-20 09:25:00.150,4.77,5000
2020-08-20 09:25:00.150,4.77,5000
2020-08-20 09:25:00.150,4.77,100
2020-08-20 09:25:00.150,4.77,10000
2020-08-20 09:25:00.150,4.77,2400
2020-08-20 09:25:00.150,4.77,100
2020-08-20 09:25:00.150,4.77,100
2020-08-20 09:25:00.150,4.77,200
2020-08-20 09:25:00.150,4.77,5000
2020-08-20 09:25:00.150,4.77,100
2020-08-20 09:25:00.150,4.77,1000
2020-08-20 09:25:00.150,4.77,600
2020-08-20 09:25:00.150,4.77,3000
2020-08-20 09:25:00.150,4.77,1300
2020-08-20 09:25:00.150,4.77,2200
2020-08-20 09:25:00.150,4.77,100
2020-08-20 09:25:00.150,4.77,200
2020-08-20 09:25:00.150,4.77,200
2020-08-20 09:25:00.150,4.77,5000
2020-08-20 09:25:00.150,4.77,1000
2020-08-20 09:25:00.150,4.77,200
2020-08-20 09:25:00.150,4.77,300
2020-08-20 09:25:00.150,4.77,1000
2020-08-20 09:25:00.150,4.77,2800
2020-08-20 09:25:00.150,4.77,5000
2020-08-20 09:25:00.150,4.77,4000
2020-08-20 09:25:00.150,4.77,5500
2020-08-20 09:25:00.150,4.77,3000
2020-08-20 09:25:00.150,4.77,5000
2020-08-20 09:25:00.150,4.77,5000
2020-08-20 09:25:00.150,4.77,100
2020-08-20 09:25:00.150,4.77,2500
2020-08-20 09:25:00.150,4.77,400
2020-08-20 09:25:00.150,4.77,12000
2020-08-20 09:25:00.150,4.77,5000
2020-08-20 09:25:00.150,4.77,3000
2020-08-20 09:25:00.150,4.77,600
2020-08-20 09:25:00.150,4.77,2500
2020-08-20 09:25:00.150,4.77,1000
2020-08-20 09:25:00.150,4.77,300
2020-08-20 09:25:00.150,4.77,100
2020-08-20 09:25:00.150,4.77,69600
2020-08-20 09:25:00.150,4.77,600
2020-08-20 09:25:00.150,4.77,5000
2020-08-20 09:25:00.150,4.77,10500
2020-08-20 09:25:00.150,4.77,6900
2020-08-20 09:25:00.150,4.77,3000
2020-08-20 09:25:00.150,4.77,13000
2020-08-20 09:25:00.150,4.77,5000
2020-08-20 09:25:00.150,4.77,36400
2020-08-20 09:25:00.150,4.77,3000
2020-08-20 09:25:00.150,4.77,2000
2020-08-20 09:25:00.150,4.77,5000
2020-08-20 09:25:00.150,4.77,5000
2020-08-20 09:25:00.150,4.77,5000
2020-08-20 09:25:00.150,4.77,10000
2020-08-20 09:25:00.150,4.77,1000
2020-08-20 09:25:00.150,4.77,2000
2020-08-20 09:25:00.150,4.77,10000
2020-08-20 09:25:00.150,4.77,500
2020-08-20 09:25:00.150,4.77,3500
2020-08-20 09:25:00.150,4.77,5000
2020-08-20 09:25:00.150,4.77,2500
2020-08-20 09:25:00.150,4.77,100
2020-08-20 09:25:00.150,4.77,400
2020-08-20 09:25:00.150,4.77,5000
2020-08-20 09:25:00.150,4.77,14600
2020-08-20 09:25:00.150,4.77,1000
2020-08-20 09:25:00.150,4.77,2000
2020-08-20 09:25:00.150,4.77,5000
2020-08-20 09:25:00.150,4.77,4000
2020-08-20 09:25:00.150,4.77,2100
2020-08-20 09:25:00.150,4.77,6000
2020-08-20 09:25:00.150,4.77,600
2020-08-20 09:25:00.150,4.77,2000
2020-08-20 09:25:00.150,4.77,1000
2020-08-20 09:25:00.150,4.77,5000
2020-08-20 09:25:00.150,4.77,5000
2020-08-20 09:25:00.150,4.77,100
2020-08-20 09:25:00.150,4.77,5000
2020-08-20 09:25:00.150,4.77,300
2020-08-20 09:25:00.150,4.77,2000
2020-08-20 09:25:00.150,4.77,2500
2020-08-20 09:25:00.150,4.77,2000
2020-08-20 09:25:00.150,4.77,2000
2020-08-20 09:25:00.150,4.77,1000
2020-08-20 09:25:00.150,4.77,5000
2020-08-20 09:25:00.150,4.77,6500
2020-08-20 09:25:00.150,4.77,1000
2020-08-20 09:25:00.150,4.77,5000
2020-08-20 09:25:00.150,4.77,2300
2020-08-20 09:25:00.150,4.77,300
2020-08-20 09:25:00.150,4.77,800
2020-08-20 09:25:00.150,4.77,3000
2020-08-20 09:25:00.150,4.77,1000
2020-08-20 09:25:00.150,4.77,3000
2020-08-20 09:25:00.150,4.77,3000
2020-08-20 09:25:00.150,4.77,3000
2020-08-20 09:25:00.150,4.77,3200
2020-08-20 09:25:00.150,4.77,1000
2020-08-20 09:25:00.150,4.77,300
2020-08-20 09:25:00.150,4.77,100
2020-08-20 09:25:00.150,4.77,2500
2020-08-20 09:25:00.150,4.77,100
2020-08-20 09:25:00.150,4.77,300
2020-08-20 09:25:00.150,4.77,400
2020-08-20 09:25:00.150,4.77,100
2020-08-20 09:25:00.150,4.77,5000
2020-08-20 09:25:00.150,4.77,3000
2020-08-20 09:25:00.150,4.77,5500
2020-08-20 09:25:00.150,4.77,300
2020-08-20 09:25:00.150,4.77,200
2020-08-20 09:25:00.150,4.77,300
2020-08-20 09:25:00.150,4.77,2000
2020-08-20 09:25:00.150,4.77,36200
2020-08-20 09:25:00.150,4.77,8300
2020-08-20 09:25:00.150,4.77,20000
2020-08-20 09:25:00.150,4.77,3500
2020-08-20 09:25:00.150,4.77,7000
2020-08-20 09:30:00.070,4.769,5900
2020-08-20 09:30:00.070,4.769,5000
2020-08-20 09:30:00.070,4.769,100
2020-08-20 09:30:00.070,4.769,600
2020-08-20 09:30:00.070,4.769,7000
2020-08-20 09:30:00.070,4.768,5000
2020-08-20 09:30:00.070,4.768,100
2020-08-20 09:30:00.070,4.768,300
2020-08-20 09:30:00.070,4.768,500
2020-08-20 09:30:00.270,4.767,200
2020-08-20 09:30:00.270,4.767,27700
2020-08-20 09:30:00.270,4.767,1000
2020-08-20 09:30:00.270,4.767,30000
2020-08-20 09:30:00.270,4.767,2000
2020-08-20 09:30:00.270,4.767,1500
2020-08-20 09:30:00.270,4.767,30000
2020-08-20 09:30:00.270,4.766,100
2020-08-20 09:30:00.270,4.766,2000
2020-08-20 09:30:00.270,4.766,30000
2020-08-20 09:30:00.270,4.766,1000
2020-08-20 09:30:00.270,4.766,600
2020-08-20 09:30:00.270,4.766,5000
2020-08-20 09:30:00.270,4.765,300
2020-08-20 09:30:00.270,4.765,26100
2020-08-20 09:30:00.270,4.768,1000
2020-08-20 09:30:00.340,4.768,2000
2020-08-20 09:30:00.380,4.768,10000
2020-08-20 09:30:00.380,4.768,300
2020-08-20 09:30:00.380,4.768,100
2020-08-20 09:30:00.440,4.768,5300
2020-08-20 09:30:00.440,4.768,200
2020-08-20 09:30:00.440,4.768,2100
2020-08-20 09:30:00.550,4.768,2000
2020-08-20 09:30:00.910,4.768,1100
2020-08-20 09:30:00.910,4.768,2100
2020-08-20 09:30:00.910,4.768,2100
2020-08-20 09:30:00.910,4.768,700
2020-08-20 09:30:01.020,4.768,7900
2020-08-20 09:30:01.020,4.767,6000
2020-08-20 09:30:01.020,4.768,100
2020-08-20 09:30:01.020,4.768,200
2020-08-20 09:30:01.020,4.768,200
2020-08-20 09:30:01.130,4.768,5000
2020-08-20 09:30:01.130,4.767,1000
2020-08-20 09:30:01.130,4.767,5000
2020-08-20 09:30:01.260,4.767,2000
2020-08-20 09:30:01.320,4.767,21000
2020-08-20 09:30:01.320,4.767,5000
2020-08-20 09:30:01.430,4.767,5000
2020-08-20 09:30:01.560,4.767,300
2020-08-20 09:30:01.560,4.767,800
2020-08-20 09:30:01.670,4.767,9900
2020-08-20 09:30:01.670,4.768,100
2020-08-20 09:30:01.670,4.768,1000
2020-08-20 09:30:01.770,4.768,1000
2020-08-20 09:30:01.770,4.768,4200
2020-08-20 09:30:01.770,4.766,5000
2020-08-20 09:30:01.770,4.765,3900
2020-08-20 09:30:01.770,4.765,100
2020-08-20 09:30:01.770,4.765,2000
2020-08-20 09:30:01.770,4.765,3000
2020-08-20 09:30:01.770,4.765,7200
2020-08-20 09:30:02.040,4.768,15000
2020-08-20 09:30:02.140,4.767,5000
2020-08-20 09:30:02.140,4.766,5000
2020-08-20 09:30:02.140,4.765,2800
2020-08-20 09:30:02.140,4.765,3000
2020-08-20 09:30:02.140,4.765,1000
2020-08-20 09:30:02.140,4.765,2500
2020-08-20 09:30:02.140,4.765,1000
2020-08-20 09:30:02.140,4.765,1000
2020-08-20 09:30:02.140,4.765,3000
2020-08-20 09:30:02.140,4.765,5000
2020-08-20 09:30:02.140,4.765,5000
2020-08-20 09:30:02.140,4.765,500
2020-08-20 09:30:02.140,4.765,5200
2020-08-20 09:30:02.140,4.768,400
2020-08-20 09:30:02.140,4.766,1100
2020-08-20 09:30:02.140,4.765,1900
2020-08-20 09:30:02.220,4.768,1000
2020-08-20 09:30:02.330,4.768,2000
2020-08-20 09:30:02.330,4.768,6000
2020-08-20 09:30:02.330,4.768,15000
2020-08-20 09:30:02.330,4.768,2500
2020-08-20 09:30:02.330,4.768,2000
2020-08-20 09:30:02.330,4.768,20000
2020-08-20 09:30:02.440,4.768,33000
2020-08-20 09:30:02.440,4.766,500
2020-08-20 09:30:02.440,4.768,5000
2020-08-20 09:30:02.670,4.768,13100
2020-08-20 09:30:02.670,4.768,1000
2020-08-20 09:30:02.670,4.768,11000
2020-08-20 09:30:02.670,4.769,174900
2020-08-20 09:30:02.670,4.769,4000
2020-08-20 09:30:02.670,4.769,200
2020-08-20 09:30:02.670,4.769,15000
2020-08-20 09:30:02.670,4.769,1100
2020-08-20 09:30:02.790,4.769,5000
2020-08-20 09:30:02.790,4.766,2500
2020-08-20 09:30:03.030,4.769,2000
2020-08-20 09:30:03.030,4.769,300
2020-08-20 09:30:03.140,4.767,7200
2020-08-20 09:30:03.140,4.767,1100
2020-08-20 09:30:03.140,4.767,2900
2020-08-20 09:30:03.140,4.766,17000
2020-08-20 09:30:03.140,4.766,10000
2020-08-20 09:30:03.140,4.765,2900
2020-08-20 09:30:03.140,4.765,3000
2020-08-20 09:30:03.140,4.765,5000
2020-08-20 09:30:03.140,4.765,5000
2020-08-20 09:30:03.140,4.765,100
2020-08-20 09:30:03.140,4.764,1300
2020-08-20 09:30:03.140,4.764,30000
2020-08-20 09:30:03.140,4.764,5000
2020-08-20 09:30:03.140,4.764,100
2020-08-20 09:30:03.140,4.764,100
2020-08-20 09:30:03.140,4.764,10000
2020-08-20 09:30:03.140,4.764,5000
2020-08-20 09:30:03.140,4.763,2000
2020-08-20 09:30:03.140,4.763,100
2020-08-20 09:30:03.140,4.763,30000
2020-08-20 09:30:03.140,4.763,600
2020-08-20 09:30:03.140,4.763,1200
2020-08-20 09:30:03.140,4.763,95000
2020-08-20 09:30:03.140,4.763,5000
2020-08-20 09:30:03.140,4.762,3000
2020-08-20 09:30:03.140,4.762,30000
2020-08-20 09:30:03.140,4.762,10000
2020-08-20 09:30:03.140,4.762,2000
2020-08-20 09:30:03.140,4.762,5000
2020-08-20 09:30:03.140,4.762,10000
2020-08-20 09:30:03.140,4.762,3500
2020-08-20 09:30:03.140,4.762,5100
2020-08-20 09:30:03.140,4.767,5000
2020-08-20 09:30:03.140,4.767,1000
2020-08-20 09:30:03.260,4.767,1100
2020-08-20 09:30:03.260,4.763,2000
2020-08-20 09:30:03.260,4.763,10000
2020-08-20 09:30:03.380,4.763,100
2020-08-20 09:30:03.380,4.762,4900
2020-08-20 09:30:03.380,4.762,6700
2020-08-20 09:30:03.380,4.762,2000
2020-08-20 09:30:03.380,4.762,500
2020-08-20 09:30:03.380,4.762,300
2020-08-20 09:30:03.380,4.762,104700
2020-08-20 09:30:03.380,4.762,1200
2020-08-20 09:30:03.500,4.762,10000
2020-08-20 09:30:03.500,4.762,100
2020-08-20 09:30:03.500,4.762,5000
2020-08-20 09:30:03.500,4.762,2000
2020-08-20 09:30:03.500,4.762,1000
2020-08-20 09:30:03.500,4.762,500
2020-08-20 09:30:03.610,4.762,500
2020-08-20 09:30:03.610,4.762,10000
2020-08-20 09:30:03.610,4.762,2300
2020-08-20 09:30:03.610,4.762,5000
2020-08-20 09:30:03.610,4.762,3600
2020-08-20 09:30:03.610,4.762,1000
2020-08-20 09:30:03.720,4.762,3800
2020-08-20 09:30:03.840,4.761,200
2020-08-20 09:30:03.840,4.761,2000
2020-08-20 09:30:03.840,4.761,100
2020-08-20 09:30:03.840,4.761,1700
2020-08-20 09:30:03.840,4.763,6000
2020-08-20 09:30:03.840,4.763,300
2020-08-20 09:30:03.840,4.763,100000
2020-08-20 09:30:03.960,4.765,1500
2020-08-20 09:30:03.960,4.761,20000
2020-08-20 09:30:04.080,4.765,1500
2020-08-20 09:30:04.080,4.767,3000
2020-08-20 09:30:04.080,4.765,1000
2020-08-20 09:30:04.080,4.762,5000
2020-08-20 09:30:04.080,4.761,8300
2020-08-20 09:30:04.080,4.761,600
2020-08-20 09:30:04.080,4.761,500
2020-08-20 09:30:04.080,4.761,9600
2020-08-20 09:30:04.080,4.761,3500
2020-08-20 09:30:04.080,4.761,10000
2020-08-20 09:30:04.080,4.761,33200
2020-08-20 09:30:04.080,4.76,1200
2020-08-20 09:30:04.080,4.76,300
2020-08-20 09:30:04.080,4.76,9000
2020-08-20 09:30:04.080,4.76,2000
2020-08-20 09:30:04.080,4.76,400
2020-08-20 09:30:04.080,4.76,1000
2020-08-20 09:30:04.080,4.76,50000
2020-08-20 09:30:04.080,4.76,1500
2020-08-20 09:30:04.080,4.76,100
2020-08-20 09:30:04.080,4.76,100
2020-08-20 09:30:04.080,4.76,10000
2020-08-20 09:30:04.080,4.76,3000
2020-08-20 09:30:04.080,4.76,20000
2020-08-20 09:30:04.080,4.76,5000
2020-08-20 09:30:04.080,4.76,5000
2020-08-20 09:30:04.080,4.76,600
2020-08-20 09:30:04.080,4.76,2500
2020-08-20 09:30:04.080,4.76,100
2020-08-20 09:30:04.080,4.76,5000
2020-08-20 09:30:04.080,4.76,1000
2020-08-20 09:30:04.080,4.76,4000
2020-08-20 09:30:04.080,4.76,300
2020-08-20 09:30:04.080,4.76,200
2020-08-20 09:30:04.080,4.76,500
2020-08-20 09:30:04.080,4.76,300
2020-08-20 09:30:04.080,4.76,500
2020-08-20 09:30:04.080,4.76,100
2020-08-20 09:30:04.080,4.76,900
2020-08-20 09:30:04.080,4.76,5000
2020-08-20 09:30:04.080,4.76,10000
2020-08-20 09:30:04.080,4.76,5000
2020-08-20 09:30:04.080,4.76,5000
2020-08-20 09:30:04.080,4.76,200
2020-08-20 09:30:04.080,4.76,500
2020-08-20 09:30:04.080,4.76,5000
2020-08-20 09:30:04.080,4.76,5000
2020-08-20 09:30:04.080,4.76,5000
2020-08-20 09:30:04.080,4.76,5400
2020-08-20 09:30:04.080,4.76,30000
2020-08-20 09:30:04.080,4.76,10000
2020-08-20 09:30:04.080,4.767,4600
2020-08-20 09:30:04.080,4.767,2000
2020-08-20 09:30:04.200,4.759,100
2020-08-20 09:30:04.200,4.759,200
2020-08-20 09:30:04.200,4.758,100
2020-08-20 09:30:04.200,4.758,500
2020-08-20 09:30:04.200,4.758,300
2020-08-20 09:30:04.200,4.758,2500
2020-08-20 09:30:04.200,4.758,1300
2020-08-20 09:30:04.280,4.765,200
2020-08-20 09:30:04.280,4.766,3600
2020-08-20 09:30:04.280,4.766,600
2020-08-20 09:30:04.380,4.76,100
2020-08-20 09:30:04.380,4.76,5000
2020-08-20 09:30:04.380,4.76,1900
2020-08-20 09:30:04.380,4.76,100
2020-08-20 09:30:04.380,4.76,100
2020-08-20 09:30:04.560,4.76,4200
2020-08-20 09:30:04.560,4.76,27000
2020-08-20 09:30:04.620,4.76,10000
2020-08-20 09:30:04.700,4.758,48700
2020-08-20 09:30:04.700,4.758,100000
2020-08-20 09:30:04.700,4.757,1800
2020-08-20 09:30:04.700,4.757,600
2020-08-20 09:30:04.700,4.757,200
2020-08-20 09:30:04.700,4.757,4000
2020-08-20 09:30:04.700,4.756,1000
2020-08-20 09:30:04.700,4.756,3000
2020-08-20 09:30:04.700,4.756,3000
2020-08-20 09:30:04.700,4.756,48200
2020-08-20 09:30:04.700,4.756,6600
2020-08-20 09:30:04.700,4.756,100
2020-08-20 09:30:04.700,4.756,1000
2020-08-20 09:30:04.700,4.756,700
2020-08-20 09:30:04.700,4.756,1000
2020-08-20 09:30:04.700,4.755,500
2020-08-20 09:30:04.700,4.755,700
2020-08-20 09:30:04.700,4.755,30000
2020-08-20 09:30:04.700,4.755,10000
2020-08-20 09:30:04.700,4.755,100
2020-08-20 09:30:04.700,4.755,10000
2020-08-20 09:30:04.700,4.755,10600
2020-08-20 09:30:04.700,4.755,18200
2020-08-20 09:30:04.830,4.76,10000
2020-08-20 09:30:04.860,4.76,5000
2020-08-20 09:30:04.940,4.76,1000
2020-08-20 09:30:05.030,4.76,1000
2020-08-20 09:30:05.030,4.76,1600
2020-08-20 09:30:05.030,4.766,13400
2020-08-20 09:30:05.030,4.766,500
2020-08-20 09:30:05.070,4.766,500
2020-08-20 09:30:05.070,4.766,6000
2020-08-20 09:30:05.070,4.766,4000
2020-08-20 09:30:05.140,4.766,5000
2020-08-20 09:30:05.250,4.766,200
2020-08-20 09:30:05.310,4.766,1500
2020-08-20 09:30:05.360,4.766,14200
2020-08-20 09:30:05.540,4.767,4200
2020-08-20 09:30:05.570,4.766,15800
2020-08-20 09:30:05.570,4.765,200
2020-08-20 09:30:05.570,4.761,500
2020-08-20 09:30:05.640,4.758,5100
2020-08-20 09:30:05.730,4.761,28800
2020-08-20 09:30:05.770,4.761,5300
2020-08-20 09:30:05.840,4.761,12300
2020-08-20 09:30:05.840,4.761,5000
2020-08-20 09:30:06.050,4.761,1100
2020-08-20 09:30:06.210,4.761,5000
2020-08-20 09:30:06.210,4.761,10000
2020-08-20 09:30:06.260,4.761,29200
2020-08-20 09:30:06.380,4.761,9000
2020-08-20 09:30:06.410,4.761,30000
2020-08-20 09:30:06.600,4.761,5000
2020-08-20 09:30:06.770,4.761,100
2020-08-20 09:30:06.810,4.761,100
2020-08-20 09:30:06.970,4.761,100
2020-08-20 09:30:07.000,4.76,100
2020-08-20 09:30:07.170,4.759,7000
2020-08-20 09:30:07.170,4.759,1000
2020-08-20 09:30:07.170,4.759,10000
2020-08-20 09:30:07.210,4.758,4900
2020-08-20 09:30:07.210,4.757,5000
2020-08-20 09:30:07.210,4.756,5000
2020-08-20 09:30:07.210,4.755,11800
2020-08-20 09:30:07.210,4.755,2500
2020-08-20 09:30:07.210,4.755,3200
2020-08-20 09:30:07.210,4.755,1100
2020-08-20 09:30:07.210,4.755,2000
2020-08-20 09:30:07.210,4.755,10000
2020-08-20 09:30:07.210,4.755,5000
2020-08-20 09:30:07.210,4.755,8000
2020-08-20 09:30:07.210,4.755,1000
2020-08-20 09:30:07.210,4.755,2000
2020-08-20 09:30:07.210,4.755,4500
2020-08-20 09:30:07.210,4.755,14700
2020-08-20 09:30:07.210,4.755,20000
2020-08-20 09:30:07.210,4.754,4100
2020-08-20 09:30:07.210,4.754,8300
2020-08-20 09:30:07.210,4.754,300
2020-08-20 09:30:07.210,4.754,600
2020-08-20 09:30:07.210,4.754,500
2020-08-20 09:30:07.310,4.754,100
2020-08-20 09:30:07.380,4.754,1000
2020-08-20 09:30:07.380,4.754,5000
2020-08-20 09:30:07.460,4.754,5000
2020-08-20 09:30:07.500,4.754,100
2020-08-20 09:30:07.500,4.754,10000
2020-08-20 09:30:07.540,4.754,12200
2020-08-20 09:30:07.600,4.754,100
2020-08-20 09:30:07.670,4.754,3200
2020-08-20 09:30:07.710,4.76,7000
2020-08-20 09:30:07.800,4.76,2000
2020-08-20 09:30:08.000,4.76,2000
2020-08-20 09:30:08.030,4.76,400
2020-08-20 09:30:08.060,4.76,200
2020-08-20 09:30:08.130,4.76,1500
2020-08-20 09:30:08.500,4.76,400
2020-08-20 09:30:08.550,4.759,2100
2020-08-20 09:30:08.550,4.759,11800
2020-08-20 09:30:08.640,4.759,200
2020-08-20 09:30:08.810,4.76,200
2020-08-20 09:30:08.900,4.76,1000
2020-08-20 09:30:09.000,4.76,2500
2020-08-20 09:30:09.110,4.758,1000
2020-08-20 09:30:09.110,4.757,7000
2020-08-20 09:30:09.110,4.754,17000
2020-08-20 09:30:09.140,4.756,2000
2020-08-20 09:30:09.140,4.756,200
2020-08-20 09:30:09.180,4.754,6100
2020-08-20 09:30:09.180,4.756,1000
2020-08-20 09:30:09.210,4.756,100
2020-08-20 09:30:09.280,4.753,100
2020-08-20 09:30:09.280,4.753,100
2020-08-20 09:30:09.280,4.753,100
2020-08-20 09:30:09.280,4.753,100
2020-08-20 09:30:09.280,4.753,1000
2020-08-20 09:30:09.280,4.753,1000
2020-08-20 09:30:09.280,4.753,1000
2020-08-20 09:30:09.280,4.753,3000
2020-08-20 09:30:09.280,4.753,1000
2020-08-20 09:30:09.380,4.756,400
2020-08-20 09:30:09.480,4.756,200
2020-08-20 09:30:09.700,4.757,200
2020-08-20 09:30:09.820,4.76,500
2020-08-20 09:30:09.980,4.76,1000
2020-08-20 09:30:10.010,4.76,500
2020-08-20 09:30:10.080,4.76,700
2020-08-20 09:30:10.080,4.76,1000
2020-08-20 09:30:10.080,4.761,3600
2020-08-20 09:30:10.140,4.756,300
2020-08-20 09:30:10.170,4.761,500
2020-08-20 09:30:10.560,4.757,2000
2020-08-20 09:30:10.740,4.757,2000
2020-08-20 09:30:10.840,4.757,6000
2020-08-20 09:30:10.840,4.757,500
2020-08-20 09:30:10.910,4.757,5000
2020-08-20 09:30:10.970,4.757,4500
2020-08-20 09:30:10.970,4.761,10000
2020-08-20 09:30:11.110,4.761,9000
2020-08-20 09:30:11.210,4.761,5300
2020-08-20 09:30:11.270,4.761,20000
2020-08-20 09:30:11.300,4.761,1100
2020-08-20 09:30:11.360,4.76,18200
2020-08-20 09:30:11.360,4.756,700
2020-08-20 09:30:11.360,4.753,4000
2020-08-20 09:30:11.360,4.752,100
2020-08-20 09:30:11.360,4.752,14500
2020-08-20 09:30:11.360,4.752,100
2020-08-20 09:30:11.360,4.752,500
2020-08-20 09:30:11.360,4.752,10000
2020-08-20 09:30:11.360,4.752,1900
2020-08-20 09:30:11.570,4.761,10000
2020-08-20 09:30:11.690,4.761,300
2020-08-20 09:30:11.810,4.761,2500
2020-08-20 09:30:11.840,4.761,1000
2020-08-20 09:30:12.050,4.761,300
2020-08-20 09:30:12.050,4.761,200
2020-08-20 09:30:12.090,4.76,300
2020-08-20 09:30:12.220,4.754,100
2020-08-20 09:30:12.240,4.754,100
2020-08-20 09:30:12.280,4.754,23400
2020-08-20 09:30:12.450,4.754,300
2020-08-20 09:30:12.760,4.754,100
2020-08-20 09:30:12.800,4.754,4000
2020-08-20 09:30:12.860,4.754,100000
2020-08-20 09:30:13.060,4.754,300
2020-08-20 09:30:13.290,4.754,2000
2020-08-20 09:30:13.430,4.754,700
2020-08-20 09:30:13.670,4.754,10000
2020-08-20 09:30:13.790,4.754,200
2020-08-20 09:30:13.790,4.754,1000
2020-08-20 09:30:13.810,4.754,1000
2020-08-20 09:30:13.840,4.754,12400
2020-08-20 09:30:14.000,4.754,400
2020-08-20 09:30:14.030,4.754,6000
2020-08-20 09:30:14.440,4.759,200
2020-08-20 09:30:14.440,4.759,3400
2020-08-20 09:30:14.440,4.76,1600
2020-08-20 09:30:14.710,4.76,1000
2020-08-20 09:30:14.770,4.76,1000
2020-08-20 09:30:14.940,4.756,5000
2020-08-20 09:30:14.940,4.754,1000
2020-08-20 09:30:14.970,4.76,200
2020-08-20 09:30:15.070,4.76,100
2020-08-20 09:30:15.110,4.76,100
2020-08-20 09:30:15.140,4.754,9000
2020-08-20 09:30:15.140,4.753,8200
2020-08-20 09:30:15.170,4.753,78700
2020-08-20 09:30:15.300,4.759,2000
2020-08-20 09:30:15.330,4.759,200
2020-08-20 09:30:15.360,4.759,2300
2020-08-20 09:30:15.430,4.759,1000
2020-08-20 09:30:15.760,4.755,10000
2020-08-20 09:30:15.960,4.755,1100
2020-08-20 09:30:15.990,4.755,2100
2020-08-20 09:30:15.990,4.755,5000
2020-08-20 09:30:16.280,4.755,10500
2020-08-20 09:30:16.320,4.755,1000
2020-08-20 09:30:16.520,4.755,3000
2020-08-20 09:30:16.520,4.755,5000
2020-08-20 09:30:16.610,4.755,1000
2020-08-20 09:30:16.640,4.755,100
2020-08-20 09:30:16.670,4.755,3000
2020-08-20 09:30:16.700,4.755,1000
2020-08-20 09:30:16.760,4.755,100
2020-08-20 09:30:16.780,4.755,5000
2020-08-20 09:30:16.840,4.755,1000
2020-08-20 09:30:16.870,4.755,2600
2020-08-20 09:30:16.970,4.755,29800
2020-08-20 09:30:17.130,4.755,100
2020-08-20 09:30:17.130,4.755,300
2020-08-20 09:30:17.130,4.755,500
2020-08-20 09:30:17.130,4.755,100
2020-08-20 09:30:17.190,4.755,300
2020-08-20 09:30:17.350,4.755,1000
2020-08-20 09:30:17.420,4.755,300
2020-08-20 09:30:17.510,4.755,100
2020-08-20 09:30:17.540,4.755,1000
2020-08-20 09:30:17.570,4.755,15000
2020-08-20 09:30:17.570,4.756,5000
2020-08-20 09:30:17.640,4.756,3000
2020-08-20 09:30:17.640,4.756,1000
2020-08-20 09:30:17.720,4.756,1000
2020-08-20 09:30:17.820,4.756,2000
2020-08-20 09:30:17.950,4.756,100
2020-08-20 09:30:17.990,4.756,200
2020-08-20 09:30:18.070,4.756,2200
2020-08-20 09:30:18.250,4.756,2400
2020-08-20 09:30:18.280,4.756,100
2020-08-20 09:30:18.280,4.756,3000
2020-08-20 09:30:18.350,4.756,100
2020-08-20 09:30:18.380,4.756,2000
2020-08-20 09:30:18.530,4.756,100
2020-08-20 09:30:18.560,4.756,5000
2020-08-20 09:30:18.690,4.756,10000
2020-08-20 09:30:18.690,4.756,10000
2020-08-20 09:30:18.750,4.756,3000
2020-08-20 09:30:18.750,4.756,10000
2020-08-20 09:30:18.830,4.759,100
2020-08-20 09:30:18.910,4.759,10000
2020-08-20 09:30:19.010,4.759,1000
2020-08-20 09:30:19.090,4.759,1000
2020-08-20 09:30:19.160,4.758,5000
2020-08-20 09:30:19.160,4.755,1000
2020-08-20 09:30:19.160,4.755,100
2020-08-20 09:30:19.160,4.754,11000
2020-08-20 09:30:19.160,4.754,3000
2020-08-20 09:30:19.160,4.753,8800
2020-08-20 09:30:19.220,4.759,10000
2020-08-20 09:30:19.300,4.757,3000
2020-08-20 09:30:19.370,4.757,1500
2020-08-20 09:30:19.370,4.755,5000
2020-08-20 09:30:19.370,4.753,4300
2020-08-20 09:30:19.370,4.753,100000
2020-08-20 09:30:19.370,4.752,2100
2020-08-20 09:30:19.370,4.752,2800
2020-08-20 09:30:19.370,4.752,3600
2020-08-20 09:30:19.370,4.752,500
2020-08-20 09:30:19.370,4.752,13600
2020-08-20 09:30:19.370,4.752,5000
2020-08-20 09:30:19.370,4.752,3600
2020-08-20 09:30:19.370,4.752,3000
2020-08-20 09:30:19.370,4.752,5000
2020-08-20 09:30:19.370,4.752,2500
2020-08-20 09:30:19.370,4.752,7000
2020-08-20 09:30:19.370,4.752,100
2020-08-20 09:30:19.370,4.752,200
2020-08-20 09:30:19.370,4.752,20000
2020-08-20 09:30:19.370,4.752,100
2020-08-20 09:30:19.370,4.752,500
2020-08-20 09:30:19.370,4.752,20000
2020-08-20 09:30:19.370,4.751,300
2020-08-20 09:30:19.370,4.751,3500
2020-08-20 09:30:19.370,4.751,400
2020-08-20 09:30:19.370,4.751,15000
2020-08-20 09:30:19.370,4.751,600
2020-08-20 09:30:19.370,4.751,2500
2020-08-20 09:30:19.370,4.751,1000
2020-08-20 09:30:19.370,4.751,1000
2020-08-20 09:30:19.370,4.751,2100
2020-08-20 09:30:19.370,4.751,2100
2020-08-20 09:30:19.370,4.751,15000
2020-08-20 09:30:19.370,4.751,10000
2020-08-20 09:30:19.370,4.751,1000
2020-08-20 09:30:19.370,4.751,10000
2020-08-20 09:30:19.370,4.751,1000
2020-08-20 09:30:19.370,4.751,10000
2020-08-20 09:30:19.370,4.751,130600
2020-08-20 09:30:19.400,4.757,100
2020-08-20 09:30:19.430,4.757,10000
2020-08-20 09:30:19.470,4.757,1000
2020-08-20 09:30:19.680,4.757,30000
2020-08-20 09:30:19.710,4.757,36800
2020-08-20 09:30:19.740,4.757,100
2020-08-20 09:30:19.740,4.757,20000
2020-08-20 09:30:19.910,4.757,10000
2020-08-20 09:30:19.990,4.757,3000
2020-08-20 09:30:20.080,4.757,2500
2020-08-20 09:30:20.140,4.757,2000
2020-08-20 09:30:20.140,4.757,200
2020-08-20 09:30:20.200,4.757,6000
2020-08-20 09:30:20.260,4.757,2100
2020-08-20 09:30:20.410,4.757,400
2020-08-20 09:30:20.410,4.757,100
2020-08-20 09:30:20.440,4.757,500
2020-08-20 09:30:20.760,4.759,200
2020-08-20 09:30:20.760,4.755,800
2020-08-20 09:30:20.760,4.759,500
2020-08-20 09:30:20.910,4.759,10000
2020-08-20 09:30:21.130,4.758,10000
2020-08-20 09:30:21.130,4.755,1700
2020-08-20 09:30:21.130,4.755,10000
2020-08-20 09:30:21.130,4.755,2100
2020-08-20 09:30:21.130,4.755,10000
2020-08-20 09:30:21.130,4.755,2000
2020-08-20 09:30:21.170,4.754,500
2020-08-20 09:30:21.170,4.754,10000
2020-08-20 09:30:21.230,4.753,10000
2020-08-20 09:30:21.230,4.753,1000
2020-08-20 09:30:21.260,4.753,5000
2020-08-20 09:30:21.320,4.753,2000
2020-08-20 09:30:21.360,4.753,30000
2020-08-20 09:30:21.360,4.753,1300
2020-08-20 09:30:21.360,4.753,200
2020-08-20 09:30:21.590,4.753,20000
2020-08-20 09:30:21.740,4.753,1000
2020-08-20 09:30:21.770,4.753,20000
2020-08-20 09:30:21.770,4.753,100
2020-08-20 09:30:21.810,4.753,2000
2020-08-20 09:30:21.900,4.753,100
2020-08-20 09:30:21.960,4.753,200
2020-08-20 09:30:22.030,4.753,3500
2020-08-20 09:30:22.060,4.753,2000
2020-08-20 09:30:22.130,4.753,100
2020-08-20 09:30:22.130,4.753,1500
2020-08-20 09:30:22.130,4.753,1500
2020-08-20 09:30:22.200,4.753,200
2020-08-20 09:30:22.200,4.753,300
2020-08-20 09:30:22.240,4.753,700
2020-08-20 09:30:22.300,4.753,100
2020-08-20 09:30:22.340,4.753,5000
2020-08-20 09:30:22.400,4.752,500
2020-08-20 09:30:22.400,4.753,1000
2020-08-20 09:30:22.400,4.753,200
2020-08-20 09:30:22.400,4.753,10000
2020-08-20 09:30:22.460,4.753,1000
2020-08-20 09:30:22.460,4.753,10000
2020-08-20 09:30:22.610,4.753,5000
2020-08-20 09:30:22.760,4.753,200
2020-08-20 09:30:22.760,4.753,2100
2020-08-20 09:30:22.760,4.753,100
2020-08-20 09:30:22.920,4.753,5000
2020-08-20 09:30:23.030,4.753,57600
2020-08-20 09:30:23.030,4.753,42400
2020-08-20 09:30:23.180,4.753,50000
2020-08-20 09:30:23.180,4.753,1400
2020-08-20 09:30:23.180,4.753,200
2020-08-20 09:30:23.180,4.753,98400
2020-08-20 09:30:23.180,4.753,1600
2020-08-20 09:30:23.180,4.754,2400
2020-08-20 09:30:23.210,4.752,400
2020-08-20 09:30:23.350,4.753,100
2020-08-20 09:30:23.470,4.752,11100
2020-08-20 09:30:23.470,4.751,229400
2020-08-20 09:30:23.470,4.751,11800
2020-08-20 09:30:23.470,4.751,7000
2020-08-20 09:30:23.470,4.751,2500
2020-08-20 09:30:23.470,4.751,2000
2020-08-20 09:30:23.470,4.751,5000
2020-08-20 09:30:23.470,4.751,500
2020-08-20 09:30:23.470,4.751,10000
2020-08-20 09:30:23.470,4.751,600
2020-08-20 09:30:23.470,4.751,5000
2020-08-20 09:30:23.470,4.751,100
2020-08-20 09:30:23.470,4.751,300
2020-08-20 09:30:23.470,4.751,100
2020-08-20 09:30:23.470,4.751,2000
2020-08-20 09:30:23.470,4.751,3000
2020-08-20 09:30:23.470,4.751,10000
2020-08-20 09:30:23.470,4.751,300
2020-08-20 09:30:23.470,4.751,700
2020-08-20 09:30:23.470,4.751,200
2020-08-20 09:30:23.470,4.751,2000
2020-08-20 09:30:23.700,4.751,100
2020-08-20 09:30:23.720,4.75,2000
2020-08-20 09:30:23.720,4.75,300
2020-08-20 09:30:23.720,4.75,100
2020-08-20 09:30:23.720,4.75,3000
2020-08-20 09:30:23.720,4.75,2500
2020-08-20 09:30:23.720,4.75,100
2020-08-20 09:30:23.720,4.75,200
2020-08-20 09:30:23.720,4.75,400
2020-08-20 09:30:23.720,4.75,200
2020-08-20 09:30:23.720,4.75,1000
2020-08-20 09:30:23.720,4.75,10000
2020-08-20 09:30:23.720,4.75,1200
2020-08-20 09:30:23.720,4.75,2000
2020-08-20 09:30:23.720,4.75,2000
2020-08-20 09:30:23.720,4.75,100
2020-08-20 09:30:23.720,4.75,100
2020-08-20 09:30:23.720,4.75,1000
2020-08-20 09:30:23.720,4.75,3000
2020-08-20 09:30:23.720,4.75,400
2020-08-20 09:30:23.720,4.75,1000
2020-08-20 09:30:23.720,4.75,1000
2020-08-20 09:30:23.720,4.75,5000
2020-08-20 09:30:23.720,4.75,10100
2020-08-20 09:30:23.720,4.75,7500
2020-08-20 09:30:23.720,4.75,2500
2020-08-20 09:30:23.720,4.75,2000
2020-08-20 09:30:23.720,4.75,5000
2020-08-20 09:30:23.720,4.75,6300
2020-08-20 09:30:23.720,4.75,10000
2020-08-20 09:30:23.720,4.75,400
2020-08-20 09:30:23.720,4.75,1000
2020-08-20 09:30:23.720,4.75,100
2020-08-20 09:30:23.720,4.75,2000
2020-08-20 09:30:23.720,4.75,500
2020-08-20 09:30:23.720,4.75,3000
2020-08-20 09:30:23.720,4.75,100
2020-08-20 09:30:23.720,4.75,5000
2020-08-20 09:30:23.720,4.75,700
2020-08-20 09:30:23.720,4.75,200
2020-08-20 09:30:23.720,4.75,10000
2020-08-20 09:30:23.720,4.75,2500
2020-08-20 09:30:23.720,4.75,500
2020-08-20 09:30:23.720,4.75,5000
2020-08-20 09:30:23.720,4.75,2000
2020-08-20 09:30:23.720,4.75,400
2020-08-20 09:30:23.720,4.75,5000
2020-08-20 09:30:23.720,4.75,300
2020-08-20 09:30:23.720,4.75,100
2020-08-20 09:30:23.720,4.75,2500
2020-08-20 09:30:23.720,4.75,1300
2020-08-20 09:30:23.720,4.75,300
2020-08-20 09:30:23.720,4.75,5500
2020-08-20 09:30:23.720,4.75,2000
2020-08-20 09:30:23.720,4.75,10000
2020-08-20 09:30:23.720,4.75,3000
2020-08-20 09:30:23.720,4.75,74300
2020-08-20 09:30:23.720,4.75,31700
2020-08-20 09:30:23.720,4.75,2500
2020-08-20 09:30:23.720,4.75,300
2020-08-20 09:30:23.720,4.75,50000
2020-08-20 09:30:23.720,4.75,3000
2020-08-20 09:30:23.720,4.75,300
2020-08-20 09:30:23.720,4.75,8000
2020-08-20 09:30:23.720,4.75,1500
2020-08-20 09:30:23.750,4.751,1000
2020-08-20 09:30:23.750,4.751,100
2020-08-20 09:30:23.830,4.751,8000
2020-08-20 09:30:23.830,4.751,1500
2020-08-20 09:30:23.830,4.751,500
2020-08-20 09:30:23.890,4.751,1100
2020-08-20 09:30:23.890,4.751,100
2020-08-20 09:30:23.920,4.751,1000
2020-08-20 09:30:23.950,4.75,1700
2020-08-20 09:30:23.950,4.75,1500
2020-08-20 09:30:23.950,4.75,2500
2020-08-20 09:30:23.950,4.75,50000
2020-08-20 09:30:23.950,4.75,1500
2020-08-20 09:30:23.950,4.75,20000
2020-08-20 09:30:23.950,4.75,100
2020-08-20 09:30:23.950,4.75,5000
2020-08-20 09:30:23.950,4.75,300
2020-08-20 09:30:23.950,4.75,100
2020-08-20 09:30:23.950,4.75,5000
2020-08-20 09:30:23.950,4.75,3000
2020-08-20 09:30:23.950,4.75,10000
2020-08-20 09:30:23.950,4.75,2000
2020-08-20 09:30:23.950,4.75,3000
2020-08-20 09:30:23.950,4.75,5000
2020-08-20 09:30:23.950,4.75,2500
2020-08-20 09:30:23.950,4.75,200
2020-08-20 09:30:23.950,4.75,2000
2020-08-20 09:30:23.950,4.75,5000
2020-08-20 09:30:23.950,4.75,2000
2020-08-20 09:30:23.950,4.75,10000
2020-08-20 09:30:23.950,4.75,10000
2020-08-20 09:30:23.950,4.75,40000
2020-08-20 09:30:23.950,4.75,2500
2020-08-20 09:30:23.950,4.75,500
2020-08-20 09:30:23.950,4.75,100
2020-08-20 09:30:23.950,4.75,2500
2020-08-20 09:30:23.950,4.75,1200
2020-08-20 09:30:23.950,4.75,500
2020-08-20 09:30:23.950,4.75,9000
2020-08-20 09:30:23.950,4.75,2000
2020-08-20 09:30:23.950,4.75,10000
2020-08-20 09:30:23.950,4.75,200
2020-08-20 09:30:23.950,4.75,22800
2020-08-20 09:30:23.950,4.75,2000
2020-08-20 09:30:23.950,4.75,2000
2020-08-20 09:30:23.950,4.75,10500
2020-08-20 09:30:23.950,4.75,1000
2020-08-20 09:30:23.950,4.75,100
2020-08-20 09:30:23.950,4.75,15000
2020-08-20 09:30:23.950,4.75,300
2020-08-20 09:30:23.950,4.75,5000
2020-08-20 09:30:23.950,4.75,500
2020-08-20 09:30:23.950,4.75,29000
2020-08-20 09:30:23.950,4.75,5000
2020-08-20 09:30:23.950,4.75,7800
2020-08-20 09:30:23.950,4.75,100
2020-08-20 09:30:23.950,4.75,1000
2020-08-20 09:30:23.950,4.75,2000
2020-08-20 09:30:23.950,4.751,100
2020-08-20 09:30:23.980,4.751,600
2020-08-20 09:30:23.980,4.751,300
2020-08-20 09:30:24.080,4.751,500
2020-08-20 09:30:24.110,4.75,1000
2020-08-20 09:30:24.140,4.751,5000
2020-08-20 09:30:24.210,4.751,100
2020-08-20 09:30:24.270,4.75,200
2020-08-20 09:30:24.270,4.75,5000
2020-08-20 09:30:24.270,4.75,2000
2020-08-20 09:30:24.270,4.75,4000
2020-08-20 09:30:24.270,4.75,10000
2020-08-20 09:30:24.270,4.75,8000
2020-08-20 09:30:24.270,4.75,400
2020-08-20 09:30:24.270,4.75,300
2020-08-20 09:30:24.270,4.75,3000
2020-08-20 09:30:24.270,4.749,1000
2020-08-20 09:30:24.270,4.749,4200
2020-08-20 09:30:24.270,4.749,200
2020-08-20 09:30:24.270,4.749,5000
2020-08-20 09:30:24.270,4.748,100
2020-08-20 09:30:24.270,4.748,100
2020-08-20 09:30:24.270,4.748,1000
2020-08-20 09:30:24.270,4.748,2300
2020-08-20 09:30:24.270,4.748,1200
2020-08-20 09:30:24.270,4.748,3000
2020-08-20 09:30:24.270,4.748,100
2020-08-20 09:30:24.270,4.748,700
2020-08-20 09:30:24.270,4.748,5000
2020-08-20 09:30:24.270,4.748,500
2020-08-20 09:30:24.270,4.748,10000
2020-08-20 09:30:24.270,4.747,4200
2020-08-20 09:30:24.270,4.747,7000
2020-08-20 09:30:24.270,4.746,500
2020-08-20 09:30:24.270,4.746,4000
2020-08-20 09:30:24.270,4.746,100
2020-08-20 09:30:24.270,4.746,4000
2020-08-20 09:30:24.270,4.746,1000
2020-08-20 09:30:24.270,4.746,1200
2020-08-20 09:30:24.270,4.746,100
2020-08-20 09:30:24.270,4.746,30000
2020-08-20 09:30:24.270,4.746,45100
2020-08-20 09:30:24.270,4.746,2000
2020-08-20 09:30:24.270,4.746,500
2020-08-20 09:30:24.270,4.746,20000
2020-08-20 09:30:24.270,4.746,11000
2020-08-20 09:30:24.330,4.746,100
2020-08-20 09:30:24.330,4.745,1000
2020-08-20 09:30:24.370,4.746,100
2020-08-20 09:30:24.370,4.746,2000
2020-08-20 09:30:24.430,4.746,1000
2020-08-20 09:30:24.430,4.746,200
2020-08-20 09:30:24.520,4.746,500
2020-08-20 09:30:24.640,4.746,400
2020-08-20 09:30:24.640,4.746,300
2020-08-20 09:30:24.700,4.746,6100
2020-08-20 09:30:24.730,4.746,1000
2020-08-20 09:30:24.790,4.746,100000
2020-08-20 09:30:24.790,4.746,1600
2020-08-20 09:30:24.850,4.746,100
2020-08-20 09:30:24.850,4.746,500
2020-08-20 09:30:24.960,4.746,20000
2020-08-20 09:30:24.990,4.746,50000
2020-08-20 09:30:24.990,4.746,1500
2020-08-20 09:30:24.990,4.746,10100
2020-08-20 09:30:24.990,4.747,49900
2020-08-20 09:30:25.180,4.751,2900
2020-08-20 09:30:25.180,4.751,200
2020-08-20 09:30:25.240,4.751,10000
2020-08-20 09:30:25.240,4.751,1200
2020-08-20 09:30:25.240,4.746,2000
2020-08-20 09:30:25.240,4.751,200
2020-08-20 09:30:25.240,4.751,1000
2020-08-20 09:30:25.240,4.751,1000
2020-08-20 09:30:25.310,4.751,300
2020-08-20 09:30:25.330,4.751,200
2020-08-20 09:30:25.330,4.751,1500
2020-08-20 09:30:25.360,4.751,200
2020-08-20 09:30:25.360,4.751,200
2020-08-20 09:30:25.360,4.751,10000
2020-08-20 09:30:25.390,4.746,2500
2020-08-20 09:30:25.390,4.751,600
2020-08-20 09:30:25.420,4.751,5000
2020-08-20 09:30:25.480,4.751,1000
2020-08-20 09:30:25.570,4.751,1000
2020-08-20 09:30:25.570,4.751,2000
2020-08-20 09:30:25.570,4.751,5000
2020-08-20 09:30:25.660,4.751,300
2020-08-20 09:30:25.660,4.751,100
2020-08-20 09:30:25.770,4.751,400
2020-08-20 09:30:25.820,4.751,300
2020-08-20 09:30:25.880,4.751,2000
2020-08-20 09:30:25.880,4.751,500
2020-08-20 09:30:25.990,4.751,200
2020-08-20 09:30:25.990,4.751,400
2020-08-20 09:30:25.990,4.751,200
2020-08-20 09:30:25.990,4.751,100
2020-08-20 09:30:25.990,4.751,3000
2020-08-20 09:30:26.030,4.751,500
2020-08-20 09:30:26.510,4.751,1400
2020-08-20 09:30:26.560,4.751,5000
2020-08-20 09:30:26.560,4.751,24700
2020-08-20 09:30:26.670,4.751,200
2020-08-20 09:30:26.760,4.75,5000
2020-08-20 09:30:26.760,4.75,5000
2020-08-20 09:30:27.000,4.75,300
2020-08-20 09:30:27.000,4.75,1000
2020-08-20 09:30:27.190,4.75,700
2020-08-20 09:30:27.320,4.751,5000
2020-08-20 09:30:27.500,4.751,2200
2020-08-20 09:30:27.530,4.75,500
2020-08-20 09:30:27.740,4.751,600
2020-08-20 09:30:27.740,4.751,5000
2020-08-20 09:30:27.960,4.751,300
2020-08-20 09:30:28.380,4.751,4700
2020-08-20 09:30:28.440,4.751,2000
2020-08-20 09:30:29.050,4.751,10000
2020-08-20 09:30:29.090,4.75,7800
2020-08-20 09:30:29.090,4.748,100
2020-08-20 09:30:29.090,4.747,2500
2020-08-20 09:30:29.140,4.751,100
2020-08-20 09:30:29.170,4.751,3000
2020-08-20 09:30:29.370,4.751,3500
2020-08-20 09:30:29.980,4.751,500
2020-08-20 09:30:29.980,4.747,1000
2020-08-20 09:30:30.350,4.751,5000
2020-08-20 09:30:30.350,4.748,300
2020-08-20 09:30:30.450,4.751,5600
2020-08-20 09:30:31.010,4.751,400
2020-08-20 09:30:31.460,4.751,2600
2020-08-20 09:30:33.110,4.751,2000
2020-08-20 09:30:33.240,4.75,200
2020-08-20 09:30:33.240,4.749,1300
2020-08-20 09:30:33.830,4.75,2000
2020-08-20 09:30:34.340,4.75,200
2020-08-20 09:30:34.520,4.75,1000
2020-08-20 09:30:34.630,4.75,15000
2020-08-20 09:30:35.100,4.75,10000
2020-08-20 09:30:35.460,4.75,3000
2020-08-20 09:30:35.800,4.75,2100
2020-08-20 09:30:35.850,4.748,2400
2020-08-20 09:30:35.880,4.75,5000
2020-08-20 09:30:35.940,4.75,500
2020-08-20 09:30:35.990,4.75,300
2020-08-20 09:30:36.320,4.75,500
2020-08-20 09:30:36.770,4.75,1000
2020-08-20 09:30:37.160,4.75,100
2020-08-20 09:30:37.340,4.749,200
2020-08-20 09:30:37.450,4.75,500
2020-08-20 09:30:37.760,4.75,3000
2020-08-20 09:30:38.070,4.75,32800
2020-08-20 09:30:38.220,4.75,20000
2020-08-20 09:30:38.470,4.75,10000
2020-08-20 09:30:38.640,4.75,1500
2020-08-20 09:30:38.840,4.75,9900
2020-08-20 09:30:39.370,4.75,100
2020-08-20 09:30:39.460,4.75,2000
2020-08-20 09:30:39.460,4.75,13400
2020-08-20 09:30:39.690,4.75,10000
2020-08-20 09:30:39.940,4.75,500
2020-08-20 09:30:40.310,4.75,5300
2020-08-20 09:30:40.310,4.75,3000
2020-08-20 09:30:40.500,4.749,800
2020-08-20 09:30:40.500,4.748,10100
2020-08-20 09:30:41.030,4.75,300
2020-08-20 09:30:41.090,4.75,1000
2020-08-20 09:30:41.190,4.75,4100
2020-08-20 09:30:41.210,4.748,7500
2020-08-20 09:30:41.210,4.748,400
2020-08-20 09:30:41.210,4.748,2100
2020-08-20 09:30:41.270,4.749,200
2020-08-20 09:30:41.270,4.75,1900
2020-08-20 09:30:41.270,4.75,7900
2020-08-20 09:30:41.430,4.75,3000
2020-08-20 09:30:41.920,4.748,3000
2020-08-20 09:30:42.170,4.75,2100
2020-08-20 09:30:42.630,4.749,6000
2020-08-20 09:30:42.660,4.749,900
2020-08-20 09:30:42.660,4.75,4100
2020-08-20 09:30:42.780,4.75,1800
2020-08-20 09:30:42.780,4.75,1200
2020-08-20 09:30:43.120,4.75,1000
2020-08-20 09:30:43.120,4.75,500
2020-08-20 09:30:43.180,4.75,200
2020-08-20 09:30:43.310,4.75,2000
2020-08-20 09:30:43.460,4.75,100
2020-08-20 09:30:43.760,4.75,80000
2020-08-20 09:30:44.150,4.748,1900
2020-08-20 09:30:44.150,4.75,3000
2020-08-20 09:30:44.230,4.75,4000
2020-08-20 09:30:44.260,4.749,15000
2020-08-20 09:30:44.260,4.748,5000
2020-08-20 09:30:44.400,4.748,5400
2020-08-20 09:30:44.510,4.75,3000
2020-08-20 09:30:44.570,4.75,1900
2020-08-20 09:30:44.680,4.75,5000
2020-08-20 09:30:44.770,4.75,2000
2020-08-20 09:30:44.880,4.75,1000
2020-08-20 09:30:45.020,4.75,500
2020-08-20 09:30:45.320,4.749,1000
2020-08-20 09:30:45.400,4.749,1000
2020-08-20 09:30:45.470,4.749,7000
2020-08-20 09:30:45.470,4.75,13000
2020-08-20 09:30:45.530,4.75,5000
2020-08-20 09:30:45.590,4.75,20000
2020-08-20 09:30:45.590,4.75,2000
2020-08-20 09:30:46.380,4.749,100
2020-08-20 09:30:46.470,4.749,100
2020-08-20 09:30:46.810,4.75,100
2020-08-20 09:30:47.030,4.75,700
2020-08-20 09:30:47.260,4.75,100
2020-08-20 09:30:47.550,4.75,30000
2020-08-20 09:30:47.550,4.75,60000
2020-08-20 09:30:47.550,4.75,1700
2020-08-20 09:30:47.550,4.75,6000
2020-08-20 09:30:47.550,4.75,1000
2020-08-20 09:30:47.550,4.75,16100
2020-08-20 09:30:47.550,4.75,600
2020-08-20 09:30:47.550,4.75,500
2020-08-20 09:30:47.550,4.75,4100
2020-08-20 09:30:47.550,4.749,600
2020-08-20 09:30:47.550,4.748,11300
2020-08-20 09:30:47.690,4.75,5000
2020-08-20 09:30:47.800,4.75,1000
2020-08-20 09:30:47.800,4.748,21300
2020-08-20 09:30:47.800,4.748,2700
2020-08-20 09:30:48.270,4.75,5300
2020-08-20 09:30:48.340,4.749,1200
2020-08-20 09:30:48.600,4.749,5000
2020-08-20 09:30:48.900,4.749,200
2020-08-20 09:30:48.900,4.749,3000
2020-08-20 09:30:48.990,4.749,25300
2020-08-20 09:30:49.050,4.751,800
2020-08-20 09:30:50.900,4.75,2000
2020-08-20 09:30:51.010,4.75,2700
2020-08-20 09:30:51.010,4.75,1000
2020-08-20 09:30:51.010,4.75,100
2020-08-20 09:30:51.010,4.75,4500
2020-08-20 09:30:51.010,4.75,10000
2020-08-20 09:30:51.010,4.75,200
2020-08-20 09:30:51.010,4.75,1500
2020-08-20 09:30:51.570,4.751,73600
2020-08-20 09:30:51.570,4.752,200
2020-08-20 09:30:51.570,4.752,2600
2020-08-20 09:30:51.570,4.752,5000
2020-08-20 09:30:51.690,4.752,1000
2020-08-20 09:30:53.640,4.753,2000
2020-08-20 09:30:53.640,4.753,1700
2020-08-20 09:30:53.890,4.753,6300
2020-08-20 09:30:53.890,4.752,67600
2020-08-20 09:30:53.890,4.752,600
2020-08-20 09:30:54.830,4.751,4000
2020-08-20 09:30:55.060,4.752,600
2020-08-20 09:30:55.150,4.752,5000
2020-08-20 09:30:55.210,4.752,20000
2020-08-20 09:30:55.940,4.751,9800
2020-08-20 09:30:56.000,4.751,100
2020-08-20 09:30:56.350,4.751,6000
2020-08-20 09:30:56.490,4.75,400
2020-08-20 09:30:56.620,4.75,500
2020-08-20 09:30:56.850,4.751,10000
2020-08-20 09:30:57.140,4.751,2500
2020-08-20 09:30:57.140,4.751,271700
2020-08-20 09:30:57.140,4.752,6400
2020-08-20 09:30:57.140,4.752,300
2020-08-20 09:30:57.140,4.753,3300
2020-08-20 09:30:57.300,4.753,300
2020-08-20 09:30:57.370,4.753,2100
2020-08-20 09:30:57.820,4.753,2000
2020-08-20 09:30:58.390,4.753,3000
2020-08-20 09:31:00.270,4.752,2100
2020-08-20 09:31:01.020,4.753,800
2020-08-20 09:31:01.020,4.754,1000
2020-08-20 09:31:01.050,4.753,600
2020-08-20 09:31:01.050,4.752,9400
2020-08-20 09:31:01.300,4.754,1100
2020-08-20 09:31:01.610,4.754,20000
2020-08-20 09:31:01.640,4.754,8400
2020-08-20 09:31:01.870,4.752,1900
2020-08-20 09:31:01.980,4.753,800
2020-08-20 09:31:01.980,4.754,5800
2020-08-20 09:31:02.110,4.754,10100
2020-08-20 09:31:02.380,4.753,100
2020-08-20 09:31:02.380,4.752,86600
2020-08-20 09:31:02.380,4.752,10000
2020-08-20 09:31:02.380,4.752,60700
2020-08-20 09:31:02.530,4.752,1000
2020-08-20 09:31:02.620,4.751,1000
2020-08-20 09:31:02.650,4.752,2000
2020-08-20 09:31:02.820,4.752,500
2020-08-20 09:31:03.000,4.752,3000
2020-08-20 09:31:03.030,4.751,11500
2020-08-20 09:31:03.030,4.751,9100
2020-08-20 09:31:03.140,4.752,2000
2020-08-20 09:31:03.250,4.752,18000
2020-08-20 09:31:03.860,4.752,2100
2020-08-20 09:31:04.010,4.751,70900
2020-08-20 09:31:04.010,4.751,500
2020-08-20 09:31:04.010,4.751,10000
2020-08-20 09:31:04.010,4.751,100000
2020-08-20 09:31:04.010,4.751,20000
2020-08-20 09:31:04.010,4.751,5000
2020-08-20 09:31:04.010,4.751,10000
2020-08-20 09:31:04.010,4.751,20000
2020-08-20 09:31:04.060,4.751,6000
2020-08-20 09:31:04.380,4.751,5000
2020-08-20 09:31:04.640,4.751,9900
2020-08-20 09:31:04.700,4.751,200
2020-08-20 09:31:04.780,4.751,5000
2020-08-20 09:31:04.940,4.751,37600
2020-08-20 09:31:04.940,4.752,20000
2020-08-20 09:31:04.940,4.753,17100
2020-08-20 09:31:04.940,4.753,20000
2020-08-20 09:31:05.050,4.753,31100
2020-08-20 09:31:05.360,4.75,3500
2020-08-20 09:31:05.360,4.75,200
2020-08-20 09:31:05.360,4.75,600
2020-08-20 09:31:05.890,4.751,11000
2020-08-20 09:31:05.890,4.75,2400
2020-08-20 09:31:05.890,4.75,3000
2020-08-20 09:31:05.890,4.75,1000
2020-08-20 09:31:05.890,4.75,1000
2020-08-20 09:31:05.890,4.75,10000
2020-08-20 09:31:05.890,4.75,500
2020-08-20 09:31:05.890,4.75,100
2020-08-20 09:31:05.890,4.75,200
2020-08-20 09:31:05.890,4.75,80000
2020-08-20 09:31:05.890,4.75,67900
2020-08-20 09:31:05.890,4.75,50000
2020-08-20 09:31:05.890,4.75,100
2020-08-20 09:31:05.890,4.75,10000
2020-08-20 09:31:05.890,4.75,27000
2020-08-20 09:31:05.890,4.75,3000
2020-08-20 09:31:05.890,4.75,10000
2020-08-20 09:31:05.890,4.75,1000
2020-08-20 09:31:05.890,4.75,1000
2020-08-20 09:31:05.890,4.75,500
2020-08-20 09:31:05.890,4.75,400
2020-08-20 09:31:05.890,4.75,2000
2020-08-20 09:31:05.890,4.75,5000
2020-08-20 09:31:05.890,4.75,3000
2020-08-20 09:31:05.890,4.75,10000
2020-08-20 09:31:06.010,4.751,500
2020-08-20 09:31:06.160,4.751,1000
2020-08-20 09:31:06.470,4.751,800
2020-08-20 09:31:06.790,4.751,5000
2020-08-20 09:31:07.080,4.751,46200
2020-08-20 09:31:07.080,4.751,103500
2020-08-20 09:31:07.080,4.751,200
2020-08-20 09:31:07.110,4.751,600
2020-08-20 09:31:07.160,4.751,100
2020-08-20 09:31:07.220,4.751,10000
2020-08-20 09:31:07.700,4.75,3000
2020-08-20 09:31:08.220,4.751,20000
2020-08-20 09:31:08.220,4.752,6600
2020-08-20 09:31:08.430,4.754,1000
2020-08-20 09:31:08.430,4.754,600
2020-08-20 09:31:08.670,4.753,2100
2020-08-20 09:31:08.830,4.753,900
2020-08-20 09:31:08.890,4.752,64300
2020-08-20 09:31:08.980,4.752,3100
2020-08-20 09:31:09.210,4.752,2500
2020-08-20 09:31:09.420,4.752,10200
2020-08-20 09:31:09.490,4.752,30500
2020-08-20 09:31:09.980,4.752,12800
2020-08-20 09:31:09.980,4.752,400
2020-08-20 09:31:10.770,4.753,1000
2020-08-20 09:31:10.890,4.752,11000
2020-08-20 09:31:11.030,4.752,1600
2020-08-20 09:31:11.460,4.752,7000
2020-08-20 09:31:11.850,4.752,23000
2020-08-20 09:31:11.990,4.752,1000
2020-08-20 09:31:12.390,4.752,300
2020-08-20 09:31:12.700,4.752,6700
2020-08-20 09:31:12.700,4.753,2500
2020-08-20 09:31:12.820,4.753,20000
2020-08-20 09:31:13.060,4.754,600
2020-08-20 09:31:13.490,4.754,1200
2020-08-20 09:31:14.300,4.752,15300
2020-08-20 09:31:14.300,4.752,100
2020-08-20 09:31:14.300,4.752,100
2020-08-20 09:31:14.300,4.752,200
2020-08-20 09:31:14.300,4.751,5000
2020-08-20 09:31:14.300,4.751,14800
2020-08-20 09:31:14.530,4.751,5600
2020-08-20 09:31:14.620,4.751,700
2020-08-20 09:31:15.230,4.753,200
2020-08-20 09:31:15.440,4.751,5000
2020-08-20 09:31:15.560,4.753,1300
2020-08-20 09:31:15.740,4.753,18500
2020-08-20 09:31:15.740,4.753,100
2020-08-20 09:31:15.740,4.754,1500
2020-08-20 09:31:15.740,4.754,1100
2020-08-20 09:31:15.740,4.754,20000
2020-08-20 09:31:15.740,4.754,18800
2020-08-20 09:31:16.130,4.753,2000
2020-08-20 09:31:18.480,4.751,100
2020-08-20 09:31:18.780,4.752,1700
2020-08-20 09:31:18.780,4.753,2000
2020-08-20 09:31:18.780,4.753,1300
2020-08-20 09:31:18.840,4.752,200
2020-08-20 09:31:18.950,4.752,19800
2020-08-20 09:31:18.950,4.753,7100
2020-08-20 09:31:19.040,4.753,600
2020-08-20 09:31:19.210,4.753,16500
2020-08-20 09:31:19.260,4.751,600
2020-08-20 09:31:19.460,4.752,800
2020-08-20 09:31:19.710,4.753,45000
2020-08-20 09:31:20.110,4.752,1300
2020-08-20 09:31:20.250,4.752,100000
2020-08-20 09:31:20.340,4.752,2200
2020-08-20 09:31:20.490,4.752,2000
2020-08-20 09:31:20.740,4.751,10000
2020-08-20 09:31:21.080,4.752,2100
2020-08-20 09:31:21.180,4.752,5000
2020-08-20 09:31:22.060,4.751,10600
2020-08-20 09:31:22.480,4.752,6600
2020-08-20 09:31:22.530,4.751,2600
2020-08-20 09:31:22.530,4.751,600
2020-08-20 09:31:22.530,4.751,300
2020-08-20 09:31:22.530,4.751,4000
2020-08-20 09:31:22.530,4.751,200
2020-08-20 09:31:22.530,4.751,1000
2020-08-20 09:31:22.530,4.751,4000
2020-08-20 09:31:22.530,4.751,13200
2020-08-20 09:31:22.530,4.751,2300
2020-08-20 09:31:22.530,4.751,500
2020-08-20 09:31:22.530,4.751,1000
2020-08-20 09:31:22.530,4.751,2000
2020-08-20 09:31:22.530,4.751,93500
2020-08-20 09:31:22.620,4.751,100
2020-08-20 09:31:23.260,4.751,100
2020-08-20 09:31:23.790,4.752,9400
2020-08-20 09:31:23.790,4.752,6400
2020-08-20 09:31:24.450,4.752,10000
2020-08-20 09:31:24.760,4.752,3600
2020-08-20 09:31:25.090,4.753,600
2020-08-20 09:31:25.150,4.753,100
2020-08-20 09:31:25.200,4.753,15000
2020-08-20 09:31:25.340,4.753,4300
2020-08-20 09:31:25.340,4.753,61500
2020-08-20 09:31:25.340,4.753,46300
2020-08-20 09:31:25.340,4.753,300000
2020-08-20 09:31:25.340,4.754,30000
2020-08-20 09:31:25.340,4.754,6700
2020-08-20 09:31:25.340,4.755,10000
2020-08-20 09:31:25.340,4.755,10000
2020-08-20 09:31:25.340,4.755,16400
2020-08-20 09:31:25.340,4.755,5000
2020-08-20 09:31:25.340,4.755,109800
2020-08-20 09:31:25.700,4.753,200
2020-08-20 09:31:25.700,4.752,300
2020-08-20 09:31:26.010,4.752,1200
2020-08-20 09:31:26.300,4.752,2900
2020-08-20 09:31:26.300,4.751,6300
2020-08-20 09:31:26.300,4.751,3000
2020-08-20 09:31:26.300,4.751,17800
2020-08-20 09:31:26.330,4.751,300
2020-08-20 09:31:26.620,4.754,9000
2020-08-20 09:31:26.810,4.751,600
2020-08-20 09:31:27.250,4.752,5000
2020-08-20 09:31:27.250,4.751,14000
2020-08-20 09:31:27.750,4.754,10000
2020-08-20 09:31:27.830,4.753,2000
2020-08-20 09:31:28.130,4.752,4500
2020-08-20 09:31:28.160,4.753,4200
2020-08-20 09:31:28.190,4.752,10200
2020-08-20 09:31:28.240,4.752,8400
2020-08-20 09:31:28.460,4.753,1000
2020-08-20 09:31:28.630,4.753,10000
2020-08-20 09:31:29.030,4.752,5000
2020-08-20 09:31:29.300,4.752,1200
2020-08-20 09:31:29.500,4.752,20300
2020-08-20 09:31:30.190,4.754,4300
2020-08-20 09:31:31.040,4.754,2500
2020-08-20 09:31:31.100,4.754,600
2020-08-20 09:31:31.260,4.753,10000
2020-08-20 09:31:31.560,4.752,900
2020-08-20 09:31:32.080,4.753,5000
2020-08-20 09:31:32.340,4.752,700
2020-08-20 09:31:32.510,4.752,56800
2020-08-20 09:31:32.790,4.753,13700
2020-08-20 09:31:32.790,4.754,46300
2020-08-20 09:31:32.790,4.754,2800
2020-08-20 09:31:32.790,4.755,30000
2020-08-20 09:31:32.790,4.755,30000
2020-08-20 09:31:33.510,4.755,50000
2020-08-20 09:31:33.750,4.755,5000
2020-08-20 09:31:34.400,4.755,1700
2020-08-20 09:31:34.810,4.756,1700
2020-08-20 09:31:35.810,4.755,10000
2020-08-20 09:31:35.810,4.755,10000
2020-08-20 09:31:35.840,4.755,46300
2020-08-20 09:31:35.870,4.755,104200
2020-08-20 09:31:35.870,4.754,100
2020-08-20 09:31:35.870,4.754,100
2020-08-20 09:31:35.870,4.753,1800
2020-08-20 09:31:36.920,4.755,100
2020-08-20 09:31:37.120,4.755,600
2020-08-20 09:31:37.230,4.755,39300
2020-08-20 09:31:37.230,4.755,20000
2020-08-20 09:31:37.230,4.755,10000
2020-08-20 09:31:37.230,4.755,40000
2020-08-20 09:31:37.230,4.755,30000
2020-08-20 09:31:37.230,4.755,6000
2020-08-20 09:31:37.450,4.756,200
2020-08-20 09:31:37.450,4.756,14800
2020-08-20 09:31:37.450,4.755,169700
2020-08-20 09:31:37.450,4.755,2300
2020-08-20 09:31:37.450,4.754,128000
2020-08-20 09:31:40.610,4.755,100
2020-08-20 09:31:40.610,4.755,2000
2020-08-20 09:31:42.880,4.756,600
2020-08-20 09:31:43.100,4.757,600
2020-08-20 09:31:43.260,4.756,2200
2020-08-20 09:31:43.560,4.757,2400
2020-08-20 09:31:43.560,4.757,7600
2020-08-20 09:31:44.820,4.756,5000
2020-08-20 09:31:45.490,4.756,2200
2020-08-20 09:31:45.490,4.756,200
2020-08-20 09:31:45.490,4.756,100
2020-08-20 09:31:45.490,4.756,800
2020-08-20 09:31:45.490,4.756,1000
2020-08-20 09:31:45.490,4.756,200
2020-08-20 09:31:45.850,4.756,3000
2020-08-20 09:31:46.230,4.755,3800
2020-08-20 09:31:46.480,4.756,17000
2020-08-20 09:31:46.560,4.756,1200
2020-08-20 09:31:46.590,4.755,4000
2020-08-20 09:31:46.590,4.755,100
2020-08-20 09:31:46.590,4.755,1500
2020-08-20 09:31:46.590,4.755,1000
2020-08-20 09:31:47.390,4.755,900
2020-08-20 09:31:48.490,4.755,100
2020-08-20 09:31:48.490,4.755,2500
2020-08-20 09:31:48.490,4.755,1000
2020-08-20 09:31:48.490,4.755,5000
2020-08-20 09:31:48.490,4.755,3000
2020-08-20 09:31:48.490,4.755,10300
2020-08-20 09:31:48.490,4.755,100
2020-08-20 09:31:48.490,4.755,2100
2020-08-20 09:31:48.490,4.755,500
2020-08-20 09:31:48.490,4.755,2500
2020-08-20 09:31:48.490,4.755,1000
2020-08-20 09:31:48.490,4.755,20000
2020-08-20 09:31:48.490,4.755,51900
2020-08-20 09:31:48.740,4.756,500
2020-08-20 09:31:48.860,4.756,15400
2020-08-20 09:31:48.900,4.756,200
2020-08-20 09:31:48.930,4.756,100
2020-08-20 09:31:49.030,4.756,600
2020-08-20 09:31:49.320,4.756,500
2020-08-20 09:31:49.560,4.756,1200
2020-08-20 09:31:49.780,4.756,55800
2020-08-20 09:31:49.780,4.756,52000
2020-08-20 09:31:50.340,4.756,1100
2020-08-20 09:31:51.380,4.758,100
2020-08-20 09:31:51.380,4.759,700
2020-08-20 09:31:51.510,4.756,3600
2020-08-20 09:31:51.820,4.756,8000
2020-08-20 09:31:52.210,4.756,3000
2020-08-20 09:31:53.530,4.759,1000
2020-08-20 09:31:53.700,4.758,600
2020-08-20 09:31:53.700,4.757,600
2020-08-20 09:31:55.010,4.758,30000
2020-08-20 09:31:55.090,4.758,600
2020-08-20 09:31:56.370,4.758,11000
2020-08-20 09:31:56.950,4.758,1000
2020-08-20 09:31:57.180,4.758,5000
2020-08-20 09:31:57.370,4.757,20000
2020-08-20 09:31:58.180,4.758,2000
2020-08-20 09:31:58.740,4.758,400
2020-08-20 09:31:58.740,4.759,600
2020-08-20 09:32:01.040,4.759,100
2020-08-20 09:32:01.060,4.76,600
2020-08-20 09:32:01.260,4.759,1400
2020-08-20 09:32:01.260,4.759,2000
2020-08-20 09:32:01.260,4.759,3000
2020-08-20 09:32:01.830,4.759,12000
2020-08-20 09:32:01.830,4.759,4000
2020-08-20 09:32:03.470,4.76,100
2020-08-20 09:32:03.770,4.761,4500
2020-08-20 09:32:03.930,4.76,2100
2020-08-20 09:32:04.240,4.76,5000
2020-08-20 09:32:04.620,4.76,1000
2020-08-20 09:32:06.930,4.761,500
2020-08-20 09:32:06.930,4.763,500
2020-08-20 09:32:06.930,4.763,900
2020-08-20 09:32:06.930,4.763,100
2020-08-20 09:32:06.930,4.763,500
2020-08-20 09:32:06.930,4.763,400
2020-08-20 09:32:06.930,4.763,500
2020-08-20 09:32:07.030,4.763,800
2020-08-20 09:32:07.030,4.763,100
2020-08-20 09:32:07.060,4.763,600
2020-08-20 09:32:07.110,4.763,100
2020-08-20 09:32:07.110,4.763,600
2020-08-20 09:32:07.450,4.762,500
2020-08-20 09:32:07.450,4.762,100
2020-08-20 09:32:07.480,4.762,400
2020-08-20 09:32:07.770,4.761,3400
2020-08-20 09:32:07.900,4.761,200
2020-08-20 09:32:08.120,4.762,2000
2020-08-20 09:32:08.140,4.761,200
2020-08-20 09:32:08.650,4.761,100
2020-08-20 09:32:09.310,4.761,6100
2020-08-20 09:32:09.310,4.761,2000
2020-08-20 09:32:09.310,4.761,500
2020-08-20 09:32:09.310,4.761,100
2020-08-20 09:32:09.310,4.76,6300
2020-08-20 09:32:09.400,4.762,8200
2020-08-20 09:32:10.520,4.761,100
2020-08-20 09:32:11.490,4.761,900
2020-08-20 09:32:11.490,4.761,200
2020-08-20 09:32:11.490,4.761,100
2020-08-20 09:32:12.060,4.761,400
2020-08-20 09:32:12.060,4.761,3000
2020-08-20 09:32:12.060,4.761,1600
2020-08-20 09:32:12.550,4.761,900
2020-08-20 09:32:12.550,4.761,100
2020-08-20 09:32:12.550,4.761,2900
2020-08-20 09:32:12.550,4.761,100
2020-08-20 09:32:12.550,4.76,300
2020-08-20 09:32:12.550,4.76,1000
2020-08-20 09:32:12.550,4.76,500
2020-08-20 09:32:12.550,4.76,1200
2020-08-20 09:32:12.860,4.763,10000
2020-08-20 09:32:13.070,4.762,600
2020-08-20 09:32:13.150,4.761,200
2020-08-20 09:32:13.150,4.761,300
2020-08-20 09:32:13.150,4.761,3300
2020-08-20 09:32:13.150,4.76,8800
2020-08-20 09:32:13.560,4.762,10000
2020-08-20 09:32:13.560,4.761,5000
2020-08-20 09:32:13.560,4.761,300
2020-08-20 09:32:14.150,4.762,19400
2020-08-20 09:32:14.150,4.762,30000
2020-08-20 09:32:14.150,4.762,10600
2020-08-20 09:32:14.170,4.762,20300
2020-08-20 09:32:14.290,4.761,2700
2020-08-20 09:32:14.290,4.761,2300
2020-08-20 09:32:14.530,4.762,15000
2020-08-20 09:32:14.790,4.761,27700
2020-08-20 09:32:14.790,4.761,2300
2020-08-20 09:32:15.350,4.762,5000
2020-08-20 09:32:15.500,4.761,17700
2020-08-20 09:32:15.500,4.761,100
2020-08-20 09:32:15.500,4.761,20000
2020-08-20 09:32:15.500,4.76,13300
2020-08-20 09:32:15.500,4.76,200
2020-08-20 09:32:15.750,4.762,69900
2020-08-20 09:32:16.110,4.762,200
2020-08-20 09:32:16.140,4.76,5000
2020-08-20 09:32:16.200,4.76,20000
2020-08-20 09:32:16.200,4.762,600
2020-08-20 09:32:16.310,4.762,1000
2020-08-20 09:32:17.030,4.762,1100
2020-08-20 09:32:17.430,4.761,3900
2020-08-20 09:32:17.430,4.761,1000
2020-08-20 09:32:17.430,4.761,8100
2020-08-20 09:32:17.650,4.761,1500
2020-08-20 09:32:17.820,4.761,10000
2020-08-20 09:32:17.820,4.761,400
2020-08-20 09:32:17.820,4.761,3000
2020-08-20 09:32:17.900,4.761,2700
2020-08-20 09:32:17.980,4.761,1000
2020-08-20 09:32:18.190,4.761,3400
2020-08-20 09:32:18.470,4.761,2000
2020-08-20 09:32:18.650,4.761,1500
2020-08-20 09:32:18.760,4.761,100
2020-08-20 09:32:19.070,4.762,600
2020-08-20 09:32:19.180,4.76,300
2020-08-20 09:32:19.600,4.762,1200
2020-08-20 09:32:19.680,4.762,10200
2020-08-20 09:32:19.760,4.762,5000
2020-08-20 09:32:20.400,4.762,50000
2020-08-20 09:32:20.980,4.762,500
2020-08-20 09:32:21.500,4.761,100
2020-08-20 09:32:21.610,4.762,900
2020-08-20 09:32:21.710,4.762,2000
2020-08-20 09:32:22.120,4.761,100
2020-08-20 09:32:22.120,4.761,100
2020-08-20 09:32:22.120,4.761,300
2020-08-20 09:32:22.120,4.761,5000
2020-08-20 09:32:22.120,4.76,44300
2020-08-20 09:32:22.410,4.762,400
2020-08-20 09:32:22.440,4.762,5000
2020-08-20 09:32:22.630,4.762,100
2020-08-20 09:32:23.230,4.762,3000
2020-08-20 09:32:24.170,4.762,5000
2020-08-20 09:32:24.450,4.762,50000
2020-08-20 09:32:24.590,4.762,1200
2020-08-20 09:32:25.050,4.762,600
2020-08-20 09:32:25.770,4.762,100
2020-08-20 09:32:26.160,4.761,5000
2020-08-20 09:32:26.290,4.762,10000
2020-08-20 09:32:26.590,4.762,11500
2020-08-20 09:32:27.040,4.762,1000
2020-08-20 09:32:27.100,4.762,18000
2020-08-20 09:32:27.100,4.762,10000
2020-08-20 09:32:27.100,4.762,12000
2020-08-20 09:32:28.590,4.762,500
2020-08-20 09:32:28.640,4.762,87500
2020-08-20 09:32:28.640,4.762,1000
2020-08-20 09:32:28.640,4.762,3400
2020-08-20 09:32:28.640,4.763,8100
2020-08-20 09:32:28.950,4.763,4000
2020-08-20 09:32:29.230,4.763,15300
2020-08-20 09:32:29.450,4.763,100
2020-08-20 09:32:29.450,4.762,2500
2020-08-20 09:32:29.450,4.761,6000
2020-08-20 09:32:29.450,4.761,5000
2020-08-20 09:32:29.450,4.761,1000
2020-08-20 09:32:29.450,4.761,15500
2020-08-20 09:32:30.240,4.762,65300
2020-08-20 09:32:31.080,4.763,600
2020-08-20 09:32:32.290,4.763,9400
2020-08-20 09:32:32.800,4.762,32300
2020-08-20 09:32:33.230,4.762,400
2020-08-20 09:32:33.230,4.763,5000
2020-08-20 09:32:33.230,4.764,100
2020-08-20 09:32:33.230,4.764,500
2020-08-20 09:32:33.230,4.764,4400
2020-08-20 09:32:33.650,4.764,40000
2020-08-20 09:32:33.930,4.763,23100
2020-08-20 09:32:34.100,4.764,5600
2020-08-20 09:32:34.100,4.764,50000
2020-08-20 09:32:34.100,4.764,46200
2020-08-20 09:32:34.100,4.765,187500
2020-08-20 09:32:35.910,4.763,8900
2020-08-20 09:32:36.310,4.762,15000
2020-08-20 09:32:36.900,4.764,800
2020-08-20 09:32:37.100,4.764,600
2020-08-20 09:32:37.290,4.764,400
2020-08-20 09:32:38.040,4.764,200
2020-08-20 09:32:38.270,4.764,4300
2020-08-20 09:32:38.630,4.765,11900
2020-08-20 09:32:39.720,4.764,3300
2020-08-20 09:32:40.140,4.764,2200
2020-08-20 09:32:40.370,4.765,1600
2020-08-20 09:32:40.430,4.764,300
2020-08-20 09:32:40.690,4.765,315000
2020-08-20 09:32:40.740,4.765,2000
2020-08-20 09:32:41.040,4.764,100
2020-08-20 09:32:41.140,4.765,269300
2020-08-20 09:32:41.140,4.765,45700
2020-08-20 09:32:41.520,4.765,20000
2020-08-20 09:32:42.200,4.764,100
2020-08-20 09:32:42.570,4.765,80000
2020-08-20 09:32:42.690,4.765,2000
2020-08-20 09:32:43.960,4.764,6400
2020-08-20 09:32:44.070,4.765,600
2020-08-20 09:32:44.730,4.764,500
2020-08-20 09:32:44.750,4.764,400
2020-08-20 09:32:44.750,4.765,2300
2020-08-20 09:32:44.970,4.764,32200
2020-08-20 09:32:44.970,4.764,700
2020-08-20 09:32:44.970,4.764,5000
2020-08-20 09:32:44.970,4.764,2100
2020-08-20 09:32:45.060,4.765,200
2020-08-20 09:32:46.000,4.765,1300
2020-08-20 09:32:46.030,4.765,200
2020-08-20 09:32:46.030,4.765,200
2020-08-20 09:32:46.060,4.765,100
2020-08-20 09:32:46.250,4.765,500
2020-08-20 09:32:46.570,4.765,299700
2020-08-20 09:32:46.570,4.765,121900
2020-08-20 09:32:46.570,4.765,2500
2020-08-20 09:32:46.570,4.765,500
2020-08-20 09:32:46.570,4.765,4500
2020-08-20 09:32:46.570,4.765,170600
2020-08-20 09:32:46.730,4.765,1000
2020-08-20 09:32:46.840,4.765,2000
2020-08-20 09:32:47.030,4.765,111700
2020-08-20 09:32:47.030,4.765,2000
2020-08-20 09:32:47.060,4.765,1000
2020-08-20 09:32:47.390,4.765,25800
2020-08-20 09:32:49.000,4.766,5000
2020-08-20 09:32:49.080,4.766,1000
2020-08-20 09:32:49.080,4.766,5000
2020-08-20 09:32:49.080,4.766,400
2020-08-20 09:32:49.080,4.766,100
2020-08-20 09:32:49.080,4.766,6700
2020-08-20 09:32:49.110,4.766,600
2020-08-20 09:32:49.250,4.766,2700
2020-08-20 09:32:49.250,4.766,500
2020-08-20 09:32:49.250,4.766,2000
2020-08-20 09:32:49.750,4.767,800
2020-08-20 09:32:49.750,4.767,700
2020-08-20 09:32:51.000,4.767,18800
2020-08-20 09:32:51.000,4.767,2000
2020-08-20 09:32:51.000,4.767,700
2020-08-20 09:32:51.000,4.767,18500
2020-08-20 09:32:51.450,4.766,100
2020-08-20 09:32:51.910,4.767,10000
2020-08-20 09:32:52.070,4.766,400
2020-08-20 09:32:52.390,4.766,1000
2020-08-20 09:32:52.680,4.767,1200
2020-08-20 09:32:52.980,4.767,20300
2020-08-20 09:32:52.980,4.767,29700
2020-08-20 09:32:53.010,4.767,200
2020-08-20 09:32:53.840,4.767,16300
2020-08-20 09:32:54.470,4.767,5000
2020-08-20 09:32:54.670,4.767,1000
2020-08-20 09:32:54.750,4.767,100
2020-08-20 09:32:54.870,4.767,9000
2020-08-20 09:32:55.030,4.767,7200
2020-08-20 09:32:55.080,4.768,700
2020-08-20 09:32:55.260,4.768,1300
2020-08-20 09:32:55.260,4.768,3700
2020-08-20 09:32:55.860,4.767,5000
2020-08-20 09:32:55.990,4.768,1000
2020-08-20 09:32:56.070,4.767,56400
2020-08-20 09:32:56.070,4.767,500
2020-08-20 09:32:56.070,4.767,3000
2020-08-20 09:32:56.070,4.767,10000
2020-08-20 09:32:56.070,4.766,3300
2020-08-20 09:32:56.070,4.766,5000
2020-08-20 09:32:56.070,4.766,500
2020-08-20 09:32:56.070,4.766,4600
2020-08-20 09:32:56.070,4.766,300
2020-08-20 09:32:56.070,4.766,10000
2020-08-20 09:32:56.070,4.766,1500
2020-08-20 09:32:56.070,4.765,56100
2020-08-20 09:32:57.600,4.766,200
2020-08-20 09:32:57.600,4.766,24200
2020-08-20 09:32:57.600,4.765,10000
2020-08-20 09:32:57.600,4.765,12300
2020-08-20 09:32:57.600,4.765,10000
2020-08-20 09:32:57.600,4.765,500
2020-08-20 09:32:57.600,4.765,3000
2020-08-20 09:32:57.600,4.765,15000
2020-08-20 09:32:57.600,4.765,500
2020-08-20 09:32:57.600,4.765,300
2020-08-20 09:32:57.600,4.765,1000
2020-08-20 09:32:57.600,4.765,10000
2020-08-20 09:32:57.600,4.765,1500
2020-08-20 09:32:57.600,4.765,500
2020-08-20 09:32:57.600,4.765,1000
2020-08-20 09:32:57.600,4.765,300
2020-08-20 09:32:57.600,4.765,500
2020-08-20 09:32:57.600,4.765,100
2020-08-20 09:32:57.600,4.765,1100
2020-08-20 09:32:57.600,4.765,400
2020-08-20 09:32:57.600,4.765,1000
2020-08-20 09:32:57.600,4.765,46200
2020-08-20 09:32:57.600,4.765,9900
2020-08-20 09:32:57.600,4.765,5000
2020-08-20 09:32:57.600,4.765,1000
2020-08-20 09:32:57.600,4.765,1000
2020-08-20 09:32:57.600,4.765,500
2020-08-20 09:32:57.600,4.765,600
2020-08-20 09:32:57.600,4.764,17900
2020-08-20 09:32:57.600,4.764,200
2020-08-20 09:32:57.600,4.764,5000
2020-08-20 09:32:57.600,4.764,100
2020-08-20 09:32:57.600,4.764,5000
2020-08-20 09:32:57.600,4.764,100
2020-08-20 09:32:57.600,4.764,6000
2020-08-20 09:32:57.600,4.764,200
2020-08-20 09:32:57.600,4.764,4500
2020-08-20 09:32:58.770,4.767,200
2020-08-20 09:32:59.220,4.768,100
2020-08-20 09:32:59.610,4.767,2800
2020-08-20 09:32:59.610,4.767,3000
2020-08-20 09:32:59.610,4.767,1200
2020-08-20 09:32:59.830,4.768,2000
2020-08-20 09:33:00.590,4.767,600
2020-08-20 09:33:01.120,4.768,600
2020-08-20 09:33:01.660,4.767,7500
2020-08-20 09:33:01.660,4.766,1100
2020-08-20 09:33:01.660,4.766,3000
2020-08-20 09:33:01.660,4.766,1500
2020-08-20 09:33:01.660,4.766,26900
2020-08-20 09:33:01.730,4.768,1300
2020-08-20 09:33:01.730,4.768,6000
2020-08-20 09:33:01.940,4.768,3000
2020-08-20 09:33:03.190,4.768,2000
2020-08-20 09:33:03.220,4.768,1000
2020-08-20 09:33:03.510,4.768,800
2020-08-20 09:33:03.510,4.768,1300
2020-08-20 09:33:03.680,4.767,500
2020-08-20 09:33:04.050,4.767,600
2020-08-20 09:33:04.110,4.768,1200
2020-08-20 09:33:04.110,4.768,900
2020-08-20 09:33:04.430,4.768,1300
2020-08-20 09:33:04.430,4.768,700
2020-08-20 09:33:04.540,4.768,1500
2020-08-20 09:33:04.670,4.767,300
2020-08-20 09:33:04.810,4.767,1200
2020-08-20 09:33:04.910,4.767,4100
2020-08-20 09:33:04.910,4.767,1000
2020-08-20 09:33:04.910,4.767,500
2020-08-20 09:33:04.910,4.766,19300
2020-08-20 09:33:04.910,4.766,10000
2020-08-20 09:33:04.910,4.766,19100
2020-08-20 09:33:05.290,4.768,2000
2020-08-20 09:33:07.080,4.767,600
2020-08-20 09:33:07.110,4.767,800
2020-08-20 09:33:07.320,4.767,200
2020-08-20 09:33:07.520,4.766,30000
2020-08-20 09:33:07.710,4.766,150900
2020-08-20 09:33:07.710,4.766,5000
2020-08-20 09:33:07.710,4.766,500
2020-08-20 09:33:07.710,4.766,46200
2020-08-20 09:33:07.710,4.766,4000
2020-08-20 09:33:07.850,4.766,300
2020-08-20 09:33:08.100,4.766,2500
2020-08-20 09:33:08.510,4.766,100
2020-08-20 09:33:08.790,4.766,500
2020-08-20 09:33:09.070,4.766,400
2020-08-20 09:33:09.240,4.765,8000
2020-08-20 09:33:09.240,4.765,2000
2020-08-20 09:33:09.240,4.765,100000
2020-08-20 09:33:09.240,4.765,6000
2020-08-20 09:33:09.240,4.765,14500
2020-08-20 09:33:09.580,4.765,14200
2020-08-20 09:33:09.810,4.766,100
2020-08-20 09:33:09.870,4.766,2000
2020-08-20 09:33:10.400,4.766,100000
2020-08-20 09:33:10.500,4.766,10000
2020-08-20 09:33:10.610,4.765,8000
2020-08-20 09:33:11.580,4.765,100
2020-08-20 09:33:12.900,4.765,200
2020-08-20 09:33:12.900,4.765,1700
2020-08-20 09:33:12.900,4.766,3300
2020-08-20 09:33:13.150,4.766,600
2020-08-20 09:33:13.230,4.766,200
2020-08-20 09:33:14.150,4.764,500
2020-08-20 09:33:14.150,4.764,100
2020-08-20 09:33:14.150,4.764,500
2020-08-20 09:33:14.150,4.764,2000
2020-08-20 09:33:14.150,4.764,9900
2020-08-20 09:33:14.290,4.766,1000
2020-08-20 09:33:14.650,4.765,100
2020-08-20 09:33:14.650,4.766,900
2020-08-20 09:33:15.380,4.766,300
2020-08-20 09:33:16.750,4.766,10000
2020-08-20 09:33:17.130,4.765,200
2020-08-20 09:33:17.160,4.765,1000
2020-08-20 09:33:18.910,4.765,7000
2020-08-20 09:33:19.050,4.766,600
2020-08-20 09:33:19.450,4.766,10000
2020-08-20 09:33:19.450,4.765,13200
2020-08-20 09:33:19.450,4.765,1000
2020-08-20 09:33:19.450,4.765,100
2020-08-20 09:33:19.620,4.765,4000
2020-08-20 09:33:19.960,4.765,1700
2020-08-20 09:33:19.960,4.766,9400
2020-08-20 09:33:19.960,4.766,7900
2020-08-20 09:33:20.380,4.766,1000
2020-08-20 09:33:21.170,4.765,100
2020-08-20 09:33:21.170,4.764,100
2020-08-20 09:33:21.170,4.764,2200
2020-08-20 09:33:21.170,4.764,1000
2020-08-20 09:33:21.170,4.764,16300
2020-08-20 09:33:21.170,4.764,300
2020-08-20 09:33:21.190,4.766,5000
2020-08-20 09:33:21.450,4.766,200
2020-08-20 09:33:21.570,4.766,300
2020-08-20 09:33:21.800,4.765,200
2020-08-20 09:33:21.820,4.766,2000
2020-08-20 09:33:22.250,4.766,1000
2020-08-20 09:33:22.680,4.765,100
2020-08-20 09:33:22.850,4.766,500
2020-08-20 09:33:23.040,4.766,500
2020-08-20 09:33:23.090,4.765,300
2020-08-20 09:33:23.230,4.765,1100
2020-08-20 09:33:23.640,4.765,8400
2020-08-20 09:33:23.810,4.765,100
2020-08-20 09:33:23.810,4.765,1700
2020-08-20 09:33:23.810,4.765,38200
2020-08-20 09:33:24.070,4.765,6200
2020-08-20 09:33:24.270,4.766,3000
2020-08-20 09:33:24.380,4.765,100
2020-08-20 09:33:24.520,4.766,2000
2020-08-20 09:33:24.740,4.766,2000
2020-08-20 09:33:24.870,4.766,500
2020-08-20 09:33:25.080,4.766,100
2020-08-20 09:33:25.140,4.766,600
2020-08-20 09:33:25.600,4.766,1200
2020-08-20 09:33:26.290,4.765,1600
2020-08-20 09:33:26.610,4.766,600
2020-08-20 09:33:26.610,4.766,100
2020-08-20 09:33:26.900,4.765,23900
2020-08-20 09:33:26.900,4.765,10000
2020-08-20 09:33:26.900,4.765,200
2020-08-20 09:33:26.900,4.765,1800
2020-08-20 09:33:27.010,4.766,500
2020-08-20 09:33:27.010,4.766,900
2020-08-20 09:33:27.010,4.766,1600
2020-08-20 09:33:27.310,4.766,100
2020-08-20 09:33:27.530,4.765,1200
2020-08-20 09:33:27.530,4.765,500
2020-08-20 09:33:28.410,4.765,500
2020-08-20 09:33:28.520,4.765,1000
2020-08-20 09:33:28.570,4.765,200
2020-08-20 09:33:28.680,4.765,1000
2020-08-20 09:33:28.680,4.765,19000
2020-08-20 09:33:28.810,4.765,4000
2020-08-20 09:33:28.810,4.765,100
2020-08-20 09:33:29.660,4.765,10000
2020-08-20 09:33:30.420,4.765,100
2020-08-20 09:33:30.650,4.765,300
2020-08-20 09:33:30.740,4.764,700
2020-08-20 09:33:30.740,4.764,900
2020-08-20 09:33:30.920,4.765,500
2020-08-20 09:33:31.120,4.765,2100
2020-08-20 09:33:31.120,4.765,600
2020-08-20 09:33:31.170,4.765,100
2020-08-20 09:33:31.490,4.765,500
2020-08-20 09:33:33.070,4.765,2200
2020-08-20 09:33:33.470,4.765,2300
2020-08-20 09:33:33.540,4.765,300
2020-08-20 09:33:34.080,4.765,500
2020-08-20 09:33:34.160,4.765,13100
2020-08-20 09:33:34.160,4.765,3000
2020-08-20 09:33:34.160,4.765,1300
2020-08-20 09:33:34.160,4.765,10000
2020-08-20 09:33:34.160,4.765,100
2020-08-20 09:33:34.160,4.765,3400
2020-08-20 09:33:34.220,4.765,300
2020-08-20 09:33:34.570,4.765,1100
2020-08-20 09:33:35.050,4.766,100
2020-08-20 09:33:35.850,4.765,900
2020-08-20 09:33:35.850,4.765,79100
2020-08-20 09:33:35.850,4.765,30000
2020-08-20 09:33:36.420,4.766,300
2020-08-20 09:33:36.710,4.765,500
2020-08-20 09:33:37.250,4.765,10400
2020-08-20 09:33:37.250,4.765,1100
2020-08-20 09:33:37.250,4.765,900
2020-08-20 09:33:37.250,4.765,2500
2020-08-20 09:33:37.630,4.765,200
2020-08-20 09:33:37.800,4.764,100
2020-08-20 09:33:37.800,4.764,5800
2020-08-20 09:33:37.800,4.764,2100
2020-08-20 09:33:38.580,4.765,300
2020-08-20 09:33:38.720,4.765,2000
2020-08-20 09:33:39.020,4.765,4000
2020-08-20 09:33:40.030,4.765,500
2020-08-20 09:33:40.110,4.765,1500
2020-08-20 09:33:40.280,4.765,200
2020-08-20 09:33:41.190,4.765,1000
2020-08-20 09:33:42.030,4.765,500
2020-08-20 09:33:42.240,4.765,10700
2020-08-20 09:33:42.240,4.765,35900
2020-08-20 09:33:42.240,4.765,300
2020-08-20 09:33:42.240,4.765,13000
2020-08-20 09:33:42.910,4.765,6000
2020-08-20 09:33:43.110,4.765,400
2020-08-20 09:33:43.140,4.766,100
2020-08-20 09:33:44.180,4.766,1000
2020-08-20 09:33:44.370,4.765,100
2020-08-20 09:33:44.470,4.765,4600
2020-08-20 09:33:44.960,4.765,200
2020-08-20 09:33:44.960,4.764,2900
2020-08-20 09:33:44.960,4.764,2500
2020-08-20 09:33:44.960,4.764,100000
2020-08-20 09:33:44.960,4.764,100
2020-08-20 09:33:44.960,4.764,2000
2020-08-20 09:33:44.960,4.764,1000
2020-08-20 09:33:44.960,4.764,300
2020-08-20 09:33:44.960,4.764,200
2020-08-20 09:33:44.960,4.764,800
2020-08-20 09:33:44.960,4.764,5200
2020-08-20 09:33:44.960,4.764,5000
2020-08-20 09:33:44.960,4.764,100
2020-08-20 09:33:44.960,4.764,200
2020-08-20 09:33:44.960,4.764,4900
2020-08-20 09:33:44.960,4.764,5000
2020-08-20 09:33:45.230,4.764,2000
2020-08-20 09:33:45.320,4.764,1000
2020-08-20 09:33:45.370,4.764,5200
2020-08-20 09:33:45.370,4.765,14800
2020-08-20 09:33:45.740,4.764,500
2020-08-20 09:33:45.900,4.764,1500
2020-08-20 09:33:45.900,4.765,500
2020-08-20 09:33:46.490,4.765,3000
2020-08-20 09:33:49.260,4.765,2000
2020-08-20 09:33:49.420,4.765,500
2020-08-20 09:33:49.670,4.764,100
2020-08-20 09:33:50.410,4.764,1000
2020-08-20 09:33:50.540,4.764,200
2020-08-20 09:33:51.100,4.764,100
2020-08-20 09:33:51.160,4.764,200
2020-08-20 09:33:51.360,4.764,600
2020-08-20 09:33:51.430,4.764,100
2020-08-20 09:33:52.870,4.764,44700
2020-08-20 09:33:52.870,4.764,100
2020-08-20 09:33:53.650,4.764,5200
2020-08-20 09:33:53.650,4.763,100
2020-08-20 09:33:53.650,4.763,5000
2020-08-20 09:33:53.650,4.763,1000
2020-08-20 09:33:53.650,4.763,6600
2020-08-20 09:33:54.000,4.765,9200
2020-08-20 09:33:54.000,4.765,6900
2020-08-20 09:33:54.570,4.765,6900
2020-08-20 09:33:55.030,4.765,6200
2020-08-20 09:33:55.030,4.765,100
2020-08-20 09:33:55.030,4.765,4200
2020-08-20 09:33:56.110,4.764,500
2020-08-20 09:33:57.530,4.765,2000
2020-08-20 09:33:58.470,4.765,1400
2020-08-20 09:33:58.470,4.765,9000
2020-08-20 09:33:58.470,4.765,1600
2020-08-20 09:33:59.340,4.764,100
2020-08-20 09:33:59.340,4.764,1000
2020-08-20 09:34:00.010,4.764,10000
2020-08-20 09:34:00.480,4.765,100
2020-08-20 09:34:00.890,4.765,200
2020-08-20 09:34:00.920,4.765,500
2020-08-20 09:34:04.190,4.765,3000
2020-08-20 09:34:04.790,4.765,100
2020-08-20 09:34:05.170,4.765,1200
2020-08-20 09:34:05.170,4.765,300
2020-08-20 09:34:05.170,4.765,1500
2020-08-20 09:34:05.170,4.765,4800
2020-08-20 09:34:05.170,4.765,2300
2020-08-20 09:34:05.170,4.765,20000
2020-08-20 09:34:05.170,4.765,9300
2020-08-20 09:34:05.170,4.766,8200
2020-08-20 09:34:05.170,4.766,2400
2020-08-20 09:34:05.170,4.766,500
2020-08-20 09:34:05.170,4.766,1300
2020-08-20 09:34:05.170,4.766,1000
2020-08-20 09:34:05.170,4.766,10000
2020-08-20 09:34:05.170,4.766,57200
2020-08-20 09:34:05.570,4.765,600
2020-08-20 09:34:05.570,4.765,2100
2020-08-20 09:34:05.670,4.764,90400
2020-08-20 09:34:05.670,4.764,5000
2020-08-20 09:34:05.670,4.764,100
2020-08-20 09:34:05.670,4.764,5000
2020-08-20 09:34:05.670,4.764,200
2020-08-20 09:34:05.670,4.764,1500
2020-08-20 09:34:05.670,4.764,5000
2020-08-20 09:34:05.670,4.764,800
2020-08-20 09:34:05.670,4.764,300
2020-08-20 09:34:05.670,4.764,7400
2020-08-20 09:34:05.670,4.764,4000
2020-08-20 09:34:05.670,4.764,1000
2020-08-20 09:34:05.670,4.764,1500
2020-08-20 09:34:05.670,4.764,100
2020-08-20 09:34:05.870,4.764,1000
2020-08-20 09:34:07.700,4.764,600
2020-08-20 09:34:07.890,4.764,200
2020-08-20 09:34:07.890,4.764,10000
2020-08-20 09:34:08.080,4.764,1900
2020-08-20 09:34:08.480,4.764,100
2020-08-20 09:34:10.100,4.763,3000
2020-08-20 09:34:10.160,4.764,100
2020-08-20 09:34:11.210,4.764,2400
2020-08-20 09:34:11.210,4.764,1100
2020-08-20 09:34:11.960,4.764,700
2020-08-20 09:34:11.960,4.764,100
2020-08-20 09:34:11.960,4.764,400
2020-08-20 09:34:11.960,4.764,800
2020-08-20 09:34:12.160,4.764,9200
2020-08-20 09:34:12.250,4.765,300
2020-08-20 09:34:13.360,4.765,1000
2020-08-20 09:34:13.360,4.765,3700
2020-08-20 09:34:13.360,4.765,1000
2020-08-20 09:34:13.360,4.765,10000
2020-08-20 09:34:13.360,4.765,46200
2020-08-20 09:34:13.360,4.765,11600
2020-08-20 09:34:15.150,4.765,100
2020-08-20 09:34:17.040,4.765,100
2020-08-20 09:34:18.110,4.766,100
2020-08-20 09:34:18.140,4.765,100
2020-08-20 09:34:18.750,4.765,500
2020-08-20 09:34:19.290,4.765,80000
2020-08-20 09:34:19.850,4.765,8000
2020-08-20 09:34:20.330,4.765,7000
2020-08-20 09:34:20.580,4.765,1000
2020-08-20 09:34:20.580,4.765,500
2020-08-20 09:34:20.580,4.765,2000
2020-08-20 09:34:20.580,4.765,500
2020-08-20 09:34:20.580,4.764,2000
2020-08-20 09:34:20.580,4.764,6000
2020-08-20 09:34:20.580,4.764,100
2020-08-20 09:34:20.580,4.764,1000
2020-08-20 09:34:20.580,4.764,46200
2020-08-20 09:34:20.580,4.764,2500
2020-08-20 09:34:21.160,4.764,5000
2020-08-20 09:34:21.770,4.764,700
2020-08-20 09:34:21.970,4.764,1000
2020-08-20 09:34:22.580,4.764,1300
2020-08-20 09:34:23.070,4.764,230200
2020-08-20 09:34:23.070,4.764,100
2020-08-20 09:34:23.070,4.765,50000
2020-08-20 09:34:23.070,4.765,300100
2020-08-20 09:34:23.070,4.765,5000
2020-08-20 09:34:23.070,4.766,58500
2020-08-20 09:34:23.070,4.766,2400
2020-08-20 09:34:23.070,4.766,5000
2020-08-20 09:34:23.070,4.766,10000
2020-08-20 09:34:23.070,4.766,600
2020-08-20 09:34:23.070,4.766,9800
2020-08-20 09:34:23.070,4.766,30000
2020-08-20 09:34:23.070,4.766,700
2020-08-20 09:34:23.070,4.766,3000
2020-08-20 09:34:23.070,4.766,26300
2020-08-20 09:34:23.300,4.765,10000
2020-08-20 09:34:23.730,4.765,20000
2020-08-20 09:34:23.860,4.765,10000
2020-08-20 09:34:24.650,4.765,1000
2020-08-20 09:34:24.740,4.765,6300
2020-08-20 09:34:25.220,4.765,7600
2020-08-20 09:34:25.450,4.765,21300
2020-08-20 09:34:25.450,4.765,8700
2020-08-20 09:34:25.520,4.764,7900
2020-08-20 09:34:25.520,4.764,100
2020-08-20 09:34:25.520,4.764,2000
2020-08-20 09:34:25.730,4.764,4300
2020-08-20 09:34:25.810,4.764,310700
2020-08-20 09:34:25.810,4.764,3000
2020-08-20 09:34:25.950,4.765,45100
2020-08-20 09:34:26.170,4.765,300
2020-08-20 09:34:26.790,4.764,60000
2020-08-20 09:34:26.840,4.764,30000
2020-08-20 09:34:26.840,4.764,80000
2020-08-20 09:34:26.840,4.764,10000
2020-08-20 09:34:26.840,4.764,20000
2020-08-20 09:34:27.090,4.764,300100
2020-08-20 09:34:27.400,4.764,20000
2020-08-20 09:34:27.450,4.764,500
2020-08-20 09:34:27.450,4.763,4500
2020-08-20 09:34:28.130,4.764,5000
2020-08-20 09:34:28.350,4.764,700
2020-08-20 09:34:28.790,4.764,2000
2020-08-20 09:34:28.890,4.764,200
2020-08-20 09:34:28.890,4.763,25900
2020-08-20 09:34:28.890,4.763,3000
2020-08-20 09:34:28.890,4.763,100
2020-08-20 09:34:28.890,4.763,1000
2020-08-20 09:34:28.890,4.764,100
2020-08-20 09:34:29.100,4.764,3000
2020-08-20 09:34:29.750,4.763,1000
2020-08-20 09:34:29.750,4.763,200
2020-08-20 09:34:29.750,4.763,11000
2020-08-20 09:34:29.750,4.763,100
2020-08-20 09:34:29.750,4.763,2100
2020-08-20 09:34:29.750,4.763,2000
2020-08-20 09:34:29.750,4.763,3600
2020-08-20 09:34:29.750,4.763,46400
2020-08-20 09:34:29.750,4.763,5000
2020-08-20 09:34:29.750,4.763,1300
2020-08-20 09:34:29.750,4.763,10000
2020-08-20 09:34:29.750,4.763,3700
2020-08-20 09:34:29.820,4.763,200
2020-08-20 09:34:29.850,4.763,46200
2020-08-20 09:34:29.870,4.762,10000
2020-08-20 09:34:30.100,4.763,10000
2020-08-20 09:34:30.410,4.763,100
2020-08-20 09:34:31.280,4.763,4200
2020-08-20 09:34:31.490,4.763,200
2020-08-20 09:34:31.650,4.763,100
2020-08-20 09:34:32.050,4.763,100000
2020-08-20 09:34:32.130,4.763,500
2020-08-20 09:34:32.270,4.762,24600
2020-08-20 09:34:32.270,4.762,600
2020-08-20 09:34:32.270,4.762,1000
2020-08-20 09:34:32.270,4.762,2000
2020-08-20 09:34:32.270,4.762,400
2020-08-20 09:34:32.270,4.762,1400
2020-08-20 09:34:32.870,4.762,30000
2020-08-20 09:34:32.920,4.762,8600
2020-08-20 09:34:32.920,4.762,1400
2020-08-20 09:34:32.920,4.762,100
2020-08-20 09:34:32.920,4.762,1000
2020-08-20 09:34:32.920,4.762,100
2020-08-20 09:34:32.920,4.762,400
2020-08-20 09:34:32.920,4.762,18400
2020-08-20 09:34:32.920,4.762,20100
2020-08-20 09:34:32.920,4.762,52200
2020-08-20 09:34:32.920,4.762,2000
2020-08-20 09:34:32.920,4.762,100
2020-08-20 09:34:32.920,4.762,500
2020-08-20 09:34:32.920,4.762,4000
2020-08-20 09:34:32.920,4.762,500
2020-08-20 09:34:32.920,4.762,600
2020-08-20 09:34:33.050,4.762,400
2020-08-20 09:34:33.050,4.762,300
2020-08-20 09:34:33.320,4.761,1000
2020-08-20 09:34:33.320,4.761,600
2020-08-20 09:34:33.320,4.761,100
2020-08-20 09:34:33.320,4.761,11600
2020-08-20 09:34:33.320,4.761,16700
2020-08-20 09:34:33.400,4.762,200
2020-08-20 09:34:33.600,4.762,1100
2020-08-20 09:34:34.180,4.761,5700
2020-08-20 09:34:34.180,4.761,5000
2020-08-20 09:34:34.180,4.761,2000
2020-08-20 09:34:34.180,4.761,1000
2020-08-20 09:34:34.180,4.761,9900
2020-08-20 09:34:34.210,4.762,800
2020-08-20 09:34:34.680,4.762,6600
2020-08-20 09:34:34.850,4.762,3400
2020-08-20 09:34:35.010,4.762,1000
2020-08-20 09:34:35.040,4.761,12100
2020-08-20 09:34:35.040,4.761,20000
2020-08-20 09:34:35.040,4.761,2000
2020-08-20 09:34:35.040,4.761,100
2020-08-20 09:34:35.040,4.761,60000
2020-08-20 09:34:35.040,4.761,5000
2020-08-20 09:34:35.340,4.761,19800
2020-08-20 09:34:35.400,4.761,100000
2020-08-20 09:34:35.880,4.761,500
2020-08-20 09:34:36.020,4.76,500
2020-08-20 09:34:36.020,4.76,1000
2020-08-20 09:34:36.020,4.76,200
2020-08-20 09:34:36.020,4.76,200
2020-08-20 09:34:36.020,4.76,5000
2020-08-20 09:34:36.020,4.76,100
2020-08-20 09:34:36.020,4.76,300
2020-08-20 09:34:36.020,4.76,100
2020-08-20 09:34:36.020,4.76,20000
2020-08-20 09:34:36.020,4.76,1400
2020-08-20 09:34:36.020,4.76,5000
2020-08-20 09:34:36.020,4.76,2000
2020-08-20 09:34:36.020,4.76,1100
2020-08-20 09:34:36.020,4.76,1000
2020-08-20 09:34:36.020,4.76,10000
2020-08-20 09:34:36.020,4.76,200
2020-08-20 09:34:36.020,4.76,3000
2020-08-20 09:34:36.020,4.76,2000
2020-08-20 09:34:36.020,4.76,2100
2020-08-20 09:34:36.020,4.76,200
2020-08-20 09:34:36.020,4.76,2000
2020-08-20 09:34:36.020,4.76,1000
2020-08-20 09:34:36.020,4.76,100
2020-08-20 09:34:36.020,4.76,200
2020-08-20 09:34:36.020,4.76,200
2020-08-20 09:34:36.020,4.76,500
2020-08-20 09:34:36.020,4.76,20600
2020-08-20 09:34:36.310,4.761,1100
2020-08-20 09:34:37.450,4.761,4500
2020-08-20 09:34:37.900,4.761,5000
2020-08-20 09:34:38.420,4.761,3500
2020-08-20 09:34:38.830,4.76,29400
2020-08-20 09:34:38.830,4.76,600
2020-08-20 09:34:38.830,4.76,20000
2020-08-20 09:34:38.830,4.76,10000
2020-08-20 09:34:38.830,4.761,2000
2020-08-20 09:34:39.560,4.761,3000
2020-08-20 09:34:39.890,4.761,500
2020-08-20 09:34:40.100,4.76,15700
2020-08-20 09:34:40.100,4.76,500
2020-08-20 09:34:40.120,4.76,2000
2020-08-20 09:34:40.840,4.761,300
2020-08-20 09:34:41.620,4.761,1000
2020-08-20 09:34:42.340,4.761,1000
2020-08-20 09:34:42.960,4.761,400
2020-08-20 09:34:43.030,4.76,500
2020-08-20 09:34:43.480,4.76,6000
2020-08-20 09:34:44.210,4.76,200
2020-08-20 09:34:44.820,4.76,1000
2020-08-20 09:34:44.910,4.76,2000
2020-08-20 09:34:45.410,4.76,1500
2020-08-20 09:34:45.930,4.76,300
2020-08-20 09:34:46.390,4.76,200
2020-08-20 09:34:46.410,4.76,25500
2020-08-20 09:34:46.410,4.76,4500
2020-08-20 09:34:46.960,4.76,2500
2020-08-20 09:34:47.830,4.76,400
2020-08-20 09:34:48.080,4.76,12600
2020-08-20 09:34:48.080,4.76,3000
2020-08-20 09:34:48.080,4.76,5400
2020-08-20 09:34:48.670,4.76,100
2020-08-20 09:34:48.780,4.76,700
2020-08-20 09:34:49.300,4.76,100
2020-08-20 09:34:49.570,4.759,200
2020-08-20 09:34:49.570,4.759,800
2020-08-20 09:34:49.730,4.76,3700
2020-08-20 09:34:49.730,4.76,2300
2020-08-20 09:34:49.780,4.759,1200
2020-08-20 09:34:49.780,4.759,1000
2020-08-20 09:34:49.910,4.76,1700
2020-08-20 09:34:49.910,4.76,2000
2020-08-20 09:34:50.250,4.76,600
2020-08-20 09:34:51.470,4.761,3000
2020-08-20 09:34:52.270,4.761,10000
2020-08-20 09:34:52.320,4.76,5700
2020-08-20 09:34:52.320,4.76,200
2020-08-20 09:34:52.320,4.76,400
2020-08-20 09:34:52.320,4.76,300
2020-08-20 09:34:52.320,4.759,3400
2020-08-20 09:34:54.610,4.76,2000
2020-08-20 09:34:54.610,4.76,100
2020-08-20 09:34:54.610,4.759,700
2020-08-20 09:34:54.610,4.759,700
2020-08-20 09:34:54.610,4.759,6500
2020-08-20 09:34:55.100,4.76,3900
2020-08-20 09:34:55.380,4.761,3000
2020-08-20 09:34:55.690,4.761,1000
2020-08-20 09:34:56.240,4.76,1800
2020-08-20 09:34:56.240,4.76,100
2020-08-20 09:34:56.240,4.76,4200
2020-08-20 09:34:56.240,4.76,500
2020-08-20 09:34:56.240,4.759,13500
2020-08-20 09:34:56.240,4.759,5000
2020-08-20 09:34:56.240,4.759,1600
2020-08-20 09:34:56.240,4.759,21400
2020-08-20 09:34:56.620,4.759,2600
2020-08-20 09:34:56.670,4.761,4200
2020-08-20 09:34:56.930,4.761,300
2020-08-20 09:34:57.660,4.761,200
2020-08-20 09:34:58.060,4.76,500
2020-08-20 09:34:58.060,4.759,36000
2020-08-20 09:34:58.060,4.759,1000
2020-08-20 09:34:58.460,4.759,2000
2020-08-20 09:34:58.820,4.759,2000
2020-08-20 09:34:58.990,4.759,60000
2020-08-20 09:34:59.050,4.759,100
2020-08-20 09:34:59.100,4.759,2000
2020-08-20 09:34:59.160,4.759,800
2020-08-20 09:35:00.040,4.759,60000
2020-08-20 09:35:00.040,4.759,100
2020-08-20 09:35:00.070,4.758,800
2020-08-20 09:35:00.100,4.759,100
2020-08-20 09:35:00.540,4.758,200
2020-08-20 09:35:00.540,4.758,3800
2020-08-20 09:35:00.540,4.758,1100
2020-08-20 09:35:00.540,4.758,200
2020-08-20 09:35:00.540,4.758,2000
2020-08-20 09:35:00.540,4.758,2000
2020-08-20 09:35:00.540,4.758,200
2020-08-20 09:35:00.540,4.758,300
2020-08-20 09:35:00.540,4.758,2200
2020-08-20 09:35:00.590,4.759,200
2020-08-20 09:35:01.420,4.759,5000
2020-08-20 09:35:01.570,4.759,1500
2020-08-20 09:35:02.130,4.759,100
2020-08-20 09:35:02.570,4.759,500
2020-08-20 09:35:02.660,4.759,30000
2020-08-20 09:35:02.680,4.759,5000
2020-08-20 09:35:02.760,4.759,5000
2020-08-20 09:35:02.760,4.759,300
2020-08-20 09:35:03.460,4.759,200
2020-08-20 09:35:03.540,4.759,100
2020-08-20 09:35:03.830,4.759,4700
2020-08-20 09:35:03.970,4.758,1100
2020-08-20 09:35:04.090,4.759,10000
2020-08-20 09:35:04.440,4.759,10000
2020-08-20 09:35:04.770,4.759,500
2020-08-20 09:35:04.800,4.759,302700
2020-08-20 09:35:04.800,4.759,12700
2020-08-20 09:35:04.800,4.759,5000
2020-08-20 09:35:04.800,4.759,16100
2020-08-20 09:35:04.940,4.76,200
2020-08-20 09:35:05.090,4.76,200
2020-08-20 09:35:05.320,4.76,200
2020-08-20 09:35:05.430,4.759,20000
2020-08-20 09:35:05.800,4.759,543500
2020-08-20 09:35:07.530,4.759,1500
2020-08-20 09:35:08.080,4.759,1000
2020-08-20 09:35:08.580,4.759,500
2020-08-20 09:35:08.840,4.758,1700
2020-08-20 09:35:08.840,4.758,2000
2020-08-20 09:35:08.840,4.758,1000
2020-08-20 09:35:08.840,4.758,1500
2020-08-20 09:35:08.840,4.758,800
2020-08-20 09:35:08.840,4.758,3000
2020-08-20 09:35:09.490,4.759,3000
2020-08-20 09:35:09.740,4.758,400
2020-08-20 09:35:09.960,4.758,6600
2020-08-20 09:35:09.960,4.758,100
2020-08-20 09:35:09.960,4.758,30000
2020-08-20 09:35:09.960,4.758,23800
2020-08-20 09:35:09.960,4.758,235800
2020-08-20 09:35:10.240,4.758,300000
2020-08-20 09:35:10.320,4.759,5300
2020-08-20 09:35:10.720,4.759,100
2020-08-20 09:35:10.980,4.759,100
2020-08-20 09:35:10.980,4.759,5000
2020-08-20 09:35:11.240,4.759,2000
2020-08-20 09:35:11.320,4.758,2000
2020-08-20 09:35:11.350,4.759,200
2020-08-20 09:35:11.480,4.759,1000
2020-08-20 09:35:11.970,4.759,24000
2020-08-20 09:35:12.030,4.758,60000
2020-08-20 09:35:12.520,4.758,5200
2020-08-20 09:35:12.570,4.759,14500
2020-08-20 09:35:12.570,4.759,1000
2020-08-20 09:35:13.060,4.759,400
2020-08-20 09:35:13.170,4.758,297000
2020-08-20 09:35:13.170,4.758,60000
2020-08-20 09:35:13.170,4.758,543000
2020-08-20 09:35:13.290,4.758,20000
2020-08-20 09:35:13.690,4.758,300000
2020-08-20 09:35:13.770,4.759,22000
2020-08-20 09:35:14.000,4.758,200
2020-08-20 09:35:14.020,4.758,36500
2020-08-20 09:35:14.130,4.758,300
2020-08-20 09:35:14.130,4.758,1000
2020-08-20 09:35:14.130,4.758,5000
2020-08-20 09:35:14.420,4.758,100
2020-08-20 09:35:14.600,4.758,500
2020-08-20 09:35:14.790,4.757,100
2020-08-20 09:35:14.790,4.757,2000
2020-08-20 09:35:14.790,4.757,200
2020-08-20 09:35:14.790,4.757,2000
2020-08-20 09:35:14.790,4.757,1500
2020-08-20 09:35:14.790,4.757,3000
2020-08-20 09:35:14.790,4.757,5000
2020-08-20 09:35:14.790,4.757,66200
2020-08-20 09:35:14.810,4.757,20000
2020-08-20 09:35:14.810,4.757,10000
2020-08-20 09:35:14.810,4.757,20000
2020-08-20 09:35:14.840,4.757,100000
2020-08-20 09:35:14.990,4.757,30000
2020-08-20 09:35:15.920,4.758,300
2020-08-20 09:35:16.120,4.758,10000
2020-08-20 09:35:16.150,4.757,30000
2020-08-20 09:35:16.620,4.758,500
2020-08-20 09:35:16.620,4.757,3800
2020-08-20 09:35:16.880,4.758,2000
2020-08-20 09:35:16.990,4.757,30000
2020-08-20 09:35:17.440,4.757,100
2020-08-20 09:35:17.710,4.757,30000
2020-08-20 09:35:17.790,4.757,30000
2020-08-20 09:35:17.840,4.757,30000
2020-08-20 09:35:17.840,4.757,20000
2020-08-20 09:35:17.980,4.758,3000
2020-08-20 09:35:18.990,4.757,300100
2020-08-20 09:35:19.280,4.757,166800
2020-08-20 09:35:19.560,4.757,13000
2020-08-20 09:35:19.560,4.757,10000
2020-08-20 09:35:19.560,4.757,500
2020-08-20 09:35:19.560,4.757,6500
2020-08-20 09:35:19.640,4.758,100
2020-08-20 09:35:19.830,4.758,900
2020-08-20 09:35:20.320,4.758,2200
2020-08-20 09:35:20.440,4.757,30000
2020-08-20 09:35:20.440,4.757,30000
2020-08-20 09:35:20.610,4.757,26400
2020-08-20 09:35:20.850,4.757,100000
2020-08-20 09:35:20.850,4.757,80000
2020-08-20 09:35:20.850,4.757,100000
2020-08-20 09:35:20.850,4.757,100000
2020-08-20 09:35:20.850,4.757,100000
2020-08-20 09:35:20.850,4.757,80000
2020-08-20 09:35:20.850,4.757,20000
2020-08-20 09:35:20.850,4.757,60000
2020-08-20 09:35:21.340,4.758,4100
2020-08-20 09:35:21.340,4.758,10000
2020-08-20 09:35:21.340,4.758,10000
2020-08-20 09:35:21.340,4.758,3900
2020-08-20 09:35:21.340,4.758,1800
2020-08-20 09:35:21.340,4.758,300000
2020-08-20 09:35:21.340,4.758,800
2020-08-20 09:35:21.340,4.758,4000
2020-08-20 09:35:21.340,4.758,35800
2020-08-20 09:35:21.340,4.758,300000
2020-08-20 09:35:21.340,4.758,1000
2020-08-20 09:35:21.340,4.758,5000
2020-08-20 09:35:21.340,4.758,50000
2020-08-20 09:35:21.340,4.758,200
2020-08-20 09:35:21.340,4.758,11300
2020-08-20 09:35:21.340,4.758,90600
2020-08-20 09:35:21.340,4.758,71500
2020-08-20 09:35:21.450,4.757,20700
2020-08-20 09:35:21.510,4.757,20000
2020-08-20 09:35:21.510,4.757,20000
2020-08-20 09:35:21.560,4.757,30000
2020-08-20 09:35:22.170,4.757,76400
2020-08-20 09:35:22.170,4.757,100
2020-08-20 09:35:22.170,4.756,500
2020-08-20 09:35:22.170,4.756,3000
2020-08-20 09:35:22.430,4.757,3000
2020-08-20 09:35:23.060,4.757,800
2020-08-20 09:35:23.440,4.757,400
2020-08-20 09:35:23.800,4.756,12200
2020-08-20 09:35:23.800,4.756,1000
2020-08-20 09:35:23.800,4.756,6800
2020-08-20 09:35:23.800,4.756,3200
2020-08-20 09:35:23.800,4.756,1000
2020-08-20 09:35:23.800,4.756,2300
2020-08-20 09:35:23.800,4.756,3500
2020-08-20 09:35:24.200,4.756,3900
2020-08-20 09:35:24.200,4.756,2000
2020-08-20 09:35:24.200,4.756,100
2020-08-20 09:35:24.200,4.756,600
2020-08-20 09:35:24.200,4.756,1000
2020-08-20 09:35:24.200,4.756,100
2020-08-20 09:35:24.410,4.756,30000
2020-08-20 09:35:24.910,4.756,20000
2020-08-20 09:35:25.340,4.757,500
2020-08-20 09:35:25.420,4.757,100
2020-08-20 09:35:25.420,4.756,20000
2020-08-20 09:35:25.950,4.757,200
2020-08-20 09:35:25.950,4.757,300
2020-08-20 09:35:25.950,4.756,27300
2020-08-20 09:35:26.800,4.756,90000
2020-08-20 09:35:26.850,4.756,30000
2020-08-20 09:35:26.850,4.756,40000
2020-08-20 09:35:26.850,4.756,100000
2020-08-20 09:35:26.850,4.756,10000
2020-08-20 09:35:26.850,4.756,60000
2020-08-20 09:35:26.850,4.756,100000
2020-08-20 09:35:26.850,4.756,80000
2020-08-20 09:35:26.850,4.756,10000
2020-08-20 09:35:26.850,4.756,60000
2020-08-20 09:35:27.560,4.756,1000
2020-08-20 09:35:28.250,4.756,10000
2020-08-20 09:35:28.440,4.756,20000
2020-08-20 09:35:28.470,4.756,20000
2020-08-20 09:35:28.600,4.757,29700
2020-08-20 09:35:28.600,4.757,300
2020-08-20 09:35:28.600,4.757,10000
2020-08-20 09:35:28.600,4.757,2600
2020-08-20 09:35:28.600,4.757,700
2020-08-20 09:35:28.600,4.757,166100
2020-08-20 09:35:29.000,4.758,1000
2020-08-20 09:35:29.060,4.757,30000
2020-08-20 09:35:29.830,4.757,80000
2020-08-20 09:35:29.850,4.757,30000
2020-08-20 09:35:29.900,4.757,40000
2020-08-20 09:35:29.900,4.757,100000
2020-08-20 09:35:29.900,4.757,40000
2020-08-20 09:35:29.900,4.757,100000
2020-08-20 09:35:29.900,4.757,60000
2020-08-20 09:35:29.900,4.758,200
2020-08-20 09:35:30.170,4.757,210600
2020-08-20 09:35:30.170,4.757,89400
2020-08-20 09:35:30.280,4.757,10000
2020-08-20 09:35:30.280,4.757,600
2020-08-20 09:35:30.280,4.757,2000
2020-08-20 09:35:30.280,4.757,7700
2020-08-20 09:35:31.420,4.757,500
2020-08-20 09:35:31.570,4.758,32500
2020-08-20 09:35:31.630,4.757,20000
2020-08-20 09:35:31.680,4.757,4800
2020-08-20 09:35:31.780,4.757,7000
2020-08-20 09:35:32.840,4.756,80000
2020-08-20 09:35:32.840,4.757,100
2020-08-20 09:35:33.140,4.757,3000
2020-08-20 09:35:33.140,4.757,5100
2020-08-20 09:35:33.140,4.757,600
2020-08-20 09:35:33.140,4.758,11500
2020-08-20 09:35:33.890,4.757,300
2020-08-20 09:35:34.510,4.757,100
2020-08-20 09:35:35.220,4.757,600
2020-08-20 09:35:35.380,4.757,200
2020-08-20 09:35:35.540,4.757,10000
2020-08-20 09:35:35.870,4.757,500
2020-08-20 09:35:35.890,4.757,56400
2020-08-20 09:35:36.290,4.757,2000
2020-08-20 09:35:36.320,4.757,229300
2020-08-20 09:35:36.320,4.757,20000
2020-08-20 09:35:36.320,4.757,30000
2020-08-20 09:35:36.570,4.757,2000
2020-08-20 09:35:36.570,4.756,5300
2020-08-20 09:35:36.840,4.758,6000
2020-08-20 09:35:36.840,4.758,1000
2020-08-20 09:35:36.840,4.758,43000
2020-08-20 09:35:36.890,4.758,3300
2020-08-20 09:35:36.890,4.758,2000
2020-08-20 09:35:36.950,4.758,14600
2020-08-20 09:35:36.950,4.758,40000
2020-08-20 09:35:36.950,4.758,100
2020-08-20 09:35:36.950,4.758,30000
2020-08-20 09:35:37.520,4.758,30000
2020-08-20 09:35:37.820,4.759,2100
2020-08-20 09:35:38.150,4.759,32800
2020-08-20 09:35:38.150,4.759,1200
2020-08-20 09:35:38.150,4.759,4000
2020-08-20 09:35:38.150,4.759,2000
2020-08-20 09:35:38.150,4.759,5000
2020-08-20 09:35:38.150,4.759,200
2020-08-20 09:35:38.150,4.759,30000
2020-08-20 09:35:38.150,4.759,40000
2020-08-20 09:35:38.400,4.76,500
2020-08-20 09:35:38.400,4.76,3500
2020-08-20 09:35:38.840,4.759,20000
2020-08-20 09:35:38.840,4.759,20000
2020-08-20 09:35:38.840,4.759,20000
2020-08-20 09:35:38.840,4.759,20000
2020-08-20 09:35:38.970,4.76,36500
2020-08-20 09:35:38.970,4.76,4800
2020-08-20 09:35:38.970,4.76,4700
2020-08-20 09:35:39.000,4.76,30000
2020-08-20 09:35:39.440,4.761,20000
2020-08-20 09:35:39.440,4.761,100
2020-08-20 09:35:39.440,4.761,300
2020-08-20 09:35:39.440,4.761,2000
2020-08-20 09:35:39.440,4.761,2200
2020-08-20 09:35:41.430,4.76,1000
2020-08-20 09:35:42.380,4.76,10000
2020-08-20 09:35:43.330,4.762,200
