Datetime,Lastprice,Volume,Precloseprice,AvgPrice,Iopv,Netvalue,Bid[0],BidQty[0],Bid[1],BidQty[1],Bid[2],BidQty[2],Bid[3],BidQty[3],Bid[4],BidQty[4],Bid[5],BidQty[5],Bid[6],BidQty[6],Bid[7],BidQty[7],Bid[8],BidQty[8],Bid[9],BidQty[9],Ask[0],AskQty[0],Ask[1],AskQty[1],Ask[2],AskQty[2],Ask[3],AskQty[3],Ask[4],AskQty[4],Ask[5],AskQty[5],Ask[6],AskQty[6],Ask[7],AskQty[7],Ask[8],AskQty[8],Ask[9],AskQty[9]
2020-08-20 09:25:00.350,2.948,7700.0,2.968,2.948,2.955,2.955,2.938,1000,2.933,6200,2.929,8100,2.921,31500,2.905,7100,2.9,500,2.88,2000,2.86,2000,2.857,600,2.837,700,2.948,700,2.969,33600,2.974,7000,2.98,7500,2.998,4000,2.999,2400,3.0,2400,3.02,7500,3.099,5000,3.154,5300
2020-08-20 09:30:02.420,2.948,700.0,2.968,2.948,2.935,2.955,2.948,300,2.938,1000,2.933,6200,2.929,8100,2.921,31500,2.905,7100,2.9,2500,2.88,2000,2.87,2000,2.86,2000,2.968,2500,2.969,33600,2.974,7000,2.98,7500,2.998,4000,2.999,2400,3.0,2400,3.02,7500,3.099,5000,3.154,5300
2020-08-20 09:30:17.960,2.948,5300.0,2.968,2.948,2.929,2.955,2.938,3000,2.933,6000,2.929,8100,2.922,13000,2.921,31500,2.905,7100,2.901,5000,2.9,2500,2.88,2000,2.87,2000,2.948,14700,2.968,2500,2.969,33600,2.974,7000,2.98,7500,2.998,4000,2.999,2400,3.0,5400,3.02,7500,3.099,5000
2020-08-20 09:30:18.310,2.938,1000.0,2.968,2.94732,2.929,2.955,2.938,2000,2.933,6000,2.929,8100,2.922,13000,2.911,31500,2.905,7100,2.901,5000,2.9,2500,2.88,2000,2.87,2000,2.948,14700,2.968,2500,2.969,33600,2.974,7000,2.98,7500,2.998,4000,2.999,2400,3.0,5400,3.02,7500,3.099,5000
2020-08-20 09:30:26.130,2.938,2200.0,2.968,2.946107,2.927,2.955,2.933,6000,2.929,8100,2.922,13000,2.911,31500,2.905,7100,2.901,5000,2.9,2500,2.88,2000,2.87,2000,2.86,2000,2.938,1800,2.948,14700,2.968,2500,2.969,33600,2.974,7000,2.98,7500,2.998,4000,2.999,2400,3.0,5400,3.02,7500
2020-08-20 09:32:14.070,2.938,100.0,2.968,2.946059,2.928,2.955,2.933,6000,2.929,8100,2.922,7000,2.915,6800,2.911,31500,2.905,7100,2.901,5000,2.9,2500,2.88,2000,2.87,2000,2.938,1700,2.948,14700,2.968,2500,2.969,33600,2.974,7000,2.98,7500,2.998,4000,2.999,2400,3.0,5400,3.02,7500
2020-08-20 09:32:25.470,2.933,1000.0,2.968,2.945333,2.929,2.955,2.933,5000,2.929,8100,2.922,7000,2.915,6800,2.911,31500,2.905,7100,2.901,5000,2.9,2500,2.88,2000,2.87,2000,2.938,1700,2.948,14700,2.968,2500,2.969,33600,2.974,7000,2.98,7500,2.998,4000,2.999,2400,3.0,5400,3.02,7500
2020-08-20 09:33:09.160,2.938,1700.0,2.968,2.944701,2.934,2.955,2.938,1600,2.933,5000,2.929,8100,2.922,7000,2.915,6800,2.911,31500,2.905,7100,2.901,5000,2.9,2500,2.88,2000,2.968,2500,2.969,33600,2.974,7000,2.98,7500,2.998,4000,2.999,2400,3.0,5400,3.02,7500,3.099,5000,3.154,5300
2020-08-20 09:33:24.840,2.938,1600.0,2.968,2.944197,2.933,2.955,2.933,5000,2.929,8100,2.922,7000,2.915,6800,2.911,31500,2.905,7100,2.901,5000,2.9,2500,2.88,2000,2.87,2000,2.938,8400,2.948,10000,2.968,2500,2.969,33600,2.974,7000,2.98,7500,2.998,4000,2.999,2400,3.0,5400,3.02,7500
2020-08-20 09:33:34.540,2.938,5000.0,2.968,2.943019,2.933,2.955,2.933,5000,2.929,8100,2.922,7000,2.915,6800,2.911,31500,2.905,7100,2.901,5000,2.9,2500,2.88,2000,2.87,2000,2.938,3400,2.948,10000,2.968,2500,2.969,33600,2.974,7000,2.98,7500,2.998,4000,2.999,2400,3.0,5400,3.02,7500
2020-08-20 09:34:41.510,2.936,4900.0,2.968,2.9419169999999997,2.929,2.955,2.935,3000,2.934,1000,2.933,5000,2.929,8100,2.922,7000,2.915,6800,2.905,7100,2.901,5000,2.9,2500,2.88,2000,2.936,5100,2.938,13400,2.948,10000,2.968,2500,2.969,33600,2.974,7000,2.98,7500,2.998,4000,2.999,2400,3.0,5400
2020-08-20 09:34:43.950,2.935,3000.0,2.968,2.9413099999999996,2.929,2.955,2.934,1000,2.933,5000,2.929,8100,2.922,7000,2.915,6800,2.905,7100,2.901,5000,2.9,2500,2.88,2000,2.87,2000,2.935,7000,2.936,5100,2.938,13400,2.948,10000,2.968,2500,2.969,33600,2.974,7000,2.98,7500,2.998,4000,2.999,2400
2020-08-20 09:34:48.250,2.933,6000.0,2.968,2.940095,2.927,2.955,2.929,8100,2.922,7000,2.915,6800,2.905,7100,2.901,5000,2.9,2500,2.88,2000,2.87,2000,2.86,2000,2.857,600,2.933,4000,2.935,7000,2.936,5100,2.938,13400,2.948,10000,2.968,2500,2.969,33600,2.974,7000,2.98,7500,2.998,4000
2020-08-20 09:34:50.420,2.933,4000.0,2.968,2.939452,2.927,2.955,2.933,1000,2.929,8100,2.922,7000,2.915,6800,2.905,7100,2.901,5000,2.9,2500,2.88,2000,2.87,2000,2.86,2000,2.935,7000,2.936,5100,2.938,13400,2.948,10000,2.968,2500,2.969,33600,2.974,7000,2.98,7500,2.998,4000,2.999,2400
2020-08-20 09:34:54.460,2.933,1000.0,2.968,2.93931,2.926,2.955,2.929,8100,2.922,2000,2.915,6800,2.905,7100,2.901,5000,2.9,2500,2.88,2000,2.87,2000,2.86,2000,2.857,600,2.933,9000,2.935,7000,2.936,5100,2.938,13400,2.948,10000,2.968,2500,2.969,33600,2.974,7000,2.98,7500,2.998,4000
2020-08-20 09:34:59.780,2.933,100.0,2.968,2.939296,2.927,2.955,2.929,8100,2.922,2000,2.915,6800,2.905,7100,2.901,5000,2.9,2500,2.88,2000,2.87,2000,2.86,2000,2.857,600,2.933,8900,2.935,7000,2.936,5100,2.938,13400,2.948,10000,2.968,2500,2.969,33600,2.974,7000,2.98,7500,2.998,4000
2020-08-20 09:35:10.080,2.929,800.0,2.968,2.939117,2.926,2.955,2.929,7300,2.922,2000,2.915,6800,2.905,7100,2.901,5000,2.9,2500,2.88,2000,2.87,2000,2.86,2000,2.857,600,2.933,8900,2.935,7000,2.936,5100,2.938,13400,2.948,10000,2.968,2500,2.969,33600,2.974,7000,2.98,7500,2.998,4000
2020-08-20 09:35:11.170,2.929,1600.0,2.968,2.9387779999999997,2.925,2.955,2.929,5700,2.922,2000,2.915,6800,2.905,7100,2.901,5000,2.9,2500,2.88,2000,2.87,2000,2.86,2000,2.857,600,2.933,8900,2.935,7000,2.936,5100,2.938,13400,2.948,10000,2.968,2500,2.969,33600,2.974,7000,2.98,7500,2.998,4000
2020-08-20 09:35:13.640,2.933,400.0,2.968,2.93873,2.925,2.955,2.929,5700,2.922,2000,2.915,6800,2.905,7100,2.901,5000,2.9,2500,2.88,2000,2.87,2000,2.86,2000,2.857,600,2.933,8500,2.935,7000,2.936,5100,2.938,13400,2.948,10000,2.968,2500,2.969,33600,2.974,7000,2.98,7500,2.998,4000
2020-08-20 09:35:20.810,2.929,10000.0,2.968,2.9373650000000002,2.925,2.955,2.929,1700,2.922,2000,2.915,6800,2.905,7100,2.901,5000,2.9,2500,2.88,2000,2.87,2000,2.86,2000,2.857,600,2.933,8500,2.935,7000,2.936,5100,2.938,13400,2.948,10000,2.968,2500,2.969,33600,2.974,7000,2.98,7500,2.998,4000
2020-08-20 09:35:24.990,2.929,1700.0,2.968,2.9371270000000003,2.924,2.955,2.922,2000,2.915,6800,2.905,7100,2.901,5000,2.9,2500,2.88,2000,2.87,2000,2.86,2000,2.857,600,2.837,700,2.929,8300,2.933,8500,2.935,7000,2.936,5100,2.938,13400,2.948,10000,2.968,2500,2.969,33600,2.974,7000,2.98,7500
2020-08-20 09:35:57.550,2.922,200.0,2.968,2.937077,2.925,2.955,2.922,4700,2.915,5000,2.905,7100,2.901,5000,2.9,2500,2.88,2000,2.87,2000,2.86,2000,2.857,600,2.837,700,2.933,18500,2.935,7000,2.936,5100,2.938,13400,2.948,10000,2.968,2500,2.969,33600,2.974,7000,2.98,7500,2.998,4000
2020-08-20 09:36:07.740,2.922,200.0,2.968,2.937027,2.927,2.955,2.922,4500,2.915,7000,2.905,7100,2.901,5000,2.9,2500,2.88,2000,2.87,2000,2.86,2000,2.857,600,2.837,700,2.933,18500,2.935,7000,2.936,5100,2.938,13400,2.948,10000,2.968,2500,2.969,33600,2.974,7000,2.98,7500,2.998,4000
2020-08-20 09:37:15.340,2.938,700.0,2.968,2.9370380000000003,2.928,2.955,2.924,4000,2.923,11500,2.922,4500,2.915,7000,2.905,7100,2.901,5000,2.9,2500,2.895,2000,2.88,2000,2.87,2000,2.938,12700,2.948,10000,2.968,2500,2.969,33600,2.974,7000,2.98,7500,2.998,4000,2.999,2400,3.0,5400,3.02,7500
2020-08-20 09:37:39.100,2.938,100.0,2.968,2.937039,2.925,2.955,2.925,3000,2.924,4400,2.923,11500,2.922,4500,2.915,7000,2.909,1000,2.905,7100,2.901,5000,2.9,2500,2.895,2000,2.938,12600,2.948,10000,2.968,2500,2.969,33600,2.974,7000,2.98,7500,2.998,4000,2.999,2400,3.0,5400,3.02,7500
2020-08-20 09:38:00.480,2.925,3000.0,2.968,2.936491,2.925,2.955,2.925,1000,2.924,400,2.923,11000,2.922,4500,2.915,7000,2.909,1000,2.905,7100,2.901,5000,2.9,2500,2.895,2000,2.938,12600,2.948,10000,2.968,2500,2.969,33600,2.974,7000,2.98,7500,2.998,4000,2.999,2400,3.0,5400,3.02,7500
2020-08-20 09:39:13.580,2.938,100.0,2.968,2.936493,2.925,2.955,2.925,2000,2.924,400,2.923,11000,2.922,4500,2.915,7000,2.909,1000,2.905,7100,2.901,5000,2.9,2500,2.899,100,2.938,12500,2.948,10000,2.968,2500,2.969,33600,2.974,7000,2.98,7500,2.998,4000,2.999,2400,3.0,5400,3.02,7500
2020-08-20 09:40:08.900,2.923,10000.0,2.968,2.934853,2.926,2.955,2.923,6400,2.922,6500,2.92,600,2.915,7000,2.909,1000,2.905,7100,2.901,5000,2.9,2500,2.899,100,2.895,2000,2.938,12500,2.948,10000,2.968,2500,2.969,33600,2.974,7000,2.98,7500,2.998,4000,2.999,2400,3.0,5400,3.02,7500
2020-08-20 09:40:22.590,2.938,500.0,2.968,2.934874,2.927,2.955,2.923,6400,2.922,6500,2.92,600,2.915,7000,2.909,1000,2.905,7100,2.901,5000,2.9,2500,2.899,100,2.895,2000,2.938,13700,2.948,10000,2.968,2500,2.969,33600,2.974,7000,2.98,7500,2.998,4000,2.999,2400,3.0,5400,3.02,7500
2020-08-20 09:40:32.290,2.938,7100.0,2.968,2.935146,2.928,2.955,2.923,16400,2.922,6500,2.92,600,2.915,7000,2.909,1000,2.905,7100,2.901,5000,2.9,2500,2.899,100,2.89,600,2.938,6600,2.948,10000,2.968,2500,2.969,33600,2.974,7000,2.98,7500,2.998,4000,2.999,2400,3.0,5400,3.02,7500
2020-08-20 09:40:41.260,2.938,1000.0,2.968,2.93518,2.927,2.955,2.923,16400,2.922,6500,2.92,600,2.915,7000,2.909,1000,2.905,7100,2.901,5000,2.9,2500,2.899,100,2.89,600,2.938,15600,2.948,10000,2.968,2500,2.969,33600,2.974,7000,2.98,7500,2.998,4000,2.999,2400,3.0,5400,3.02,7500
2020-08-20 09:43:05.050,2.938,3300.0,2.968,2.935288,2.923,2.955,2.924,2000,2.923,17400,2.922,26500,2.92,3600,2.915,7000,2.909,1000,2.905,7100,2.901,5000,2.9,2500,2.899,100,2.938,12300,2.948,10000,2.968,2500,2.969,33600,2.974,7000,2.98,7500,2.998,4000,2.999,2400,3.0,5400,3.02,7500
2020-08-20 09:43:50.350,2.924,3300.0,2.968,2.934871,2.921,2.955,2.924,700,2.923,17400,2.922,26500,2.92,3600,2.915,7000,2.909,1000,2.905,7100,2.901,5000,2.9,13500,2.899,100,2.938,12300,2.948,10000,2.966,4900,2.968,2500,2.969,33600,2.974,7000,2.98,7500,2.998,4000,2.999,2400,3.0,5400
2020-08-20 09:45:23.630,2.926,20000.0,2.968,2.933248,2.92,2.955,2.924,2400,2.923,2000,2.922,26500,2.92,3600,2.915,7000,2.909,1000,2.905,7100,2.901,5000,2.9,13500,2.899,100,2.938,12300,2.966,4900,2.968,2500,2.969,33600,2.974,7000,2.98,7500,2.998,4000,2.999,2400,3.0,5400,3.02,8000
2020-08-20 09:45:28.400,2.926,5000.0,2.968,2.932931,2.919,2.955,2.925,500,2.924,2400,2.923,1000,2.922,26500,2.92,3600,2.915,7000,2.909,1000,2.905,7100,2.901,5000,2.9,13500,2.926,300,2.938,12300,2.966,4900,2.968,2500,2.969,33600,2.974,7000,2.98,7500,2.998,4000,2.999,2400,3.0,5400
2020-08-20 09:45:44.670,2.925,5000.0,2.968,2.932598,2.918,2.955,2.924,2400,2.923,6000,2.922,26500,2.92,3600,2.915,7000,2.909,1000,2.905,7100,2.901,5000,2.9,13500,2.899,100,2.925,3300,2.926,300,2.937,1000,2.938,12300,2.96,1000,2.966,4900,2.968,2500,2.969,33600,2.974,7000,2.98,7500
2020-08-20 09:46:21.060,2.924,2400.0,2.968,2.932429,2.918,2.955,2.923,6000,2.922,26500,2.92,3600,2.915,7000,2.909,1000,2.905,7100,2.901,5000,2.9,13500,2.899,100,2.89,600,2.924,900,2.925,200,2.926,300,2.937,1000,2.938,12300,2.96,1000,2.966,4900,2.968,2500,2.969,33600,2.974,7000
2020-08-20 09:46:46.860,2.924,900.0,2.968,2.9323669999999997,2.923,2.955,2.924,9100,2.923,6000,2.922,26500,2.92,3600,2.915,7000,2.909,1000,2.905,7100,2.901,5000,2.9,13500,2.899,100,2.925,200,2.926,300,2.937,1000,2.938,12300,2.96,1000,2.966,4900,2.968,2500,2.969,33600,2.974,7000,2.98,7500
2020-08-20 09:47:24.480,2.926,500.0,2.968,2.93234,2.925,2.955,2.926,2800,2.924,9100,2.923,6000,2.922,26500,2.92,3600,2.915,7000,2.909,1000,2.905,7100,2.901,5000,2.9,13500,2.937,1000,2.938,12300,2.96,1000,2.966,4900,2.968,2500,2.969,33600,2.974,7000,2.98,7500,2.998,4000,2.999,2400
2020-08-20 09:47:34.760,2.937,100.0,2.968,2.932343,2.925,2.955,2.926,2800,2.924,9100,2.923,6000,2.922,26500,2.92,3600,2.915,7000,2.909,1000,2.905,7100,2.901,5000,2.9,13500,2.937,10900,2.938,2300,2.96,1000,2.966,4900,2.968,2500,2.969,33600,2.974,7000,2.98,7500,2.998,4000,2.999,2400
2020-08-20 09:47:36.800,2.923,13400.0,2.968,2.931555,2.926,2.955,2.923,4500,2.922,26500,2.92,3600,2.915,7000,2.909,1000,2.905,7100,2.901,5000,2.9,13500,2.899,100,2.89,600,2.937,10900,2.938,2300,2.96,1000,2.966,4900,2.968,2500,2.969,33600,2.974,7000,2.98,7500,2.998,4000,2.999,2400
2020-08-20 09:48:03.450,2.937,400.0,2.968,2.931571,2.927,2.955,2.925,10400,2.923,4500,2.922,26500,2.92,3600,2.915,7000,2.909,1000,2.905,7100,2.901,5000,2.9,13500,2.899,100,2.937,10500,2.938,2300,2.96,1000,2.966,4900,2.968,2500,2.969,33600,2.974,7000,2.98,7500,2.998,4000,2.999,2400
2020-08-20 09:51:43.330,2.928,1700.0,2.968,2.931527,2.932,2.955,2.928,8300,2.927,11100,2.926,10000,2.925,10400,2.923,4500,2.922,36500,2.92,3600,2.915,7000,2.909,1000,2.905,7100,2.937,16000,2.96,1000,2.966,4900,2.968,2500,2.969,33600,2.974,7000,2.98,7500,2.998,4000,2.999,2400,3.0,5400
2020-08-20 09:51:50.470,2.928,500.0,2.968,2.931514,2.931,2.955,2.928,7800,2.927,11100,2.926,10000,2.925,10400,2.923,4500,2.922,36500,2.92,3600,2.915,7000,2.909,1000,2.905,7100,2.937,16000,2.959,10000,2.96,1000,2.966,4900,2.968,2500,2.969,33600,2.974,7000,2.98,7500,2.998,4000,2.999,2400
2020-08-20 09:53:34.980,2.937,700.0,2.968,2.931542,2.934,2.955,2.929,1000,2.928,17800,2.927,11100,2.926,10000,2.925,10000,2.924,5000,2.923,4500,2.922,36500,2.92,3600,2.915,7000,2.937,5300,2.959,10000,2.966,4900,2.968,2500,2.974,7000,2.98,7500,2.998,4000,2.999,2400,3.0,5400,3.02,8000
2020-08-20 09:54:58.000,2.937,1000.0,2.968,2.931581,2.934,2.955,2.936,2300,2.935,600,2.93,11300,2.929,1000,2.928,7800,2.927,11100,2.926,10000,2.925,10000,2.924,5000,2.923,4500,2.937,4300,2.959,10000,2.966,4900,2.968,2500,2.974,7000,2.98,7500,2.998,4000,2.999,2400,3.0,5400,3.02,8000
2020-08-20 09:55:06.390,2.936,2300.0,2.968,2.931652,2.933,2.955,2.935,600,2.93,11300,2.929,1000,2.928,7800,2.927,11100,2.926,10000,2.925,10000,2.924,5000,2.923,4500,2.922,36500,2.936,7700,2.937,4300,2.959,10000,2.966,4900,2.968,2500,2.974,7000,2.98,7500,2.998,4000,2.999,2400,3.0,5400
2020-08-20 09:59:42.510,2.937,4000.0,2.968,2.931771,2.934,2.955,2.931,1000,2.93,20700,2.927,11100,2.925,10100,2.924,5000,2.923,4500,2.922,26500,2.92,3600,2.915,7000,2.909,1000,2.937,300,2.959,10000,2.966,4900,2.968,2500,2.974,7000,2.98,7500,2.998,4000,2.999,2400,3.0,5400,3.02,8000
2020-08-20 10:04:40.280,2.932,100.0,2.968,2.931771,2.936,2.955,2.932,9900,2.931,4000,2.93,20100,2.929,1800,2.927,11100,2.925,10100,2.924,5000,2.923,4500,2.922,26500,2.92,3600,2.937,300,2.94,10000,2.95,2800,2.959,10000,2.966,4900,2.968,2500,2.974,7000,2.98,7500,2.998,4000,2.999,2400
2020-08-20 10:07:02.550,2.933,5000.0,2.968,2.931812,2.929,2.955,2.932,9900,2.931,4000,2.93,20100,2.927,11100,2.925,10100,2.924,5000,2.923,4500,2.922,26500,2.92,3600,2.915,2000,2.933,12800,2.937,300,2.939,1000,2.94,10000,2.95,2800,2.959,10000,2.966,4900,2.968,2500,2.974,7000,2.98,7500
2020-08-20 10:08:21.080,2.932,300.0,2.968,2.931812,2.927,2.955,2.932,9600,2.931,4000,2.93,20100,2.927,11100,2.925,10100,2.924,5000,2.923,4500,2.922,26500,2.92,3600,2.915,2000,2.933,12800,2.937,300,2.939,1000,2.94,10000,2.95,2800,2.959,10000,2.966,4900,2.968,2500,2.974,7000,2.98,7500
2020-08-20 10:08:51.070,2.932,9600.0,2.968,2.931823,2.926,2.955,2.931,4000,2.93,20100,2.927,11100,2.925,10100,2.924,5000,2.923,4500,2.922,26500,2.92,3600,2.915,2000,2.909,1000,2.932,400,2.933,12800,2.937,300,2.939,1000,2.94,10000,2.95,2800,2.959,10000,2.966,4900,2.968,2500,2.974,7000
2020-08-20 10:08:53.020,2.931,4000.0,2.968,2.931803,2.924,2.955,2.93,20100,2.927,11100,2.925,10100,2.924,5000,2.923,4500,2.922,26500,2.92,3600,2.915,2000,2.909,1000,2.905,7100,2.931,6000,2.932,400,2.933,12800,2.937,300,2.939,1000,2.94,10000,2.95,2800,2.959,10000,2.966,4900,2.968,2500
2020-08-20 10:08:59.340,2.93,10000.0,2.968,2.931701,2.923,2.955,2.93,10100,2.927,11100,2.925,10100,2.924,5000,2.923,4500,2.922,26500,2.92,3600,2.915,2000,2.909,1000,2.905,7100,2.931,6000,2.932,400,2.933,12800,2.937,300,2.939,1000,2.94,10000,2.95,2800,2.959,10000,2.966,4900,2.968,2500
2020-08-20 10:09:00.420,2.93,10100.0,2.968,2.931609,2.923,2.955,2.927,11100,2.925,10100,2.924,5000,2.923,4500,2.922,26500,2.92,3600,2.915,2000,2.909,1000,2.905,7100,2.903,11000,2.93,9900,2.931,6000,2.932,400,2.933,12800,2.937,300,2.939,1000,2.94,10000,2.95,2800,2.959,10000,2.966,4900
2020-08-20 10:09:10.750,2.927,100.0,2.968,2.931606,2.922,2.955,2.927,11000,2.925,10100,2.924,5000,2.923,4500,2.922,26500,2.92,3600,2.915,2000,2.909,1000,2.905,7100,2.903,11000,2.93,9900,2.931,6000,2.932,400,2.933,12800,2.937,300,2.939,1000,2.94,10000,2.95,2800,2.959,10000,2.966,4900
2020-08-20 10:09:48.560,2.927,4000.0,2.968,2.931509,2.923,2.955,2.927,7000,2.926,400,2.925,10100,2.924,5000,2.923,4500,2.922,26500,2.92,3600,2.915,2000,2.909,1000,2.905,7100,2.932,400,2.933,12800,2.937,300,2.939,1000,2.94,10000,2.95,2800,2.959,10000,2.966,4900,2.968,2500,2.974,7000
2020-08-20 10:11:01.710,2.929,300.0,2.968,2.931506,2.921,2.955,2.928,1000,2.927,7000,2.926,400,2.925,10100,2.924,5000,2.923,4500,2.922,26500,2.92,3600,2.915,2000,2.909,1000,2.929,6000,2.932,400,2.933,12800,2.937,300,2.939,1000,2.94,10000,2.95,2800,2.959,10000,2.966,4900,2.968,2500
2020-08-20 10:14:16.700,2.929,100.0,2.968,2.931504,2.924,2.955,2.928,1000,2.927,7000,2.926,400,2.925,10100,2.924,5000,2.923,4500,2.922,26500,2.92,4600,2.915,2000,2.909,1000,2.929,5900,2.931,600,2.932,400,2.933,12800,2.937,300,2.939,1000,2.94,10000,2.95,2800,2.959,10000,2.966,4900
2020-08-20 10:14:50.910,2.927,7700.0,2.968,2.931335,2.923,2.955,2.927,300,2.926,400,2.925,10100,2.924,5000,2.923,4500,2.922,26500,2.92,4600,2.915,2000,2.909,1000,2.905,7100,2.929,5900,2.931,600,2.932,400,2.933,12800,2.937,300,2.939,1000,2.94,10000,2.95,2800,2.959,10000,2.966,4900
2020-08-20 10:15:08.680,2.927,300.0,2.968,2.9313279999999997,2.92,2.955,2.926,400,2.925,10100,2.924,5000,2.923,4500,2.922,26500,2.92,4600,2.915,2000,2.909,1000,2.905,7100,2.903,11000,2.927,9700,2.929,5900,2.931,600,2.932,400,2.933,12800,2.937,300,2.939,1000,2.94,10000,2.95,2800,2.959,10000
2020-08-20 10:16:35.350,2.926,400.0,2.968,2.931317,2.919,2.955,2.925,10100,2.924,5000,2.923,4500,2.922,26500,2.92,4600,2.918,1000,2.915,2000,2.909,1000,2.905,7100,2.903,11000,2.926,12400,2.927,9700,2.929,5900,2.931,600,2.932,400,2.937,300,2.939,1000,2.94,10000,2.95,2800,2.959,10000
2020-08-20 10:16:57.750,2.926,1900.0,2.968,2.9312669999999996,2.919,2.955,2.925,10100,2.924,5000,2.923,4500,2.922,26500,2.92,4600,2.918,1000,2.915,2000,2.909,1000,2.905,7100,2.903,11000,2.926,19400,2.927,9700,2.929,5900,2.931,600,2.932,400,2.937,300,2.939,1000,2.94,10000,2.95,2800,2.959,10000
2020-08-20 10:17:23.800,2.925,10000.0,2.968,2.93097,2.919,2.955,2.925,100,2.924,5000,2.923,4500,2.922,26500,2.92,4600,2.918,1000,2.915,2000,2.909,1000,2.905,7100,2.903,11000,2.926,19400,2.927,9700,2.929,5900,2.931,600,2.932,400,2.937,300,2.939,1000,2.94,10000,2.95,2800,2.959,10000
2020-08-20 10:17:27.500,2.925,100.0,2.968,2.930967,2.919,2.955,2.924,5000,2.923,4500,2.922,26500,2.92,4600,2.918,1000,2.915,2000,2.909,1000,2.905,7100,2.903,11000,2.901,5000,2.926,19400,2.927,9700,2.929,5900,2.931,600,2.932,400,2.937,300,2.939,1000,2.94,10000,2.95,2800,2.959,10000
2020-08-20 10:17:48.070,2.924,5000.0,2.968,2.930806,2.921,2.955,2.923,4500,2.922,26500,2.92,4600,2.918,1000,2.915,2000,2.909,1000,2.905,7100,2.903,11000,2.901,5000,2.9,10500,2.924,5500,2.925,11000,2.926,8900,2.927,9700,2.929,5900,2.931,600,2.932,400,2.937,300,2.939,1000,2.94,10000
2020-08-20 10:18:08.170,2.924,3400.0,2.968,2.930701,2.921,2.955,2.923,4500,2.922,26500,2.92,4600,2.918,1000,2.915,2000,2.909,1000,2.905,7100,2.903,11000,2.901,5000,2.9,10500,2.924,2100,2.925,11000,2.926,8900,2.927,9700,2.929,5900,2.931,600,2.932,400,2.937,300,2.939,1000,2.94,10000
2020-08-20 10:19:55.500,2.924,100.0,2.968,2.930698,2.922,2.955,2.923,4500,2.922,26500,2.92,4600,2.918,1000,2.909,1000,2.905,7100,2.903,11000,2.901,5000,2.9,10500,2.899,100,2.924,2000,2.925,11000,2.929,5900,2.931,600,2.932,400,2.937,300,2.939,1000,2.94,10000,2.95,1000,2.959,10000
2020-08-20 10:21:31.530,2.923,4500.0,2.968,2.930543,2.918,2.955,2.922,26500,2.92,4600,2.918,1000,2.909,1000,2.905,7100,2.903,11000,2.901,5000,2.9,10500,2.899,100,2.898,100,2.923,4400,2.924,2000,2.925,11000,2.929,5900,2.931,600,2.932,400,2.937,300,2.939,1000,2.94,10000,2.95,1000
2020-08-20 10:21:56.060,2.923,4400.0,2.968,2.930398,2.92,2.955,2.923,5600,2.922,26500,2.92,4600,2.918,1000,2.909,1000,2.905,7100,2.903,11000,2.901,5000,2.9,10500,2.899,100,2.924,2000,2.925,11000,2.929,5900,2.931,600,2.932,400,2.937,300,2.939,1000,2.94,10000,2.95,1000,2.959,10000
2020-08-20 10:22:42.910,2.923,2000.0,2.968,2.930334,2.921,2.955,2.923,3600,2.922,26500,2.92,4600,2.918,1000,2.909,1000,2.905,7100,2.903,11000,2.901,5000,2.9,10500,2.899,100,2.925,11000,2.929,5900,2.931,600,2.932,400,2.937,300,2.939,1000,2.94,10000,2.95,1000,2.959,10000,2.966,4900
2020-08-20 10:23:31.720,2.923,100.0,2.968,2.9303310000000002,2.92,2.955,2.923,3500,2.922,26500,2.92,4600,2.918,1000,2.909,1000,2.905,7100,2.903,11000,2.901,5000,2.9,10500,2.899,100,2.925,11000,2.929,5900,2.931,600,2.932,400,2.937,300,2.939,1000,2.94,10000,2.95,1000,2.959,10000,2.966,4900
2020-08-20 10:24:19.300,2.923,100.0,2.968,2.930328,2.921,2.955,2.923,3400,2.922,26500,2.92,4600,2.918,1000,2.909,1000,2.905,7100,2.903,11000,2.901,5000,2.9,10500,2.899,100,2.925,11000,2.929,5900,2.931,600,2.932,400,2.937,300,2.939,1000,2.94,10000,2.95,1000,2.959,10000,2.966,4900
2020-08-20 10:26:15.220,2.923,100.0,2.968,2.930324,2.919,2.955,2.923,4100,2.922,27500,2.92,4600,2.918,1000,2.909,1000,2.905,7100,2.903,11000,2.901,5000,2.9,10500,2.899,100,2.925,11000,2.929,5900,2.931,600,2.932,400,2.937,300,2.939,1000,2.94,10000,2.95,1000,2.959,10000,2.966,4900
2020-08-20 10:27:17.670,2.922,10000.0,2.968,2.93,2.916,2.955,2.922,22600,2.92,4600,2.918,5200,2.909,2000,2.905,7100,2.903,11000,2.901,5000,2.9,10500,2.899,100,2.898,100,2.925,11000,2.929,5900,2.931,600,2.932,400,2.937,300,2.939,1000,2.94,10000,2.95,1000,2.959,10000,2.966,4900
2020-08-20 10:27:20.280,2.922,22600.0,2.968,2.9293139999999998,2.916,2.955,2.92,4600,2.918,5200,2.909,2000,2.905,7100,2.903,11000,2.901,5000,2.9,10500,2.899,100,2.898,100,2.89,5600,2.922,7400,2.925,11000,2.929,5900,2.931,600,2.932,400,2.937,300,2.939,1000,2.94,10000,2.95,1000,2.959,10000
2020-08-20 10:28:30.540,2.922,1100.0,2.968,2.9292830000000003,2.913,2.955,2.92,4600,2.918,5200,2.917,1000,2.909,2000,2.905,7100,2.903,11100,2.901,5000,2.9,10500,2.899,100,2.898,100,2.922,6300,2.925,11000,2.929,5900,2.931,600,2.932,400,2.937,300,2.939,1000,2.94,10000,2.95,1000,2.959,10000
2020-08-20 10:31:41.770,2.925,5800.0,2.968,2.929192,2.919,2.955,2.923,500,2.922,1100,2.92,4600,2.918,5200,2.917,1000,2.909,2000,2.905,7100,2.903,11100,2.901,5000,2.9,10500,2.925,5200,2.929,5900,2.931,600,2.932,400,2.937,300,2.939,1000,2.94,10000,2.95,1000,2.959,10000,2.966,4900
2020-08-20 10:32:08.960,2.925,1000.0,2.968,2.929176,2.919,2.955,2.923,500,2.922,1100,2.92,4600,2.918,5200,2.917,1000,2.909,2000,2.905,7100,2.903,11100,2.901,5000,2.9,10500,2.925,4200,2.929,5900,2.931,600,2.932,400,2.937,300,2.939,1000,2.94,10000,2.95,1000,2.959,10000,2.966,4900
2020-08-20 10:36:17.660,2.923,10000.0,2.968,2.928957,2.914,2.955,2.923,3100,2.922,1100,2.92,4600,2.918,5200,2.917,1000,2.909,2000,2.908,200,2.905,7100,2.903,11100,2.901,5000,2.924,10000,2.925,4200,2.929,5900,2.931,600,2.932,400,2.937,300,2.939,1000,2.94,10000,2.95,1000,2.959,10000
2020-08-20 10:36:18.560,2.923,3100.0,2.968,2.928892,2.914,2.955,2.922,1100,2.92,4600,2.918,5200,2.917,1000,2.909,2000,2.908,200,2.905,7100,2.903,11100,2.901,5000,2.9,10500,2.923,6900,2.924,10000,2.925,4200,2.929,5900,2.931,600,2.932,400,2.937,300,2.939,1000,2.94,10000,2.95,1000
2020-08-20 10:36:31.370,2.922,1100.0,2.968,2.928865,2.914,2.955,2.92,4600,2.918,5200,2.917,1000,2.909,2000,2.908,200,2.905,7100,2.903,11100,2.901,5000,2.9,10500,2.899,100,2.922,8900,2.923,6900,2.924,10000,2.925,4200,2.929,5900,2.931,600,2.932,400,2.937,300,2.939,1000,2.94,10000
2020-08-20 10:36:47.250,2.92,4600.0,2.968,2.928725,2.912,2.955,2.918,5200,2.917,1000,2.909,2000,2.905,7100,2.903,11100,2.901,5000,2.9,10500,2.899,100,2.898,100,2.89,5600,2.92,5400,2.923,6900,2.924,10000,2.925,4200,2.929,5900,2.931,600,2.937,300,2.939,1000,2.94,10000,2.95,1000
2020-08-20 10:36:50.190,2.92,1100.0,2.968,2.928692,2.912,2.955,2.918,5200,2.917,1000,2.909,2000,2.905,7100,2.903,11100,2.901,5000,2.9,10500,2.899,100,2.898,100,2.89,5600,2.92,4300,2.923,6900,2.924,10000,2.925,4200,2.929,5900,2.931,600,2.937,300,2.939,1000,2.94,10000,2.95,1000
2020-08-20 10:36:57.210,2.917,6200.0,2.968,2.928466,2.911,2.955,2.909,2000,2.905,7100,2.903,11100,2.901,5000,2.9,10500,2.899,100,2.898,100,2.89,5600,2.88,2000,2.87,2000,2.917,3800,2.92,4300,2.923,6900,2.924,10000,2.925,4200,2.929,5900,2.931,600,2.937,300,2.939,1000,2.94,10000
2020-08-20 10:38:02.510,2.91,500.0,2.968,2.928435,2.909,2.955,2.909,2000,2.903,11100,2.901,5000,2.9,10500,2.899,100,2.898,100,2.89,5600,2.88,2000,2.87,2000,2.86,7000,2.91,11500,2.92,4300,2.923,6900,2.924,10000,2.925,4200,2.929,5900,2.931,600,2.937,300,2.939,1000,2.94,10000
2020-08-20 10:40:19.340,2.91,10000.0,2.968,2.927836,2.911,2.955,2.909,2000,2.905,2000,2.903,500,2.901,5000,2.9,10500,2.899,100,2.898,100,2.89,5600,2.88,15100,2.87,2000,2.91,1500,2.92,4300,2.923,6900,2.924,10000,2.925,4200,2.929,5900,2.931,600,2.937,300,2.939,1000,2.94,10000
2020-08-20 10:40:20.810,2.91,1500.0,2.968,2.92775,2.911,2.955,2.91,8500,2.909,2000,2.905,2000,2.903,500,2.901,5000,2.9,10500,2.899,100,2.898,100,2.89,5600,2.88,15100,2.92,4300,2.923,6900,2.924,10000,2.925,4200,2.929,5900,2.931,600,2.937,300,2.939,1000,2.94,10000,2.95,1000
2020-08-20 10:44:39.840,2.911,2000.0,2.968,2.9276419999999996,2.915,2.955,2.911,4100,2.91,18600,2.909,2000,2.908,200,2.907,300,2.905,2000,2.903,500,2.901,5000,2.9,7500,2.899,100,2.924,10000,2.925,4200,2.929,5900,2.931,600,2.937,300,2.939,1000,2.94,10000,2.95,1000,2.959,10000,2.966,4900
2020-08-20 10:49:52.640,2.924,6000.0,2.968,2.9275729999999998,2.916,2.955,2.912,10000,2.911,17100,2.91,29600,2.909,5000,2.908,200,2.907,300,2.905,2000,2.903,500,2.901,17700,2.9,10500,2.924,4000,2.925,4200,2.929,5900,2.931,600,2.937,300,2.939,1000,2.94,10000,2.95,1000,2.959,10000,2.966,4900
2020-08-20 10:50:39.310,2.924,2400.0,2.968,2.927546,2.916,2.955,2.912,10000,2.911,17100,2.91,29600,2.909,5000,2.908,200,2.907,300,2.905,2000,2.903,500,2.901,17700,2.9,10500,2.924,1600,2.925,4200,2.929,5900,2.931,600,2.937,300,2.939,1000,2.94,10000,2.95,1000,2.959,10000,2.966,4900
2020-08-20 10:52:27.000,2.924,3000.0,2.968,2.9275130000000003,2.915,2.955,2.913,1000,2.912,15300,2.911,14100,2.91,21100,2.909,5000,2.908,200,2.907,300,2.905,2000,2.903,500,2.901,17700,2.924,8600,2.925,4200,2.929,5900,2.931,600,2.937,300,2.939,1000,2.94,10000,2.95,1000,2.959,10000,2.966,4900
2020-08-20 10:58:39.480,2.925,300.0,2.968,2.927511,2.922,2.955,2.915,10000,2.914,3400,2.913,1000,2.912,11000,2.911,14100,2.91,19100,2.909,5000,2.908,200,2.907,300,2.905,2000,2.925,3900,2.929,5900,2.931,600,2.937,300,2.939,1000,2.94,10000,2.95,1000,2.959,10000,2.966,4900,2.974,7000
2020-08-20 10:58:58.280,2.915,300.0,2.968,2.9275,2.922,2.955,2.915,9700,2.914,3400,2.913,1000,2.912,11000,2.911,14100,2.91,19100,2.909,5000,2.908,200,2.907,300,2.905,2000,2.925,3900,2.929,5900,2.931,600,2.937,300,2.939,1000,2.94,10000,2.95,1000,2.959,10000,2.966,4900,2.974,7000
2020-08-20 11:01:50.220,2.925,1200.0,2.968,2.92749,2.925,2.955,2.915,11700,2.914,3400,2.912,11000,2.911,14100,2.91,19100,2.909,5000,2.908,200,2.907,300,2.905,2000,2.903,500,2.925,2700,2.929,5900,2.931,600,2.937,300,2.939,1000,2.94,10000,2.95,1000,2.959,10000,2.966,4900,2.974,7000
2020-08-20 11:02:03.100,2.925,1000.0,2.968,2.927483,2.925,2.955,2.915,13700,2.914,3400,2.912,11000,2.911,14100,2.91,19100,2.909,5000,2.908,200,2.907,300,2.905,2000,2.903,500,2.925,1700,2.929,5900,2.931,600,2.937,300,2.939,1000,2.94,10000,2.95,1000,2.959,10000,2.966,4900,2.974,7000
2020-08-20 11:03:43.200,2.915,200.0,2.968,2.927475,2.924,2.955,2.915,14600,2.914,3400,2.912,11000,2.911,14100,2.91,19100,2.909,5000,2.908,200,2.907,300,2.905,2000,2.903,500,2.925,1700,2.929,5900,2.931,600,2.937,300,2.939,1000,2.94,10000,2.95,1000,2.959,10000,2.966,4900,2.974,7000
2020-08-20 11:05:22.950,2.925,1700.0,2.968,2.927462,2.922,2.955,2.925,5100,2.916,2000,2.915,14600,2.914,3400,2.912,11000,2.911,14100,2.91,19100,2.909,5000,2.908,200,2.907,300,2.929,5900,2.931,600,2.937,300,2.939,1000,2.94,10000,2.95,1000,2.959,10000,2.966,4900,2.974,7000,2.98,7500
2020-08-20 11:07:38.590,2.925,5100.0,2.968,2.9274240000000002,2.919,2.955,2.917,1700,2.916,2000,2.915,14600,2.914,3400,2.912,11000,2.911,14100,2.91,19100,2.909,5000,2.908,200,2.907,300,2.925,4900,2.929,5900,2.931,600,2.937,300,2.939,1000,2.94,10000,2.95,1000,2.959,10000,2.966,4900,2.974,7000
2020-08-20 11:13:11.300,2.924,1000.0,2.968,2.9274139999999997,2.913,2.955,2.917,1700,2.916,2000,2.915,14600,2.914,3400,2.912,11000,2.911,14100,2.91,19100,2.909,5000,2.908,200,2.907,300,2.924,9000,2.925,4900,2.929,5900,2.931,600,2.937,300,2.939,1000,2.94,10000,2.95,1000,2.959,10000,2.966,4900
2020-08-20 11:17:46.330,2.924,100.0,2.968,2.927413,2.912,2.955,2.918,1000,2.917,1700,2.916,2000,2.915,14600,2.914,3400,2.912,11000,2.911,14100,2.91,17100,2.909,5000,2.908,200,2.924,8900,2.925,4900,2.929,5900,2.931,600,2.937,300,2.939,1000,2.94,10000,2.95,1000,2.959,10000,2.966,4900
2020-08-20 11:18:52.790,2.918,1000.0,2.968,2.9273849999999997,2.91,2.955,2.917,1700,2.916,2000,2.915,14600,2.914,3400,2.912,11000,2.911,14100,2.91,17100,2.909,5000,2.908,200,2.907,300,2.924,8900,2.925,4900,2.929,5900,2.931,600,2.937,300,2.939,1000,2.94,10000,2.95,1000,2.959,10000,2.966,4900
2020-08-20 11:19:49.510,2.915,10000.0,2.968,2.927041,2.909,2.955,2.915,8300,2.914,3400,2.912,11000,2.911,14100,2.91,17100,2.909,5000,2.908,200,2.907,300,2.905,2000,2.903,500,2.924,9400,2.925,4900,2.929,5900,2.931,600,2.937,300,2.939,1000,2.94,10000,2.95,1000,2.959,10000,2.966,4900
2020-08-20 11:19:50.170,2.915,8300.0,2.968,2.926758,2.909,2.955,2.914,3400,2.912,11000,2.911,14100,2.91,17100,2.909,5000,2.908,200,2.907,300,2.905,2000,2.903,500,2.901,17700,2.915,1700,2.924,9400,2.925,4900,2.929,5900,2.931,600,2.937,300,2.939,1000,2.94,10000,2.95,1000,2.959,10000
2020-08-20 11:19:54.330,2.914,3400.0,2.968,2.926637,2.909,2.955,2.912,11000,2.911,14100,2.91,17100,2.909,5000,2.908,200,2.907,300,2.905,2000,2.903,500,2.901,17700,2.9,12500,2.914,6600,2.915,1700,2.924,9400,2.925,4900,2.929,5900,2.931,600,2.937,300,2.939,1000,2.94,10000,2.95,1000
2020-08-20 11:20:00.930,2.914,4800.0,2.968,2.926469,2.909,2.955,2.912,11000,2.911,14100,2.91,17100,2.909,5000,2.908,200,2.907,300,2.905,2000,2.903,500,2.901,17700,2.9,12500,2.914,1800,2.915,1700,2.924,9400,2.925,4900,2.929,5900,2.931,600,2.937,300,2.939,1000,2.94,10000,2.95,1000
2020-08-20 11:21:32.260,2.912,100.0,2.968,2.9264650000000003,2.907,2.955,2.912,10900,2.911,14100,2.91,17100,2.909,5000,2.908,200,2.907,300,2.905,2000,2.903,500,2.901,17700,2.9,12500,2.924,9400,2.925,4900,2.929,5900,2.931,600,2.937,300,2.939,1000,2.94,10000,2.95,1000,2.959,10000,2.966,4900
2020-08-20 11:27:11.230,2.913,2000.0,2.968,2.926391,2.911,2.955,2.913,8400,2.912,10900,2.911,14100,2.91,17700,2.909,5000,2.908,200,2.907,300,2.905,2000,2.903,100,2.901,17700,2.924,9400,2.925,4900,2.929,5900,2.931,600,2.937,300,2.939,1000,2.94,10000,2.95,1000,2.959,10000,2.966,4900
2020-08-20 11:28:58.420,2.913,9200.0,2.968,2.9260599999999997,2.91,2.955,2.912,16300,2.911,13000,2.91,17700,2.909,5000,2.908,200,2.907,300,2.905,2000,2.903,100,2.901,17700,2.9,12500,2.913,10800,2.924,9400,2.925,4900,2.929,5900,2.931,600,2.937,300,2.939,1000,2.94,10000,2.95,1000,2.959,10000
2020-08-20 11:29:03.840,2.913,10000.0,2.968,2.925719,2.909,2.955,2.912,16300,2.911,13000,2.91,17700,2.909,5000,2.908,200,2.907,300,2.905,2000,2.903,100,2.901,17700,2.9,12500,2.913,800,2.924,9400,2.925,4900,2.929,5900,2.931,600,2.937,300,2.939,1000,2.94,10000,2.95,1000,2.959,10000
2020-08-20 11:29:04.360,2.913,800.0,2.968,2.9256919999999997,2.909,2.955,2.913,9200,2.912,16300,2.911,13000,2.91,17700,2.909,5000,2.908,200,2.907,300,2.905,2000,2.903,100,2.901,17700,2.924,9400,2.925,4900,2.929,5900,2.931,600,2.937,300,2.939,1000,2.94,10000,2.95,1000,2.959,10000,2.966,4900
2020-08-20 13:00:01.080,2.923,600.0,2.968,2.9256860000000002,2.909,2.955,2.923,4800,2.914,30100,2.913,1100,2.912,16300,2.911,13000,2.91,19300,2.909,5000,2.908,200,2.907,300,2.905,2000,2.924,9400,2.925,4900,2.929,5900,2.931,600,2.937,300,2.939,1000,2.94,10000,2.95,1000,2.959,10000,2.966,4900
2020-08-20 13:00:11.050,2.923,5300.0,2.968,2.92565,2.91,2.955,2.914,30100,2.913,1300,2.912,16300,2.911,13000,2.91,19300,2.909,5000,2.908,200,2.907,300,2.905,2000,2.903,100,2.923,4700,2.924,19400,2.925,4900,2.929,5900,2.931,600,2.937,300,2.939,1000,2.94,10000,2.95,1000,2.959,10000
2020-08-20 13:00:12.240,2.914,400.0,2.968,2.925638,2.909,2.955,2.914,29700,2.913,1300,2.912,16300,2.911,13000,2.91,19300,2.909,5000,2.908,200,2.907,300,2.905,2000,2.903,100,2.923,14800,2.924,19400,2.925,4900,2.929,5900,2.931,600,2.937,300,2.939,1000,2.94,10000,2.95,1000,2.959,10000
2020-08-20 13:09:38.120,2.923,100.0,2.968,2.925637,2.918,2.955,2.923,700,2.916,33400,2.915,14000,2.913,1300,2.912,6400,2.911,3000,2.91,20300,2.909,5000,2.908,200,2.907,300,2.924,500,2.925,4900,2.929,5900,2.931,600,2.937,300,2.939,1000,2.95,1000,2.966,4900,2.974,7000,2.98,7500
2020-08-20 13:15:43.730,2.924,500.0,2.968,2.9256349999999998,2.916,2.955,2.924,1900,2.923,4200,2.916,33400,2.915,10000,2.913,1300,2.912,6400,2.911,3000,2.91,20300,2.909,5000,2.908,200,2.925,4900,2.929,5900,2.931,600,2.937,300,2.939,1000,2.95,1000,2.966,4900,2.974,7000,2.98,7500,2.998,4000
2020-08-20 13:15:45.830,2.924,500.0,2.968,2.9256330000000004,2.916,2.955,2.924,1400,2.923,4200,2.916,33400,2.915,10000,2.913,1300,2.912,6400,2.911,3000,2.91,20300,2.909,5000,2.908,200,2.925,4900,2.929,5900,2.931,600,2.937,300,2.939,1000,2.95,1000,2.966,4900,2.974,7000,2.98,7500,2.998,4000
2020-08-20 13:21:46.910,2.925,1000.0,2.968,2.925631,2.914,2.955,2.924,10100,2.923,7600,2.916,33400,2.915,10000,2.913,1300,2.912,6400,2.911,3000,2.91,19700,2.909,5000,2.908,200,2.925,3900,2.929,5900,2.93,200,2.931,600,2.937,300,2.939,1000,2.95,1000,2.966,4900,2.974,7000,2.98,7500
2020-08-20 13:23:36.350,2.924,1400.0,2.968,2.925626,2.913,2.955,2.923,7600,2.916,29700,2.915,10000,2.913,1300,2.912,6400,2.911,3000,2.91,19700,2.909,5000,2.908,200,2.907,300,2.925,3900,2.929,5900,2.93,200,2.931,600,2.937,300,2.939,1000,2.95,1000,2.966,4900,2.974,7000,2.98,7500
2020-08-20 13:23:43.030,2.923,5400.0,2.968,2.92559,2.914,2.955,2.923,2200,2.916,29700,2.915,10000,2.913,1300,2.912,6400,2.911,3000,2.91,19700,2.909,5000,2.908,200,2.907,300,2.925,3900,2.929,5900,2.93,200,2.931,600,2.937,300,2.939,1000,2.95,1000,2.966,4900,2.974,7000,2.98,7500
2020-08-20 13:25:40.490,2.923,300.0,2.968,2.9255880000000003,2.911,2.955,2.923,1900,2.916,29700,2.915,10000,2.913,1300,2.912,6400,2.911,3000,2.91,19700,2.909,5000,2.908,200,2.907,300,2.925,3900,2.929,5900,2.93,200,2.931,600,2.937,300,2.939,1000,2.95,1000,2.966,4900,2.974,7000,2.98,7500
2020-08-20 13:27:45.050,2.923,100.0,2.968,2.9255869999999997,2.91,2.955,2.923,1800,2.916,29700,2.915,10000,2.913,1300,2.912,6400,2.911,3000,2.91,19700,2.909,5000,2.908,200,2.907,300,2.925,3900,2.929,5900,2.93,200,2.931,600,2.937,300,2.939,1000,2.95,1000,2.966,4900,2.974,7000,2.98,7500
2020-08-20 13:28:23.490,2.923,1800.0,2.968,2.925576,2.909,2.955,2.917,7900,2.916,29700,2.915,10000,2.913,4700,2.912,6400,2.911,3000,2.91,19700,2.909,5000,2.908,200,2.907,300,2.923,8200,2.925,3900,2.929,5900,2.93,200,2.931,600,2.937,300,2.939,1000,2.95,1000,2.966,4900,2.974,7000
2020-08-20 13:31:47.190,2.924,10000.0,2.968,2.925537,2.915,2.955,2.924,19600,2.917,7900,2.915,10000,2.913,4700,2.912,6400,2.911,13000,2.91,19700,2.909,5000,2.908,200,2.907,300,2.925,3900,2.929,5900,2.93,200,2.931,600,2.937,300,2.939,1000,2.95,1000,2.966,4900,2.974,7000,2.98,7500
2020-08-20 13:31:52.230,2.924,10000.0,2.968,2.9255009999999997,2.915,2.955,2.924,9600,2.917,7900,2.915,10000,2.913,4700,2.912,6400,2.911,13000,2.91,19700,2.909,5000,2.908,200,2.907,300,2.925,3900,2.929,5900,2.93,200,2.931,600,2.937,300,2.939,1000,2.95,1000,2.966,4900,2.974,7000,2.98,7500
2020-08-20 13:31:53.560,2.924,9600.0,2.968,2.925467,2.915,2.955,2.917,7900,2.915,10000,2.913,4700,2.912,6400,2.911,13000,2.91,19700,2.909,5000,2.908,200,2.907,300,2.905,2000,2.924,400,2.925,3900,2.929,5900,2.93,200,2.931,600,2.937,300,2.939,1000,2.95,1000,2.966,4900,2.974,7000
2020-08-20 13:32:04.220,2.917,300.0,2.968,2.925462,2.914,2.955,2.917,7600,2.915,10000,2.913,4700,2.912,6400,2.911,13000,2.91,19700,2.909,5000,2.908,200,2.907,300,2.905,2000,2.924,400,2.925,3900,2.929,5900,2.93,200,2.931,600,2.937,300,2.939,1000,2.95,1000,2.966,4900,2.974,7000
2020-08-20 13:34:28.200,2.917,10000.0,2.968,2.9252700000000003,2.909,2.955,2.917,4800,2.915,10000,2.913,4700,2.912,6400,2.911,3000,2.91,24700,2.909,5000,2.908,200,2.907,300,2.905,2000,2.924,10400,2.925,3900,2.929,5900,2.93,200,2.931,600,2.937,300,2.939,1000,2.95,1000,2.966,4900,2.974,7000
2020-08-20 13:34:28.600,2.917,4800.0,2.968,2.92518,2.909,2.955,2.915,10000,2.913,4700,2.912,6400,2.911,3000,2.91,24700,2.909,5000,2.908,200,2.907,300,2.905,2000,2.903,100,2.917,5200,2.924,10400,2.925,3900,2.929,5900,2.93,200,2.931,600,2.937,300,2.939,1000,2.95,1000,2.966,4900
2020-08-20 13:37:28.140,2.917,500.0,2.968,2.9251709999999997,2.911,2.955,2.915,12000,2.913,4700,2.912,6400,2.911,3000,2.91,24700,2.909,5000,2.908,200,2.907,300,2.905,2000,2.903,100,2.917,10900,2.924,10400,2.925,3900,2.929,5900,2.93,200,2.931,600,2.937,300,2.939,1000,2.95,1000,2.966,4900
2020-08-20 13:37:56.370,2.917,200.0,2.968,2.925168,2.911,2.955,2.915,12000,2.913,4700,2.912,6400,2.911,3000,2.91,24700,2.909,5000,2.908,200,2.907,300,2.905,2000,2.903,100,2.917,10700,2.924,10400,2.925,3900,2.929,5900,2.93,200,2.931,600,2.937,300,2.939,1000,2.95,1000,2.966,4900
2020-08-20 13:45:05.830,2.916,1700.0,2.968,2.925133,2.915,2.955,2.915,12000,2.913,4700,2.912,6400,2.911,3000,2.91,24700,2.909,5000,2.908,200,2.907,300,2.905,2000,2.903,100,2.916,131100,2.917,10700,2.924,10400,2.925,3900,2.929,5900,2.93,200,2.931,600,2.937,300,2.939,1000,2.95,1000
2020-08-20 13:45:09.010,2.916,1300.0,2.968,2.925106,2.915,2.955,2.915,12000,2.913,4700,2.912,6400,2.911,3000,2.91,24700,2.909,5000,2.908,200,2.907,300,2.905,2000,2.903,100,2.916,129800,2.917,10700,2.924,10400,2.925,3900,2.929,5900,2.93,200,2.931,600,2.937,300,2.939,1000,2.95,1000
2020-08-20 13:45:10.510,2.916,600.0,2.968,2.925094,2.915,2.955,2.915,12000,2.913,4700,2.912,6400,2.911,3000,2.91,24700,2.909,5000,2.908,200,2.907,300,2.905,2000,2.903,100,2.916,129200,2.917,10700,2.924,10400,2.925,3900,2.929,5900,2.93,200,2.931,600,2.937,300,2.939,1000,2.95,1000
2020-08-20 13:45:25.480,2.915,10700.0,2.968,2.92486,2.915,2.955,2.915,1300,2.913,4700,2.912,6400,2.911,3000,2.91,24700,2.909,5000,2.908,200,2.907,300,2.905,2000,2.903,100,2.916,129200,2.924,10400,2.925,3900,2.929,5900,2.93,200,2.931,600,2.937,300,2.939,1000,2.95,1000,2.966,4900
2020-08-20 13:50:12.430,2.924,3000.0,2.968,2.9248540000000003,2.917,2.955,2.918,5800,2.915,2100,2.913,4800,2.912,6400,2.911,3000,2.91,25200,2.909,5000,2.908,200,2.905,2000,2.903,6400,2.924,7400,2.925,3900,2.929,5900,2.93,200,2.931,600,2.937,300,2.939,1000,2.95,1000,2.966,4900,2.974,7000
2020-08-20 13:52:31.030,2.924,5200.0,2.968,2.924845,2.915,2.955,2.915,1700,2.913,4800,2.912,7200,2.911,116000,2.91,25200,2.909,5000,2.908,200,2.905,2000,2.903,6400,2.901,12700,2.924,2200,2.925,3900,2.929,5900,2.93,200,2.931,600,2.937,300,2.939,1000,2.95,1000,2.966,4900,2.974,7000
2020-08-20 13:52:43.540,2.924,200.0,2.968,2.9248439999999998,2.914,2.955,2.915,1700,2.913,4800,2.912,7200,2.911,116000,2.91,25200,2.909,5000,2.908,200,2.905,2000,2.903,6400,2.901,12700,2.924,12000,2.925,3900,2.929,5900,2.93,200,2.931,600,2.937,300,2.939,1000,2.95,1000,2.966,4900,2.974,7000
2020-08-20 14:04:15.450,2.915,1700.0,2.968,2.924809,2.913,2.955,2.913,14800,2.912,71600,2.911,16000,2.91,25200,2.909,5000,2.908,200,2.905,2000,2.903,6400,2.901,12700,2.9,15000,2.915,5800,2.924,10000,2.925,3900,2.929,5900,2.93,200,2.931,600,2.937,300,2.939,1000,2.95,1000,2.966,4900
2020-08-20 14:04:59.430,2.913,5800.0,2.968,2.924665,2.913,2.955,2.913,9000,2.912,71600,2.911,16000,2.91,25200,2.909,5000,2.908,200,2.905,2000,2.903,6400,2.901,12700,2.9,15000,2.924,10000,2.925,3900,2.929,5900,2.93,200,2.931,600,2.937,300,2.939,1000,2.95,1000,2.966,4900,2.974,7000
2020-08-20 14:07:38.190,2.924,1000.0,2.968,2.924664,2.91,2.955,2.913,13000,2.912,71600,2.911,16000,2.91,25200,2.909,5000,2.908,200,2.905,2000,2.903,6400,2.901,12700,2.9,15000,2.924,9000,2.925,3900,2.929,5900,2.93,200,2.931,600,2.937,300,2.939,1000,2.95,1000,2.966,4900,2.974,7000
2020-08-20 14:16:55.670,2.919,100.0,2.968,2.924662,2.916,2.955,2.918,100,2.917,100,2.916,100,2.915,500,2.914,10600,2.913,13000,2.912,71600,2.911,16000,2.91,25200,2.909,5000,2.919,4900,2.924,9000,2.925,3900,2.929,5900,2.93,200,2.931,600,2.937,300,2.939,1000,2.95,1000,2.966,4900
2020-08-20 14:18:46.960,2.919,4900.0,2.968,2.924605,2.914,2.955,2.919,100,2.918,100,2.917,100,2.916,100,2.915,900,2.914,10600,2.913,13000,2.912,71600,2.911,16000,2.91,25200,2.924,9200,2.925,3900,2.929,5900,2.93,200,2.931,600,2.937,300,2.939,1000,2.95,1000,2.966,4900,2.974,7000
2020-08-20 14:24:07.180,2.924,1000.0,2.968,2.924604,2.914,2.955,2.919,100,2.918,100,2.917,100,2.916,100,2.915,900,2.914,10600,2.913,13000,2.912,6400,2.911,16000,2.91,25200,2.924,8200,2.925,3900,2.929,5900,2.93,200,2.931,600,2.937,300,2.939,1000,2.95,1000,2.966,4900,2.974,7000
2020-08-20 14:25:00.970,2.92,200.0,2.968,2.924602,2.915,2.955,2.919,15100,2.918,100,2.917,100,2.916,100,2.915,900,2.914,10600,2.913,13000,2.912,6400,2.911,16000,2.91,25200,2.92,5100,2.924,8200,2.925,3900,2.929,5900,2.93,200,2.931,600,2.937,300,2.939,1000,2.95,1000,2.966,4900
2020-08-20 14:26:39.000,2.92,2300.0,2.968,2.9245799999999997,2.917,2.955,2.919,15100,2.918,100,2.917,100,2.916,100,2.915,900,2.914,10600,2.913,13000,2.912,6400,2.911,16000,2.91,26200,2.92,2800,2.924,8200,2.925,3900,2.929,5900,2.93,200,2.931,600,2.937,300,2.939,1000,2.95,1000,2.966,4900
2020-08-20 14:28:01.730,2.919,100.0,2.968,2.924579,2.915,2.955,2.918,100,2.917,100,2.916,100,2.915,900,2.914,10600,2.913,13000,2.912,6400,2.911,16000,2.91,26200,2.909,5000,2.919,100,2.92,2800,2.924,8200,2.925,3900,2.929,5900,2.93,200,2.931,600,2.937,300,2.939,1000,2.95,1000
2020-08-20 14:28:03.250,2.92,2900.0,2.968,2.9245509999999997,2.916,2.955,2.92,7100,2.918,100,2.917,100,2.916,100,2.915,900,2.914,10600,2.913,13000,2.912,6400,2.911,16000,2.91,26200,2.924,8200,2.925,3900,2.929,5900,2.93,200,2.931,600,2.937,300,2.939,1000,2.95,1000,2.966,4900,2.974,7000
2020-08-20 14:28:19.400,2.924,2000.0,2.968,2.9245490000000003,2.915,2.955,2.92,7400,2.918,100,2.917,100,2.916,100,2.915,900,2.914,10600,2.913,13000,2.912,6400,2.911,16000,2.91,26200,2.924,6200,2.925,3900,2.929,5900,2.93,200,2.931,600,2.937,300,2.939,1000,2.95,1000,2.966,4900,2.974,7000
2020-08-20 14:29:00.680,2.923,200.0,2.968,2.9245490000000003,2.914,2.955,2.92,7100,2.918,100,2.917,100,2.916,100,2.915,900,2.914,10600,2.913,13000,2.912,6400,2.911,16000,2.91,26200,2.923,3400,2.924,6200,2.925,3900,2.929,5900,2.93,200,2.931,600,2.937,300,2.939,1000,2.95,1000,2.966,4900
2020-08-20 14:29:57.520,2.92,7100.0,2.968,2.924484,2.913,2.955,2.918,100,2.917,100,2.916,100,2.915,900,2.914,10600,2.913,13000,2.912,6400,2.911,16000,2.91,26200,2.909,5000,2.92,2900,2.924,6200,2.925,3900,2.929,5900,2.93,200,2.931,600,2.937,300,2.939,1000,2.95,1000,2.966,4900
2020-08-20 14:30:02.270,2.923,600.0,2.968,2.924482,2.912,2.955,2.918,100,2.917,100,2.916,100,2.915,900,2.914,10600,2.913,13000,2.912,6400,2.911,16000,2.91,26200,2.909,5000,2.924,6200,2.925,3900,2.929,5900,2.93,200,2.931,600,2.937,300,2.939,1000,2.95,1000,2.966,4900,2.974,7000
2020-08-20 14:30:24.920,2.918,100.0,2.968,2.924481,2.911,2.955,2.917,100,2.916,100,2.915,900,2.914,10600,2.913,13000,2.912,6400,2.911,16000,2.91,26200,2.909,5000,2.908,200,2.918,5200,2.924,6200,2.925,3900,2.929,5900,2.93,200,2.931,600,2.937,300,2.939,1000,2.95,1000,2.966,4900
2020-08-20 14:31:02.510,2.918,500.0,2.968,2.924474,2.91,2.955,2.917,100,2.916,100,2.915,900,2.914,10600,2.913,13000,2.912,6400,2.911,16000,2.91,26200,2.909,5000,2.908,200,2.918,4700,2.924,6200,2.925,3900,2.929,5900,2.93,200,2.931,600,2.937,300,2.939,1000,2.95,1000,2.966,4900
2020-08-20 14:31:55.770,2.917,100.0,2.968,2.924473,2.91,2.955,2.916,100,2.915,900,2.914,10600,2.913,13000,2.912,6400,2.911,16000,2.91,26200,2.909,5000,2.908,200,2.905,2000,2.918,4700,2.924,6200,2.925,3900,2.929,5900,2.93,200,2.931,600,2.937,300,2.939,1000,2.95,1000,2.966,4900
2020-08-20 14:32:29.610,2.916,100.0,2.968,2.924471,2.909,2.955,2.915,900,2.914,600,2.913,13000,2.912,6400,2.911,16000,2.91,26200,2.909,5000,2.908,200,2.905,2000,2.903,6400,2.916,4600,2.924,6200,2.925,3900,2.929,5900,2.93,200,2.931,600,2.937,300,2.939,1000,2.95,1000,2.966,4900
2020-08-20 14:33:28.250,2.916,400.0,2.968,2.924464,2.908,2.955,2.915,5900,2.914,600,2.913,13000,2.912,6400,2.911,16000,2.91,26200,2.909,5000,2.908,200,2.905,2000,2.903,6400,2.916,4200,2.924,6200,2.925,3900,2.929,5900,2.93,200,2.931,600,2.937,300,2.939,1000,2.95,1000,2.966,4900
2020-08-20 14:33:33.200,2.915,900.0,2.968,2.9244470000000002,2.908,2.955,2.915,5000,2.914,600,2.913,13000,2.912,6400,2.911,16000,2.91,26200,2.909,5000,2.908,200,2.905,2000,2.903,6400,2.916,4200,2.924,6200,2.925,3900,2.929,5900,2.93,200,2.931,600,2.937,300,2.939,1000,2.95,1000,2.966,4900
2020-08-20 14:35:00.540,2.914,4200.0,2.968,2.924102,2.906,2.955,2.914,1200,2.913,5900,2.912,6400,2.911,16000,2.91,26200,2.909,5000,2.908,200,2.905,2000,2.903,6400,2.901,12700,2.924,6200,2.925,3900,2.929,5900,2.93,200,2.931,600,2.937,300,2.939,1000,2.95,1000,2.966,4900,2.974,7000
2020-08-20 14:35:25.120,2.914,1200.0,2.968,2.924079,2.907,2.955,2.913,5900,2.912,6400,2.911,16000,2.91,26200,2.909,5000,2.908,200,2.905,2000,2.903,6400,2.901,12700,2.9,15500,2.914,3100,2.924,6200,2.925,3900,2.929,5900,2.93,200,2.931,600,2.937,300,2.939,1000,2.95,1000,2.966,4900
2020-08-20 14:37:30.910,2.914,3100.0,2.968,2.924019,2.908,2.955,2.914,300,2.913,5900,2.912,6400,2.911,16000,2.91,26200,2.909,5000,2.908,200,2.905,2000,2.903,6400,2.901,12700,2.924,6200,2.925,3900,2.929,5900,2.93,200,2.931,600,2.937,300,2.939,1000,2.95,1000,2.966,4900,2.974,7000
2020-08-20 14:38:24.900,2.914,100.0,2.968,2.9240169999999996,2.908,2.955,2.914,200,2.913,5900,2.912,6400,2.911,16000,2.91,26200,2.909,5000,2.908,200,2.905,2000,2.903,6400,2.901,12700,2.923,400,2.924,6200,2.925,3900,2.929,5900,2.93,200,2.931,600,2.937,300,2.939,1000,2.95,1000,2.966,4900
2020-08-20 14:39:42.210,2.912,10000.0,2.968,2.923803,2.905,2.955,2.912,2500,2.911,16000,2.91,26200,2.909,5000,2.908,200,2.905,2000,2.903,6400,2.901,12700,2.9,15500,2.898,100,2.922,10000,2.923,400,2.924,6200,2.925,3900,2.929,5900,2.93,200,2.931,600,2.937,300,2.939,1000,2.95,1000
2020-08-20 14:39:44.000,2.912,2500.0,2.968,2.923748,2.905,2.955,2.911,16000,2.91,26200,2.909,5000,2.908,200,2.905,2000,2.903,6400,2.901,12700,2.9,15500,2.898,100,2.896,1000,2.912,7500,2.922,10000,2.923,400,2.924,6200,2.925,3900,2.929,5900,2.93,200,2.931,600,2.937,300,2.939,1000
2020-08-20 14:39:58.880,2.909,44300.0,2.968,2.92272,2.903,2.955,2.909,2800,2.908,200,2.905,2000,2.903,6400,2.901,12700,2.9,15500,2.898,100,2.896,1000,2.893,400,2.89,7600,2.922,10000,2.923,400,2.924,6200,2.925,3900,2.929,5900,2.93,200,2.931,600,2.937,300,2.939,1000,2.95,1000
2020-08-20 14:40:25.700,2.909,2800.0,2.968,2.922654,2.902,2.955,2.908,200,2.905,2000,2.903,6400,2.901,12700,2.9,15500,2.898,100,2.896,1000,2.893,400,2.89,7600,2.88,18600,2.909,7200,2.922,10000,2.923,400,2.924,6200,2.925,3900,2.929,5900,2.93,200,2.931,600,2.937,300,2.939,1000
2020-08-20 14:41:02.680,2.908,200.0,2.968,2.9226490000000003,2.901,2.955,2.905,2000,2.903,6400,2.901,12700,2.9,16500,2.898,100,2.896,1000,2.893,400,2.89,7600,2.88,18600,2.877,1300,2.908,5200,2.922,10000,2.923,400,2.924,6200,2.925,3900,2.929,5900,2.93,200,2.931,600,2.937,300,2.939,1000
2020-08-20 14:41:36.430,2.905,2000.0,2.968,2.922588,2.903,2.955,2.903,6400,2.901,12700,2.9,16500,2.898,100,2.896,1000,2.893,400,2.89,7600,2.88,18600,2.877,1300,2.872,10000,2.904,3200,2.922,10000,2.923,400,2.924,6200,2.925,3900,2.929,5900,2.93,200,2.931,600,2.937,300,2.939,1000
2020-08-20 14:41:37.160,2.904,3200.0,2.968,2.922487,2.903,2.955,2.908,200,2.903,6400,2.901,12700,2.9,16500,2.898,100,2.896,1000,2.893,400,2.89,7600,2.88,18600,2.877,1300,2.922,10000,2.923,400,2.924,6200,2.925,3900,2.929,5900,2.93,200,2.931,600,2.937,300,2.939,1000,2.95,1000
2020-08-20 14:42:50.570,2.919,4000.0,2.968,2.922463,2.903,2.955,2.909,4300,2.908,200,2.904,500,2.903,6400,2.901,12700,2.9,16500,2.898,100,2.896,1000,2.893,400,2.89,7600,2.919,6000,2.92,5000,2.922,10000,2.924,200,2.925,3900,2.929,5900,2.93,200,2.931,600,2.937,300,2.939,1000
2020-08-20 14:44:07.620,2.91,500.0,2.968,2.922453,2.902,2.955,2.908,200,2.904,500,2.903,6400,2.902,4000,2.901,12700,2.9,17500,2.898,100,2.896,1000,2.893,400,2.89,7600,2.918,10400,2.922,10000,2.924,200,2.925,3900,2.929,5900,2.93,200,2.931,600,2.937,300,2.939,1000,2.966,4900
2020-08-20 14:47:13.600,2.91,500.0,2.968,2.9224419999999998,2.905,2.955,2.909,500,2.908,20200,2.904,500,2.903,6400,2.902,4000,2.901,12700,2.9,17500,2.898,1100,2.896,1000,2.893,400,2.91,3500,2.918,10400,2.922,10000,2.924,200,2.925,3900,2.929,5900,2.93,200,2.931,600,2.937,300,2.939,1000
2020-08-20 14:48:02.190,2.91,800.0,2.968,2.9224259999999997,2.906,2.955,2.909,10500,2.908,20200,2.904,500,2.903,6400,2.902,4000,2.901,12700,2.9,17500,2.898,1100,2.896,1000,2.893,400,2.91,2700,2.918,10400,2.922,10000,2.924,200,2.925,3900,2.929,5900,2.93,200,2.931,600,2.937,300,2.939,1000
2020-08-20 14:48:25.600,2.91,2700.0,2.968,2.9223689999999998,2.907,2.955,2.91,3600,2.909,10500,2.908,20200,2.904,10500,2.903,6400,2.902,4000,2.901,12700,2.9,17500,2.898,1100,2.896,1000,2.918,10400,2.922,10000,2.924,200,2.925,3900,2.929,5900,2.93,200,2.931,600,2.937,300,2.939,1000,2.966,4900
2020-08-20 14:53:01.510,2.916,800.0,2.968,2.922361,2.91,2.955,2.916,1400,2.911,10000,2.91,9400,2.909,10000,2.908,20200,2.904,500,2.903,100,2.901,12700,2.9,17500,2.898,1100,2.918,2100,2.922,10000,2.924,200,2.925,3900,2.929,5900,2.93,200,2.931,600,2.937,300,2.939,1000,2.966,4900
2020-08-20 14:53:37.580,2.918,800.0,2.968,2.922355,2.91,2.955,2.916,1400,2.911,10000,2.91,19400,2.909,10000,2.908,20200,2.904,500,2.903,100,2.901,12700,2.9,17500,2.898,1100,2.918,1300,2.922,10000,2.924,200,2.925,3900,2.929,5900,2.93,200,2.931,600,2.937,300,2.939,1000,2.966,4900
2020-08-20 14:54:21.600,2.918,400.0,2.968,2.922352,2.91,2.955,2.916,1400,2.911,10000,2.91,19400,2.909,10000,2.908,20200,2.904,500,2.903,100,2.901,12700,2.9,17500,2.898,1100,2.918,900,2.922,10000,2.924,200,2.925,3900,2.929,5900,2.93,200,2.931,600,2.937,300,2.939,1000,2.966,4900
2020-08-20 14:55:37.660,2.916,900.0,2.968,2.922342,2.91,2.955,2.916,500,2.911,10000,2.91,19300,2.909,10000,2.908,20200,2.904,500,2.903,100,2.901,12700,2.9,17500,2.898,1100,2.922,10000,2.924,200,2.925,3900,2.929,5900,2.93,200,2.931,600,2.937,300,2.939,1000,2.966,4900,2.974,7000
2020-08-20 14:58:48.300,2.922,100.0,2.968,2.922342,2.911,2.955,2.917,2000,2.916,1000,2.912,8000,2.911,10000,2.91,7700,2.909,10000,2.908,20200,2.904,500,2.903,100,2.901,12700,2.922,9900,2.924,200,2.925,3900,2.929,5900,2.93,200,2.931,600,2.933,17000,2.937,300,2.939,1000,2.966,4900
