Datetime,Price,Volume
2020-11-09 09:25:00.060,3.435,2000
2020-11-09 09:25:00.060,3.435,16300
2020-11-09 09:25:00.060,3.435,13000
2020-11-09 09:25:00.060,3.435,30100
2020-11-09 09:25:00.060,3.435,200
2020-11-09 09:25:00.060,3.435,200
2020-11-09 09:25:00.060,3.435,800
2020-11-09 09:25:00.060,3.435,1500
2020-11-09 09:25:00.060,3.435,900
2020-11-09 09:25:00.060,3.435,500
2020-11-09 09:25:00.060,3.435,1400
2020-11-09 09:25:00.060,3.435,5500
2020-11-09 09:25:00.060,3.435,6500
2020-11-09 09:25:00.060,3.435,18500
2020-11-09 09:25:00.060,3.435,15100
2020-11-09 09:25:00.060,3.435,9900
2020-11-09 09:25:00.060,3.435,2000
2020-11-09 09:25:00.060,3.435,900
2020-11-09 09:25:00.060,3.435,500
2020-11-09 09:25:00.060,3.435,5000
2020-11-09 09:25:00.060,3.435,2500
2020-11-09 09:25:00.060,3.435,1100
2020-11-09 09:25:00.060,3.435,6000
2020-11-09 09:25:00.060,3.435,1700
2020-11-09 09:25:00.060,3.435,10000
2020-11-09 09:25:00.060,3.435,1200
2020-11-09 09:25:00.060,3.435,3000
2020-11-09 09:25:00.060,3.435,200
2020-11-09 09:25:00.060,3.435,1000
2020-11-09 09:25:00.060,3.435,18600
2020-11-09 09:25:00.060,3.435,1000
2020-11-09 09:25:00.060,3.435,3900
2020-11-09 09:25:00.060,3.435,100
2020-11-09 09:25:00.060,3.435,9900
2020-11-09 09:25:00.060,3.435,9500
2020-11-09 09:25:00.060,3.435,600
2020-11-09 09:25:00.060,3.435,5100
2020-11-09 09:25:00.060,3.435,100
2020-11-09 09:25:00.060,3.435,400
2020-11-09 09:25:00.060,3.435,200
2020-11-09 09:25:00.060,3.435,8300
2020-11-09 09:25:00.060,3.435,15000
2020-11-09 09:25:00.060,3.435,100
2020-11-09 09:25:00.060,3.435,700
2020-11-09 09:25:00.060,3.435,5500
2020-11-09 09:25:00.060,3.435,100
2020-11-09 09:25:00.060,3.435,100
2020-11-09 09:25:00.060,3.435,800
2020-11-09 09:25:00.060,3.435,500
2020-11-09 09:25:00.060,3.435,2400
2020-11-09 09:25:00.060,3.435,5000
2020-11-09 09:25:00.060,3.435,1000
2020-11-09 09:25:00.060,3.435,400
2020-11-09 09:25:00.060,3.435,100
2020-11-09 09:25:00.060,3.435,200
2020-11-09 09:25:00.060,3.435,300
2020-11-09 09:25:00.060,3.435,100
2020-11-09 09:25:00.060,3.435,14000
2020-11-09 09:25:00.060,3.435,29800
2020-11-09 09:25:00.060,3.435,200
2020-11-09 09:25:00.060,3.435,1500
2020-11-09 09:25:00.060,3.435,200
2020-11-09 09:25:00.060,3.435,1000
2020-11-09 09:25:00.060,3.435,300
2020-11-09 09:25:00.060,3.435,2200
2020-11-09 09:25:00.060,3.435,200
2020-11-09 09:25:00.060,3.435,400
2020-11-09 09:25:00.060,3.435,6400
2020-11-09 09:25:00.060,3.435,3000
2020-11-09 09:25:00.060,3.435,3200
2020-11-09 09:25:00.060,3.435,72300
2020-11-09 09:25:00.060,3.435,10000
2020-11-09 09:25:00.060,3.435,700
2020-11-09 09:25:00.060,3.435,1000
2020-11-09 09:25:00.060,3.435,1500
2020-11-09 09:25:00.060,3.435,5000
2020-11-09 09:25:00.060,3.435,2000
2020-11-09 09:25:00.060,3.435,10100
2020-11-09 09:25:00.060,3.435,800
2020-11-09 09:25:00.060,3.435,100
2020-11-09 09:25:00.060,3.435,200
2020-11-09 09:25:00.060,3.435,400
2020-11-09 09:25:00.060,3.435,700
2020-11-09 09:25:00.060,3.435,15000
2020-11-09 09:25:00.060,3.435,500
2020-11-09 09:25:00.060,3.435,30300
2020-11-09 09:25:00.060,3.435,10000
2020-11-09 09:25:00.060,3.435,5000
2020-11-09 09:25:00.060,3.435,2700
2020-11-09 09:25:00.060,3.435,100
2020-11-09 09:25:00.060,3.435,100
2020-11-09 09:25:00.060,3.435,200
2020-11-09 09:25:00.060,3.435,2800
2020-11-09 09:25:00.060,3.435,20000
2020-11-09 09:25:00.060,3.435,100
2020-11-09 09:25:00.060,3.435,200
2020-11-09 09:25:00.060,3.435,300
2020-11-09 09:25:00.060,3.435,400
2020-11-09 09:25:00.060,3.435,5600
2020-11-09 09:25:00.060,3.435,11000
2020-11-09 09:25:00.060,3.435,10000
2020-11-09 09:25:00.060,3.435,7000
2020-11-09 09:25:00.060,3.435,700
2020-11-09 09:25:00.060,3.435,5800
2020-11-09 09:25:00.060,3.435,100
2020-11-09 09:25:00.060,3.435,2400
2020-11-09 09:25:00.060,3.435,100
2020-11-09 09:25:00.060,3.435,8700
2020-11-09 09:25:00.060,3.435,200
2020-11-09 09:25:00.060,3.435,4000
2020-11-09 09:25:00.060,3.435,100
2020-11-09 09:25:00.060,3.435,10000
2020-11-09 09:25:00.060,3.435,3000
2020-11-09 09:25:00.060,3.435,100
2020-11-09 09:25:00.060,3.435,1000
2020-11-09 09:25:00.060,3.435,200
2020-11-09 09:25:00.060,3.435,12700
2020-11-09 09:25:00.060,3.435,1300
2020-11-09 09:25:00.060,3.435,300
2020-11-09 09:25:00.060,3.435,100
2020-11-09 09:25:00.060,3.435,4000
2020-11-09 09:25:00.060,3.435,300
2020-11-09 09:25:00.060,3.435,20700
2020-11-09 09:25:00.060,3.435,300
2020-11-09 09:25:00.060,3.435,200
2020-11-09 09:25:00.060,3.435,500
2020-11-09 09:25:00.060,3.435,300
2020-11-09 09:25:00.060,3.435,200
2020-11-09 09:25:00.060,3.435,20000
2020-11-09 09:25:00.060,3.435,7800
2020-11-09 09:25:00.060,3.435,4200
2020-11-09 09:25:00.060,3.435,5000
2020-11-09 09:25:00.060,3.435,800
2020-11-09 09:25:00.060,3.435,100
2020-11-09 09:25:00.060,3.435,2100
2020-11-09 09:25:00.060,3.435,200
2020-11-09 09:25:00.060,3.435,5000
2020-11-09 09:25:00.060,3.435,200
2020-11-09 09:25:00.060,3.435,10000
2020-11-09 09:25:00.060,3.435,10000
2020-11-09 09:25:00.060,3.435,200
2020-11-09 09:25:00.060,3.435,2300
2020-11-09 09:25:00.060,3.435,600
2020-11-09 09:25:00.060,3.435,100
2020-11-09 09:25:00.060,3.435,100
2020-11-09 09:25:00.060,3.435,8800
2020-11-09 09:25:00.060,3.435,41000
2020-11-09 09:25:00.060,3.435,1100
2020-11-09 09:25:00.060,3.435,7900
2020-11-09 09:25:00.060,3.435,1100
2020-11-09 09:25:00.060,3.435,1900
2020-11-09 09:25:00.060,3.435,400
2020-11-09 09:25:00.060,3.435,2600
2020-11-09 09:25:00.060,3.435,2000
2020-11-09 09:25:00.060,3.435,3100
2020-11-09 09:25:00.060,3.435,3800
2020-11-09 09:25:00.060,3.435,500
2020-11-09 09:25:00.060,3.435,200
2020-11-09 09:25:00.060,3.435,10000
2020-11-09 09:25:00.060,3.435,5000
2020-11-09 09:25:00.060,3.435,1000
2020-11-09 09:25:00.060,3.435,7000
2020-11-09 09:25:00.060,3.435,500
2020-11-09 09:25:00.060,3.435,2300
2020-11-09 09:25:00.060,3.435,2900
2020-11-09 09:25:00.060,3.435,11000
2020-11-09 09:25:00.060,3.435,5000
2020-11-09 09:25:00.060,3.435,3000
2020-11-09 09:25:00.060,3.435,10000
2020-11-09 09:25:00.060,3.435,200
2020-11-09 09:25:00.060,3.435,200
2020-11-09 09:25:00.060,3.435,10100
2020-11-09 09:25:00.060,3.435,2000
2020-11-09 09:25:00.060,3.435,10000
2020-11-09 09:25:00.060,3.435,100
2020-11-09 09:25:00.060,3.435,800
2020-11-09 09:25:00.060,3.435,4400
2020-11-09 09:25:00.060,3.435,4300
2020-11-09 09:25:00.060,3.435,1000
2020-11-09 09:25:00.060,3.435,600
2020-11-09 09:25:00.060,3.435,100
2020-11-09 09:25:00.060,3.435,9300
2020-11-09 09:25:00.060,3.435,1000
2020-11-09 09:25:00.060,3.435,3000
2020-11-09 09:25:00.060,3.435,4000
2020-11-09 09:25:00.060,3.435,6000
2020-11-09 09:25:00.060,3.435,5000
2020-11-09 09:25:00.060,3.435,300
2020-11-09 09:25:00.060,3.435,6200
2020-11-09 09:25:00.060,3.435,3800
2020-11-09 09:25:00.060,3.435,1000
2020-11-09 09:25:00.060,3.435,2000
2020-11-09 09:25:00.060,3.435,5000
2020-11-09 09:25:00.060,3.435,500
2020-11-09 09:25:00.060,3.435,6500
2020-11-09 09:25:00.060,3.435,21400
2020-11-09 09:25:00.060,3.435,18400
2020-11-09 09:25:00.060,3.435,13000
2020-11-09 09:25:00.060,3.435,31800
2020-11-09 09:25:00.060,3.435,22400
2020-11-09 09:25:00.060,3.435,38100
2020-11-09 09:25:00.060,3.435,178100
2020-11-09 09:25:00.060,3.435,100
2020-11-09 09:25:00.060,3.435,100
2020-11-09 09:25:00.060,3.435,500
2020-11-09 09:25:00.060,3.435,1200
2020-11-09 09:25:00.060,3.435,2000
2020-11-09 09:25:00.060,3.435,6800
2020-11-09 09:25:00.060,3.435,200
2020-11-09 09:25:00.060,3.435,100
2020-11-09 09:25:00.060,3.435,20000
2020-11-09 09:25:00.060,3.435,10000
2020-11-09 09:25:00.060,3.435,6000
2020-11-09 09:25:00.060,3.435,4000
2020-11-09 09:25:00.060,3.435,600
2020-11-09 09:25:00.060,3.435,3400
2020-11-09 09:25:00.060,3.435,100
2020-11-09 09:25:00.060,3.435,100
2020-11-09 09:25:00.060,3.435,10000
2020-11-09 09:25:00.060,3.435,20000
2020-11-09 09:25:00.060,3.435,7000
2020-11-09 09:25:00.060,3.435,100
2020-11-09 09:25:00.060,3.435,1400
2020-11-09 09:25:00.060,3.435,5000
2020-11-09 09:25:00.060,3.435,200
2020-11-09 09:25:00.060,3.435,100
2020-11-09 09:25:00.060,3.435,10000
2020-11-09 09:25:00.060,3.435,400
2020-11-09 09:25:00.060,3.435,10000
2020-11-09 09:25:00.060,3.435,6000
2020-11-09 09:25:00.060,3.435,2100
2020-11-09 09:25:00.060,3.435,100
2020-11-09 09:25:00.060,3.435,100
2020-11-09 09:25:00.060,3.435,100
2020-11-09 09:25:00.060,3.435,10000
2020-11-09 09:25:00.060,3.435,200
2020-11-09 09:25:00.060,3.435,5500
2020-11-09 09:25:00.060,3.435,5000
2020-11-09 09:25:00.060,3.435,7900
2020-11-09 09:25:00.060,3.435,2100
2020-11-09 09:25:00.060,3.435,2500
2020-11-09 09:25:00.060,3.435,5000
2020-11-09 09:25:00.060,3.435,12000
2020-11-09 09:25:00.060,3.435,3600
2020-11-09 09:25:00.060,3.435,500
2020-11-09 09:25:00.060,3.435,11000
2020-11-09 09:25:00.060,3.435,500
2020-11-09 09:25:00.060,3.435,200
2020-11-09 09:25:00.060,3.435,100
2020-11-09 09:25:00.060,3.435,3000
2020-11-09 09:25:00.060,3.435,2500
2020-11-09 09:25:00.060,3.435,5000
2020-11-09 09:25:00.060,3.435,19500
2020-11-09 09:25:00.060,3.435,500
2020-11-09 09:25:00.060,3.435,1500
2020-11-09 09:25:00.060,3.435,3600
2020-11-09 09:25:00.060,3.435,3300
2020-11-09 09:25:00.060,3.435,4400
2020-11-09 09:25:00.060,3.435,100
2020-11-09 09:25:00.060,3.435,14600
2020-11-09 09:25:00.060,3.435,900
2020-11-09 09:25:00.060,3.435,19100
2020-11-09 09:25:00.060,3.435,50000
2020-11-09 09:25:00.060,3.435,5000
2020-11-09 09:25:00.060,3.435,1000
2020-11-09 09:25:00.060,3.435,2000
2020-11-09 09:25:00.060,3.435,20000
2020-11-09 09:25:00.060,3.435,200
2020-11-09 09:25:00.060,3.435,100
2020-11-09 09:25:00.060,3.435,5000
2020-11-09 09:25:00.060,3.435,23600
2020-11-09 09:25:00.060,3.435,200
2020-11-09 09:25:00.060,3.435,100
2020-11-09 09:25:00.060,3.435,2000
2020-11-09 09:25:00.060,3.435,1000
2020-11-09 09:25:00.060,3.435,5000
2020-11-09 09:25:00.060,3.435,6700
2020-11-09 09:25:00.060,3.435,100
2020-11-09 09:25:00.060,3.435,500
2020-11-09 09:25:00.060,3.435,35000
2020-11-09 09:25:00.060,3.435,300
2020-11-09 09:25:00.060,3.435,3000
2020-11-09 09:25:00.060,3.435,100
2020-11-09 09:25:00.060,3.435,12700
2020-11-09 09:25:00.060,3.435,5000
2020-11-09 09:25:00.060,3.435,20000
2020-11-09 09:25:00.060,3.435,100000
2020-11-09 09:25:00.060,3.435,4600
2020-11-09 09:25:00.060,3.435,5900
2020-11-09 09:25:00.060,3.435,5800
2020-11-09 09:25:00.060,3.435,5900
2020-11-09 09:25:00.060,3.435,1000
2020-11-09 09:25:00.060,3.435,100
2020-11-09 09:25:00.060,3.435,3000
2020-11-09 09:25:00.060,3.435,5000
2020-11-09 09:25:00.060,3.435,1000
2020-11-09 09:25:00.060,3.435,300
2020-11-09 09:25:00.060,3.435,1000
2020-11-09 09:25:00.060,3.435,4600
2020-11-09 09:25:00.060,3.435,200
2020-11-09 09:25:00.060,3.435,500
2020-11-09 09:25:00.060,3.435,20000
2020-11-09 09:25:00.060,3.435,1800
2020-11-09 09:25:00.060,3.435,300
2020-11-09 09:25:00.060,3.435,200
2020-11-09 09:25:00.060,3.435,1000
2020-11-09 09:25:00.060,3.435,4000
2020-11-09 09:25:00.060,3.435,3000
2020-11-09 09:25:00.060,3.435,3000
2020-11-09 09:25:00.060,3.435,600
2020-11-09 09:25:00.060,3.435,20000
2020-11-09 09:25:00.060,3.435,100
2020-11-09 09:25:00.060,3.435,2000
2020-11-09 09:25:00.060,3.435,33100
2020-11-09 09:25:00.060,3.435,10100
2020-11-09 09:25:00.060,3.435,2000
2020-11-09 09:25:00.060,3.435,5000
2020-11-09 09:25:00.060,3.435,100
2020-11-09 09:25:00.060,3.435,800
2020-11-09 09:25:00.060,3.435,5000
2020-11-09 09:25:00.060,3.435,10000
2020-11-09 09:25:00.060,3.435,10000
2020-11-09 09:25:00.060,3.435,10000
2020-11-09 09:25:00.060,3.435,10000
2020-11-09 09:25:00.060,3.435,5000
2020-11-09 09:25:00.060,3.435,20000
2020-11-09 09:25:00.060,3.435,500
2020-11-09 09:25:00.060,3.435,2000
2020-11-09 09:25:00.060,3.435,5000
2020-11-09 09:25:00.060,3.435,10000
2020-11-09 09:25:00.060,3.435,7100
2020-11-09 09:25:00.060,3.435,30000
2020-11-09 09:25:00.060,3.435,1000
2020-11-09 09:25:00.060,3.435,10000
2020-11-09 09:25:00.060,3.435,1700
2020-11-09 09:25:00.060,3.435,4300
2020-11-09 09:25:00.060,3.435,5000
2020-11-09 09:25:00.060,3.435,500
2020-11-09 09:25:00.060,3.435,100
2020-11-09 09:25:00.060,3.435,7600
2020-11-09 09:25:00.060,3.435,10000
2020-11-09 09:25:00.060,3.435,200
2020-11-09 09:25:00.060,3.435,100
2020-11-09 09:25:00.060,3.435,2000
2020-11-09 09:25:00.060,3.435,5800
2020-11-09 09:25:00.060,3.435,20000
2020-11-09 09:25:00.060,3.435,500
2020-11-09 09:25:00.060,3.435,3000
2020-11-09 09:25:00.060,3.435,100
2020-11-09 09:25:00.060,3.435,1000
2020-11-09 09:25:00.060,3.435,3200
2020-11-09 09:25:00.060,3.435,10000
2020-11-09 09:25:00.060,3.435,5000
2020-11-09 09:25:00.060,3.435,5000
2020-11-09 09:25:00.060,3.435,12000
2020-11-09 09:25:00.060,3.435,7000
2020-11-09 09:25:00.060,3.435,10000
2020-11-09 09:25:00.060,3.435,5000
2020-11-09 09:25:00.060,3.435,10000
2020-11-09 09:25:00.060,3.435,300
2020-11-09 09:25:00.060,3.435,100
2020-11-09 09:25:00.060,3.435,8800
2020-11-09 09:25:00.060,3.435,16700
2020-11-09 09:25:00.060,3.435,37700
2020-11-09 09:25:00.060,3.435,14800
2020-11-09 09:25:00.060,3.435,2700
2020-11-09 09:25:00.060,3.435,5000
2020-11-09 09:25:00.060,3.435,100
2020-11-09 09:25:00.060,3.435,1000
2020-11-09 09:25:00.060,3.435,10000
2020-11-09 09:25:00.060,3.435,10000
2020-11-09 09:25:00.060,3.435,2500
2020-11-09 09:25:00.060,3.435,10000
2020-11-09 09:25:00.060,3.435,200
2020-11-09 09:25:00.060,3.435,6000
2020-11-09 09:25:00.060,3.435,100
2020-11-09 09:30:00.070,3.436,500
2020-11-09 09:30:00.070,3.436,3000
2020-11-09 09:30:00.070,3.436,1000
2020-11-09 09:30:00.070,3.436,5000
2020-11-09 09:30:00.070,3.436,20000
2020-11-09 09:30:00.070,3.436,4400
2020-11-09 09:30:00.070,3.436,16500
2020-11-09 09:30:00.410,3.436,2000
2020-11-09 09:30:00.440,3.436,12100
2020-11-09 09:30:00.480,3.437,20000
2020-11-09 09:30:00.480,3.437,500
2020-11-09 09:30:00.480,3.437,100
2020-11-09 09:30:00.480,3.437,10000
2020-11-09 09:30:00.480,3.437,1900
2020-11-09 09:30:00.480,3.438,10000
2020-11-09 09:30:00.480,3.438,100
2020-11-09 09:30:00.480,3.438,5400
2020-11-09 09:30:00.480,3.438,10000
2020-11-09 09:30:00.480,3.438,100
2020-11-09 09:30:00.480,3.438,10000
2020-11-09 09:30:00.480,3.438,10000
2020-11-09 09:30:00.480,3.438,2000
2020-11-09 09:30:00.480,3.436,2500
2020-11-09 09:30:00.480,3.436,22000
2020-11-09 09:30:00.570,3.437,3000
2020-11-09 09:30:00.570,3.436,4400
2020-11-09 09:30:00.630,3.436,3000
2020-11-09 09:30:00.630,3.436,100
2020-11-09 09:30:00.630,3.436,3000
2020-11-09 09:30:00.710,3.436,1000
2020-11-09 09:30:00.710,3.436,800
2020-11-09 09:30:00.770,3.437,200
2020-11-09 09:30:00.770,3.437,2800
2020-11-09 09:30:00.770,3.436,3200
2020-11-09 09:30:00.770,3.436,195500
2020-11-09 09:30:00.770,3.436,4500
2020-11-09 09:30:00.770,3.436,6000
2020-11-09 09:30:00.830,3.436,33200
2020-11-09 09:30:00.880,3.438,8000
2020-11-09 09:30:00.880,3.438,500
2020-11-09 09:30:00.880,3.438,6600
2020-11-09 09:30:00.880,3.438,6000
2020-11-09 09:30:00.880,3.438,5000
2020-11-09 09:30:00.880,3.438,5000
2020-11-09 09:30:00.880,3.438,10000
2020-11-09 09:30:00.880,3.438,600
2020-11-09 09:30:00.920,3.438,2000
2020-11-09 09:30:00.920,3.438,3500
2020-11-09 09:30:00.920,3.438,2800
2020-11-09 09:30:00.920,3.436,2200
2020-11-09 09:30:00.920,3.436,5000
2020-11-09 09:30:01.000,3.436,100
2020-11-09 09:30:01.000,3.438,3000
2020-11-09 09:30:01.000,3.439,10000
2020-11-09 09:30:01.000,3.439,2000
2020-11-09 09:30:01.000,3.439,1000
2020-11-09 09:30:01.000,3.439,30000
2020-11-09 09:30:01.000,3.439,500
2020-11-09 09:30:01.000,3.439,300
2020-11-09 09:30:01.000,3.439,2000
2020-11-09 09:30:01.000,3.439,6000
2020-11-09 09:30:01.000,3.439,300
2020-11-09 09:30:01.000,3.439,1000
2020-11-09 09:30:01.000,3.439,300
2020-11-09 09:30:01.000,3.439,2000
2020-11-09 09:30:01.000,3.439,5000
2020-11-09 09:30:01.000,3.439,5000
2020-11-09 09:30:01.000,3.439,10000
2020-11-09 09:30:01.000,3.439,15500
2020-11-09 09:30:01.000,3.439,14800
2020-11-09 09:30:01.000,3.439,58200
2020-11-09 09:30:01.000,3.439,5000
2020-11-09 09:30:01.000,3.439,900
2020-11-09 09:30:01.000,3.439,1000
2020-11-09 09:30:01.000,3.439,2000
2020-11-09 09:30:01.000,3.439,1500
2020-11-09 09:30:01.000,3.44,200
2020-11-09 09:30:01.000,3.44,300
2020-11-09 09:30:01.000,3.44,1000
2020-11-09 09:30:01.000,3.44,1000
2020-11-09 09:30:01.000,3.44,5000
2020-11-09 09:30:01.000,3.44,3000
2020-11-09 09:30:01.000,3.44,3000
2020-11-09 09:30:01.000,3.44,4100
2020-11-09 09:30:01.000,3.44,2000
2020-11-09 09:30:01.000,3.44,2000
2020-11-09 09:30:01.000,3.44,2000
2020-11-09 09:30:01.000,3.44,10100
2020-11-09 09:30:01.000,3.44,1000
2020-11-09 09:30:01.000,3.44,5000
2020-11-09 09:30:01.000,3.44,5000
2020-11-09 09:30:01.000,3.44,1500
2020-11-09 09:30:01.000,3.44,76500
2020-11-09 09:30:01.000,3.44,176200
2020-11-09 09:30:01.000,3.44,5000
2020-11-09 09:30:01.000,3.44,50000
2020-11-09 09:30:01.000,3.44,100
2020-11-09 09:30:01.000,3.44,1200
2020-11-09 09:30:01.000,3.44,400
2020-11-09 09:30:01.000,3.44,1000
2020-11-09 09:30:01.000,3.44,800
2020-11-09 09:30:01.000,3.44,2000
2020-11-09 09:30:01.000,3.44,10000
2020-11-09 09:30:01.000,3.44,13400
2020-11-09 09:30:01.000,3.44,10000
2020-11-09 09:30:01.000,3.44,3000
2020-11-09 09:30:01.000,3.44,2000
2020-11-09 09:30:01.000,3.44,24900
2020-11-09 09:30:01.070,3.437,700
2020-11-09 09:30:01.070,3.437,14900
2020-11-09 09:30:01.070,3.436,13000
2020-11-09 09:30:01.180,3.436,2000
2020-11-09 09:30:01.180,3.436,3100
2020-11-09 09:30:01.180,3.438,10000
2020-11-09 09:30:01.180,3.436,500
2020-11-09 09:30:01.260,3.437,2000
2020-11-09 09:30:01.260,3.437,3000
2020-11-09 09:30:01.260,3.438,10000
2020-11-09 09:30:01.260,3.437,5000
2020-11-09 09:30:01.330,3.437,4600
2020-11-09 09:30:01.330,3.436,55400
2020-11-09 09:30:01.330,3.436,1000
2020-11-09 09:30:01.330,3.438,6000
2020-11-09 09:30:01.330,3.438,14000
2020-11-09 09:30:01.330,3.436,16000
2020-11-09 09:30:01.330,3.436,1000
2020-11-09 09:30:01.330,3.437,500
2020-11-09 09:30:01.400,3.436,120000
2020-11-09 09:30:01.400,3.436,5400
2020-11-09 09:30:01.400,3.437,14500
2020-11-09 09:30:01.400,3.438,15000
2020-11-09 09:30:01.400,3.438,2500
2020-11-09 09:30:01.400,3.439,500
2020-11-09 09:30:01.400,3.439,15000
2020-11-09 09:30:01.400,3.44,25100
2020-11-09 09:30:01.400,3.44,8000
2020-11-09 09:30:01.400,3.44,5000
2020-11-09 09:30:01.400,3.44,500
2020-11-09 09:30:01.400,3.44,1500
2020-11-09 09:30:01.400,3.44,8700
2020-11-09 09:30:01.400,3.44,10000
2020-11-09 09:30:01.400,3.44,5400
2020-11-09 09:30:01.400,3.44,900
2020-11-09 09:30:01.400,3.44,1300
2020-11-09 09:30:01.400,3.44,2000
2020-11-09 09:30:01.400,3.44,10000
2020-11-09 09:30:01.400,3.44,4200
2020-11-09 09:30:01.400,3.44,800
2020-11-09 09:30:01.400,3.44,10000
2020-11-09 09:30:01.400,3.44,15000
2020-11-09 09:30:01.400,3.441,500
2020-11-09 09:30:01.400,3.441,50000
2020-11-09 09:30:01.400,3.441,1500
2020-11-09 09:30:01.400,3.441,2000
2020-11-09 09:30:01.400,3.441,10000
2020-11-09 09:30:01.400,3.441,1000
2020-11-09 09:30:01.400,3.442,4200
2020-11-09 09:30:01.400,3.442,11000
2020-11-09 09:30:01.400,3.442,3000
2020-11-09 09:30:01.400,3.442,50000
2020-11-09 09:30:01.400,3.442,100
2020-11-09 09:30:01.400,3.442,1700
2020-11-09 09:30:01.400,3.442,2000
2020-11-09 09:30:01.400,3.442,18700
2020-11-09 09:30:01.400,3.442,20000
2020-11-09 09:30:01.400,3.442,1500
2020-11-09 09:30:01.400,3.442,55000
2020-11-09 09:30:01.400,3.442,5000
2020-11-09 09:30:01.400,3.443,10000
2020-11-09 09:30:01.400,3.443,300
2020-11-09 09:30:01.400,3.443,50000
2020-11-09 09:30:01.400,3.443,200
2020-11-09 09:30:01.400,3.443,5000
2020-11-09 09:30:01.400,3.443,5000
2020-11-09 09:30:01.400,3.443,800
2020-11-09 09:30:01.400,3.443,2000
2020-11-09 09:30:01.400,3.443,10000
2020-11-09 09:30:01.400,3.443,500
2020-11-09 09:30:01.400,3.443,10000
2020-11-09 09:30:01.400,3.443,16400
2020-11-09 09:30:01.400,3.443,500
2020-11-09 09:30:01.400,3.443,11000
2020-11-09 09:30:01.400,3.444,5000
2020-11-09 09:30:01.400,3.444,1500
2020-11-09 09:30:01.400,3.444,1500
2020-11-09 09:30:01.400,3.444,300
2020-11-09 09:30:01.400,3.444,300
2020-11-09 09:30:01.400,3.444,50000
2020-11-09 09:30:01.400,3.444,100
2020-11-09 09:30:01.400,3.444,2000
2020-11-09 09:30:01.400,3.444,1500
2020-11-09 09:30:01.400,3.444,17500
2020-11-09 09:30:01.400,3.444,12000
2020-11-09 09:30:01.400,3.445,6000
2020-11-09 09:30:01.400,3.445,6000
2020-11-09 09:30:01.400,3.445,1000
2020-11-09 09:30:01.400,3.445,5000
2020-11-09 09:30:01.400,3.445,50000
2020-11-09 09:30:01.400,3.445,2500
2020-11-09 09:30:01.400,3.445,10000
2020-11-09 09:30:01.400,3.445,13000
2020-11-09 09:30:01.480,3.445,37000
2020-11-09 09:30:01.480,3.445,10000
2020-11-09 09:30:01.480,3.445,200
2020-11-09 09:30:01.480,3.445,500
2020-11-09 09:30:01.480,3.446,500
2020-11-09 09:30:01.480,3.446,3000
2020-11-09 09:30:01.480,3.446,58000
2020-11-09 09:30:01.480,3.446,1000
2020-11-09 09:30:01.480,3.446,32300
2020-11-09 09:30:01.480,3.436,800
2020-11-09 09:30:01.480,3.436,700
2020-11-09 09:30:01.480,3.436,3000
2020-11-09 09:30:01.480,3.436,27000
2020-11-09 09:30:01.480,3.436,100
2020-11-09 09:30:01.480,3.436,3100
2020-11-09 09:30:01.480,3.436,500
2020-11-09 09:30:01.570,3.44,1700
2020-11-09 09:30:01.570,3.44,1000
2020-11-09 09:30:01.570,3.44,200
2020-11-09 09:30:01.570,3.44,1000
2020-11-09 09:30:01.570,3.44,100
2020-11-09 09:30:01.570,3.44,100
2020-11-09 09:30:01.680,3.44,100
2020-11-09 09:30:01.680,3.44,500
2020-11-09 09:30:01.780,3.441,500
2020-11-09 09:30:01.780,3.441,1500
2020-11-09 09:30:01.870,3.442,8000
2020-11-09 09:30:01.870,3.442,8000
2020-11-09 09:30:01.870,3.442,2900
2020-11-09 09:30:01.910,3.442,500
2020-11-09 09:30:01.910,3.442,200
2020-11-09 09:30:01.910,3.442,20000
2020-11-09 09:30:01.910,3.442,2000
2020-11-09 09:30:01.910,3.442,4100
2020-11-09 09:30:02.030,3.442,20000
2020-11-09 09:30:02.030,3.442,100
2020-11-09 09:30:02.030,3.442,4000
2020-11-09 09:30:02.030,3.442,10000
2020-11-09 09:30:02.030,3.442,18200
2020-11-09 09:30:02.030,3.44,81800
2020-11-09 09:30:02.030,3.44,800
2020-11-09 09:30:02.030,3.44,5000
2020-11-09 09:30:02.030,3.44,5000
2020-11-09 09:30:02.030,3.44,2000
2020-11-09 09:30:02.030,3.44,34600
2020-11-09 09:30:02.030,3.44,6000
2020-11-09 09:30:02.030,3.44,1900
2020-11-09 09:30:02.030,3.44,1000
2020-11-09 09:30:02.030,3.44,10000
2020-11-09 09:30:02.030,3.44,5000
2020-11-09 09:30:02.030,3.445,1000
2020-11-09 09:30:02.030,3.445,100
2020-11-09 09:30:02.030,3.445,3000
2020-11-09 09:30:02.030,3.446,13600
2020-11-09 09:30:02.170,3.44,1000
2020-11-09 09:30:02.170,3.44,500
2020-11-09 09:30:02.170,3.44,5000
2020-11-09 09:30:02.170,3.44,2000
2020-11-09 09:30:02.230,3.44,5000
2020-11-09 09:30:02.230,3.44,10000
2020-11-09 09:30:02.230,3.44,800
2020-11-09 09:30:02.230,3.445,1000
2020-11-09 09:30:02.230,3.446,4100
2020-11-09 09:30:02.230,3.446,100
2020-11-09 09:30:02.230,3.446,25000
2020-11-09 09:30:02.230,3.446,200
2020-11-09 09:30:02.230,3.446,5600
2020-11-09 09:30:02.230,3.446,5000
2020-11-09 09:30:02.230,3.446,16200
2020-11-09 09:30:02.230,3.446,300
2020-11-09 09:30:02.230,3.446,10000
2020-11-09 09:30:02.230,3.447,29500
2020-11-09 09:30:02.420,3.441,1300
2020-11-09 09:30:02.420,3.441,200
2020-11-09 09:30:02.420,3.443,1000
2020-11-09 09:30:02.420,3.443,5000
2020-11-09 09:30:02.420,3.443,100
2020-11-09 09:30:02.420,3.443,10000
2020-11-09 09:30:02.420,3.443,13200
2020-11-09 09:30:02.420,3.441,2200
2020-11-09 09:30:02.420,3.44,84600
2020-11-09 09:30:02.420,3.44,100
2020-11-09 09:30:02.420,3.44,200
2020-11-09 09:30:02.520,3.44,2200
2020-11-09 09:30:02.520,3.44,10000
2020-11-09 09:30:02.520,3.44,2000
2020-11-09 09:30:02.520,3.44,100
2020-11-09 09:30:02.520,3.44,500
2020-11-09 09:30:02.520,3.44,9600
2020-11-09 09:30:02.520,3.44,1000
2020-11-09 09:30:02.520,3.44,400
2020-11-09 09:30:02.520,3.44,10000
2020-11-09 09:30:02.520,3.44,3000
2020-11-09 09:30:02.520,3.44,10000
2020-11-09 09:30:02.520,3.446,1200
2020-11-09 09:30:02.520,3.446,18800
2020-11-09 09:30:02.630,3.44,39600
2020-11-09 09:30:02.630,3.44,10100
2020-11-09 09:30:02.630,3.44,10000
2020-11-09 09:30:02.630,3.442,5900
2020-11-09 09:30:02.630,3.44,400
2020-11-09 09:30:02.630,3.44,1000
2020-11-09 09:30:02.630,3.44,2000
2020-11-09 09:30:02.690,3.44,600
2020-11-09 09:30:02.690,3.44,25000
2020-11-09 09:30:02.690,3.44,1000
2020-11-09 09:30:02.690,3.44,400
2020-11-09 09:30:02.730,3.44,11000
2020-11-09 09:30:02.730,3.44,10000
2020-11-09 09:30:02.730,3.44,50000
2020-11-09 09:30:02.730,3.44,8000
2020-11-09 09:30:02.780,3.44,110000
2020-11-09 09:30:02.780,3.44,1600
2020-11-09 09:30:02.780,3.44,47900
2020-11-09 09:30:02.870,3.44,100
2020-11-09 09:30:02.870,3.44,100
2020-11-09 09:30:02.870,3.44,10000
2020-11-09 09:30:02.920,3.44,6000
2020-11-09 09:30:02.920,3.44,1000
2020-11-09 09:30:02.920,3.44,3000
2020-11-09 09:30:02.920,3.44,10000
2020-11-09 09:30:02.920,3.442,1400
2020-11-09 09:30:02.920,3.442,10000
2020-11-09 09:30:02.920,3.445,500
2020-11-09 09:30:02.920,3.446,1200
2020-11-09 09:30:02.920,3.446,10000
2020-11-09 09:30:02.920,3.447,28500
2020-11-09 09:30:02.920,3.447,20000
2020-11-09 09:30:02.920,3.447,5000
2020-11-09 09:30:02.920,3.447,10000
2020-11-09 09:30:02.920,3.447,10000
2020-11-09 09:30:02.920,3.447,3400
2020-11-09 09:30:03.050,3.44,1300
2020-11-09 09:30:03.050,3.447,13000
2020-11-09 09:30:03.050,3.447,5000
2020-11-09 09:30:03.050,3.448,300
2020-11-09 09:30:03.050,3.448,100
2020-11-09 09:30:03.050,3.448,1900
2020-11-09 09:30:03.050,3.448,4000
2020-11-09 09:30:03.050,3.448,1000
2020-11-09 09:30:03.050,3.448,22200
2020-11-09 09:30:03.050,3.44,100
2020-11-09 09:30:03.050,3.44,2600
2020-11-09 09:30:03.050,3.44,2400
2020-11-09 09:30:03.050,3.44,1400
2020-11-09 09:30:03.050,3.44,3000
2020-11-09 09:30:03.050,3.44,100
2020-11-09 09:30:03.150,3.44,10000
2020-11-09 09:30:03.260,3.44,4000
2020-11-09 09:30:03.260,3.44,100
2020-11-09 09:30:03.300,3.44,3000
2020-11-09 09:30:03.300,3.44,290000
2020-11-09 09:30:03.300,3.44,2000
2020-11-09 09:30:03.350,3.44,2000
2020-11-09 09:30:03.350,3.444,500
2020-11-09 09:30:03.350,3.44,5000
2020-11-09 09:30:03.350,3.44,5700
2020-11-09 09:30:03.350,3.44,2000
2020-11-09 09:30:03.390,3.44,17000
2020-11-09 09:30:03.470,3.44,5900
2020-11-09 09:30:03.470,3.44,3000
2020-11-09 09:30:03.470,3.44,2900
2020-11-09 09:30:03.470,3.44,8000
2020-11-09 09:30:03.470,3.44,200
2020-11-09 09:30:03.470,3.44,10000
2020-11-09 09:30:03.470,3.44,100
2020-11-09 09:30:03.470,3.44,2000
2020-11-09 09:30:03.470,3.44,15000
2020-11-09 09:30:03.470,3.44,108400
2020-11-09 09:30:03.470,3.439,5000
2020-11-09 09:30:03.470,3.439,9500
2020-11-09 09:30:03.470,3.438,27100
2020-11-09 09:30:03.540,3.438,10000
2020-11-09 09:30:03.600,3.438,500
2020-11-09 09:30:03.600,3.438,10000
2020-11-09 09:30:03.650,3.438,100
2020-11-09 09:30:03.690,3.438,16900
2020-11-09 09:30:03.690,3.438,13000
2020-11-09 09:30:03.690,3.438,14800
2020-11-09 09:30:03.690,3.438,50000
2020-11-09 09:30:03.690,3.438,10000
2020-11-09 09:30:03.690,3.438,25300
2020-11-09 09:30:03.690,3.439,9500
2020-11-09 09:30:03.690,3.439,50000
2020-11-09 09:30:03.690,3.439,100
2020-11-09 09:30:03.690,3.44,1000
2020-11-09 09:30:03.690,3.44,14000
2020-11-09 09:30:03.690,3.44,2600
2020-11-09 09:30:03.730,3.443,2000
2020-11-09 09:30:03.770,3.443,15000
2020-11-09 09:30:03.770,3.443,100
2020-11-09 09:30:03.810,3.443,3500
2020-11-09 09:30:03.840,3.443,100
2020-11-09 09:30:03.840,3.443,2800
2020-11-09 09:30:03.840,3.443,900
2020-11-09 09:30:03.840,3.443,50000
2020-11-09 09:30:03.890,3.443,5000
2020-11-09 09:30:03.890,3.443,7600
2020-11-09 09:30:03.930,3.443,6000
2020-11-09 09:30:03.930,3.443,100
2020-11-09 09:30:03.970,3.443,500
2020-11-09 09:30:03.970,3.443,6500
2020-11-09 09:30:04.010,3.443,500
2020-11-09 09:30:04.010,3.443,1400
2020-11-09 09:30:04.010,3.443,10000
2020-11-09 09:30:04.050,3.443,10600
2020-11-09 09:30:04.050,3.437,61700
2020-11-09 09:30:04.050,3.437,37100
2020-11-09 09:30:04.240,3.439,1000
2020-11-09 09:30:04.240,3.439,1000
2020-11-09 09:30:04.240,3.439,3000
2020-11-09 09:30:04.240,3.437,17000
2020-11-09 09:30:04.240,3.437,16000
2020-11-09 09:30:04.240,3.437,19400
2020-11-09 09:30:04.350,3.437,1000
2020-11-09 09:30:04.350,3.437,200
2020-11-09 09:30:04.350,3.437,3000
2020-11-09 09:30:04.430,3.438,5000
2020-11-09 09:30:04.430,3.44,500
2020-11-09 09:30:04.430,3.44,500
2020-11-09 09:30:04.430,3.44,5000
2020-11-09 09:30:04.430,3.444,9000
2020-11-09 09:30:04.430,3.437,5000
2020-11-09 09:30:04.520,3.437,500
2020-11-09 09:30:04.520,3.438,300
2020-11-09 09:30:04.520,3.438,100
2020-11-09 09:30:04.520,3.444,1600
2020-11-09 09:30:04.520,3.444,200
2020-11-09 09:30:04.520,3.444,1000
2020-11-09 09:30:04.520,3.445,4000
2020-11-09 09:30:04.520,3.446,200
2020-11-09 09:30:04.520,3.446,6000
2020-11-09 09:30:04.520,3.447,3000
2020-11-09 09:30:04.520,3.447,13000
2020-11-09 09:30:04.520,3.447,17000
2020-11-09 09:30:04.520,3.448,27800
2020-11-09 09:30:04.520,3.448,10000
2020-11-09 09:30:04.520,3.448,200
2020-11-09 09:30:04.520,3.448,700
2020-11-09 09:30:04.520,3.448,100
2020-11-09 09:30:04.520,3.448,10000
2020-11-09 09:30:04.520,3.448,300
2020-11-09 09:30:04.520,3.448,2000
2020-11-09 09:30:04.520,3.448,2100
2020-11-09 09:30:04.520,3.448,8000
2020-11-09 09:30:04.520,3.448,10000
2020-11-09 09:30:04.520,3.448,100
2020-11-09 09:30:04.520,3.448,200
2020-11-09 09:30:04.520,3.448,200
2020-11-09 09:30:04.520,3.449,10000
2020-11-09 09:30:04.520,3.449,10000
2020-11-09 09:30:04.520,3.449,1400
2020-11-09 09:30:04.520,3.449,1000
2020-11-09 09:30:04.520,3.449,3000
2020-11-09 09:30:04.520,3.449,1000
2020-11-09 09:30:04.520,3.449,63200
2020-11-09 09:30:04.650,3.439,600
2020-11-09 09:30:04.650,3.437,5700
2020-11-09 09:30:04.690,3.437,2000
2020-11-09 09:30:04.690,3.437,5800
2020-11-09 09:30:04.760,3.437,800
2020-11-09 09:30:04.760,3.438,3500
2020-11-09 09:30:04.800,3.437,200
2020-11-09 09:30:04.800,3.437,100
2020-11-09 09:30:04.840,3.437,2300
2020-11-09 09:30:04.840,3.438,21500
2020-11-09 09:30:04.840,3.438,1000
2020-11-09 09:30:04.840,3.44,2000
2020-11-09 09:30:04.840,3.44,200
2020-11-09 09:30:04.840,3.442,2300
2020-11-09 09:30:04.840,3.442,2100
2020-11-09 09:30:04.940,3.438,5000
2020-11-09 09:30:04.940,3.437,3000
2020-11-09 09:30:04.990,3.437,40000
2020-11-09 09:30:04.990,3.437,2000
2020-11-09 09:30:04.990,3.437,5300
2020-11-09 09:30:04.990,3.438,6000
2020-11-09 09:30:04.990,3.438,5000
2020-11-09 09:30:04.990,3.439,20000
2020-11-09 09:30:04.990,3.442,3600
2020-11-09 09:30:04.990,3.442,1000
2020-11-09 09:30:04.990,3.443,1000
2020-11-09 09:30:04.990,3.445,3000
2020-11-09 09:30:05.040,3.437,13000
2020-11-09 09:30:05.040,3.437,60000
2020-11-09 09:30:05.040,3.438,6000
2020-11-09 09:30:05.040,3.441,1000
2020-11-09 09:30:05.040,3.442,5000
2020-11-09 09:30:05.040,3.445,3000
2020-11-09 09:30:05.040,3.437,2000
2020-11-09 09:30:05.090,3.437,2000
2020-11-09 09:30:05.180,3.439,5000
2020-11-09 09:30:05.180,3.445,6900
2020-11-09 09:30:05.180,3.445,10000
2020-11-09 09:30:05.180,3.445,10000
2020-11-09 09:30:05.180,3.446,1000
2020-11-09 09:30:05.180,3.446,3500
2020-11-09 09:30:05.180,3.446,3000
2020-11-09 09:30:05.180,3.446,3000
2020-11-09 09:30:05.210,3.446,1000
2020-11-09 09:30:05.210,3.446,200
2020-11-09 09:30:05.280,3.446,5000
2020-11-09 09:30:05.280,3.446,5000
2020-11-09 09:30:05.280,3.446,2000
2020-11-09 09:30:05.320,3.446,1000
2020-11-09 09:30:05.360,3.446,20000
2020-11-09 09:30:05.400,3.446,1500
2020-11-09 09:30:05.400,3.446,900
2020-11-09 09:30:05.440,3.446,1100
2020-11-09 09:30:05.440,3.447,500
2020-11-09 09:30:05.440,3.448,10000
2020-11-09 09:30:05.440,3.449,12100
2020-11-09 09:30:05.440,3.449,1000
2020-11-09 09:30:05.440,3.449,300
2020-11-09 09:30:05.440,3.449,1000
2020-11-09 09:30:05.440,3.449,3200
2020-11-09 09:30:05.440,3.449,3200
2020-11-09 09:30:05.440,3.446,2000
2020-11-09 09:30:05.440,3.446,7000
2020-11-09 09:30:05.480,3.446,700
2020-11-09 09:30:05.520,3.446,8500
2020-11-09 09:30:05.560,3.446,7500
2020-11-09 09:30:05.560,3.446,28800
2020-11-09 09:30:05.640,3.449,3000
2020-11-09 09:30:05.640,3.446,3300
2020-11-09 09:30:05.690,3.446,5000
2020-11-09 09:30:05.690,3.44,200
2020-11-09 09:30:05.690,3.44,3000
2020-11-09 09:30:05.770,3.449,3200
2020-11-09 09:30:05.770,3.449,6800
2020-11-09 09:30:05.770,3.44,2000
2020-11-09 09:30:05.860,3.44,20000
2020-11-09 09:30:05.860,3.44,5000
2020-11-09 09:30:05.860,3.44,45900
2020-11-09 09:30:05.860,3.439,2000
2020-11-09 09:30:05.860,3.438,30000
2020-11-09 09:30:05.860,3.438,22100
2020-11-09 09:30:05.860,3.438,22100
2020-11-09 09:30:05.860,3.438,10000
2020-11-09 09:30:05.860,3.437,7900
2020-11-09 09:30:05.860,3.437,20000
2020-11-09 09:30:05.960,3.438,2000
2020-11-09 09:30:05.960,3.438,1400
2020-11-09 09:30:05.960,3.44,1500
2020-11-09 09:30:06.040,3.444,10000
2020-11-09 09:30:06.110,3.444,300
2020-11-09 09:30:06.150,3.444,9700
2020-11-09 09:30:06.150,3.443,300
2020-11-09 09:30:06.280,3.442,4000
2020-11-09 09:30:06.280,3.442,3400
2020-11-09 09:30:06.280,3.444,3000
2020-11-09 09:30:06.350,3.442,30000
2020-11-09 09:30:06.350,3.442,2600
2020-11-09 09:30:06.350,3.44,1600
2020-11-09 09:30:06.350,3.44,5000
2020-11-09 09:30:06.500,3.44,10000
2020-11-09 09:30:06.500,3.44,3000
2020-11-09 09:30:06.500,3.44,2700
2020-11-09 09:30:06.620,3.445,4900
2020-11-09 09:30:06.620,3.446,600
2020-11-09 09:30:06.620,3.446,100
2020-11-09 09:30:06.740,3.446,2800
2020-11-09 09:30:06.740,3.446,200
2020-11-09 09:30:06.740,3.446,500
2020-11-09 09:30:06.740,3.446,1000
2020-11-09 09:30:06.780,3.446,500
2020-11-09 09:30:06.780,3.446,4000
2020-11-09 09:30:06.780,3.446,10000
2020-11-09 09:30:06.780,3.446,2000
2020-11-09 09:30:06.780,3.446,100
2020-11-09 09:30:06.780,3.446,200
2020-11-09 09:30:06.780,3.446,400
2020-11-09 09:30:06.780,3.446,1000
2020-11-09 09:30:06.780,3.446,300
2020-11-09 09:30:06.820,3.447,7000
2020-11-09 09:30:06.820,3.447,200
2020-11-09 09:30:06.870,3.447,3000
2020-11-09 09:30:06.910,3.447,11400
2020-11-09 09:30:06.910,3.447,3000
2020-11-09 09:30:06.980,3.447,5400
2020-11-09 09:30:06.980,3.446,6300
2020-11-09 09:30:06.980,3.446,30000
2020-11-09 09:30:06.980,3.446,40000
2020-11-09 09:30:06.980,3.446,30000
2020-11-09 09:30:07.020,3.446,3000
2020-11-09 09:30:07.100,3.446,7000
2020-11-09 09:30:07.100,3.445,35100
2020-11-09 09:30:07.100,3.445,30000
2020-11-09 09:30:07.100,3.445,40000
2020-11-09 09:30:07.100,3.444,40000
2020-11-09 09:30:07.100,3.443,40000
2020-11-09 09:30:07.100,3.44,129800
2020-11-09 09:30:07.140,3.44,20000
2020-11-09 09:30:07.220,3.44,10000
2020-11-09 09:30:07.220,3.44,1000
2020-11-09 09:30:07.300,3.443,2900
2020-11-09 09:30:07.340,3.443,5000
2020-11-09 09:30:07.340,3.443,1000
2020-11-09 09:30:07.340,3.443,1100
2020-11-09 09:30:07.370,3.443,18400
2020-11-09 09:30:07.370,3.443,6000
2020-11-09 09:30:07.370,3.443,5000
2020-11-09 09:30:07.430,3.443,600
2020-11-09 09:30:07.430,3.443,400
2020-11-09 09:30:07.430,3.443,3200
2020-11-09 09:30:07.530,3.445,1000
2020-11-09 09:30:07.530,3.447,2000
2020-11-09 09:30:07.530,3.448,1000
2020-11-09 09:30:07.530,3.448,1500
2020-11-09 09:30:07.530,3.449,3200
2020-11-09 09:30:07.530,3.449,30000
2020-11-09 09:30:07.530,3.449,5000
2020-11-09 09:30:07.530,3.449,3400
2020-11-09 09:30:07.570,3.443,1000
2020-11-09 09:30:07.570,3.443,500
2020-11-09 09:30:07.680,3.448,30000
2020-11-09 09:30:07.680,3.447,30000
2020-11-09 09:30:07.680,3.443,90000
2020-11-09 09:30:07.680,3.443,30000
2020-11-09 09:30:07.680,3.441,198900
2020-11-09 09:30:07.680,3.44,116900
2020-11-09 09:30:07.680,3.44,10000
2020-11-09 09:30:07.680,3.439,300000
2020-11-09 09:30:07.680,3.439,3000
2020-11-09 09:30:07.680,3.438,191200
2020-11-09 09:30:07.730,3.438,300
2020-11-09 09:30:07.990,3.449,1600
2020-11-09 09:30:07.990,3.449,16500
2020-11-09 09:30:07.990,3.449,2000
2020-11-09 09:30:07.990,3.449,9900
2020-11-09 09:30:07.990,3.445,30000
2020-11-09 09:30:07.990,3.444,10000
2020-11-09 09:30:07.990,3.443,10000
2020-11-09 09:30:07.990,3.438,200
2020-11-09 09:30:08.020,3.448,3000
2020-11-09 09:30:08.020,3.448,8400
2020-11-09 09:30:08.140,3.448,10000
2020-11-09 09:30:08.250,3.448,3200
2020-11-09 09:30:08.320,3.448,300
2020-11-09 09:30:08.320,3.448,5100
2020-11-09 09:30:08.320,3.444,2400
2020-11-09 09:30:08.460,3.444,18700
2020-11-09 09:30:08.460,3.444,15000
2020-11-09 09:30:08.460,3.444,3900
2020-11-09 09:30:08.460,3.444,30000
2020-11-09 09:30:08.460,3.441,16100
2020-11-09 09:30:08.620,3.441,800
2020-11-09 09:30:08.620,3.441,100
2020-11-09 09:30:08.620,3.441,100
2020-11-09 09:30:09.220,3.441,3600
2020-11-09 09:30:09.350,3.441,18400
2020-11-09 09:30:09.490,3.449,100
2020-11-09 09:30:09.490,3.449,39900
2020-11-09 09:30:09.490,3.449,3100
2020-11-09 09:30:09.490,3.449,20000
2020-11-09 09:30:09.490,3.449,16900
2020-11-09 09:30:09.490,3.448,4000
2020-11-09 09:30:09.490,3.449,30000
2020-11-09 09:30:09.490,3.449,30000
2020-11-09 09:30:09.490,3.449,40000
2020-11-09 09:30:09.490,3.449,40000
2020-11-09 09:30:09.530,3.449,30000
2020-11-09 09:30:09.530,3.448,6000
2020-11-09 09:30:09.530,3.447,9000
2020-11-09 09:30:09.570,3.449,40000
2020-11-09 09:30:09.570,3.449,40000
2020-11-09 09:30:09.570,3.449,30000
2020-11-09 09:30:09.670,3.448,30200
2020-11-09 09:30:09.700,3.448,900
2020-11-09 09:30:09.770,3.448,3200
2020-11-09 09:30:09.770,3.448,5700
2020-11-09 09:30:09.770,3.447,1000
2020-11-09 09:30:09.770,3.445,8300
2020-11-09 09:30:09.850,3.445,1700
2020-11-09 09:30:09.880,3.441,1000
2020-11-09 09:30:09.910,3.445,10000
2020-11-09 09:30:09.910,3.445,40000
2020-11-09 09:30:09.910,3.445,39700
2020-11-09 09:30:10.020,3.445,40000
2020-11-09 09:30:10.020,3.445,18600
2020-11-09 09:30:10.120,3.447,2000
2020-11-09 09:30:10.190,3.447,5000
2020-11-09 09:30:10.290,3.447,14400
2020-11-09 09:30:10.290,3.446,5600
2020-11-09 09:30:10.330,3.446,1000
2020-11-09 09:30:10.360,3.446,100000
2020-11-09 09:30:10.510,3.446,10000
2020-11-09 09:30:10.680,3.446,3000
2020-11-09 09:30:10.870,3.447,3400
2020-11-09 09:30:10.870,3.447,1700
2020-11-09 09:30:11.130,3.447,1000
2020-11-09 09:30:11.130,3.447,2500
2020-11-09 09:30:11.270,3.447,3800
2020-11-09 09:30:11.700,3.447,4000
2020-11-09 09:30:11.830,3.447,2400
2020-11-09 09:30:12.030,3.447,20000
2020-11-09 09:30:12.340,3.447,19300
2020-11-09 09:30:12.340,3.447,18800
2020-11-09 09:30:12.340,3.446,260400
2020-11-09 09:30:12.340,3.446,1500
2020-11-09 09:30:14.040,3.446,200
2020-11-09 09:30:14.040,3.444,800
2020-11-09 09:30:14.040,3.444,500
2020-11-09 09:30:14.300,3.444,5000
2020-11-09 09:30:14.880,3.444,100
2020-11-09 09:30:15.400,3.446,1500
2020-11-09 09:30:15.400,3.447,6500
2020-11-09 09:30:15.400,3.447,4000
2020-11-09 09:30:15.400,3.448,600
2020-11-09 09:30:15.400,3.448,16800
2020-11-09 09:30:15.400,3.449,53100
2020-11-09 09:30:15.400,3.449,2000
2020-11-09 09:30:15.400,3.449,200
2020-11-09 09:30:15.400,3.449,5000
2020-11-09 09:30:15.400,3.449,10000
2020-11-09 09:30:15.400,3.449,3000
2020-11-09 09:30:15.400,3.449,15000
2020-11-09 09:30:15.400,3.449,25000
2020-11-09 09:30:15.400,3.45,200
2020-11-09 09:30:15.400,3.45,1000
2020-11-09 09:30:15.400,3.45,500
2020-11-09 09:30:15.400,3.45,500
2020-11-09 09:30:16.000,3.45,800
2020-11-09 09:30:16.000,3.45,2000
2020-11-09 09:30:16.000,3.45,300
2020-11-09 09:30:16.000,3.45,3000
2020-11-09 09:30:16.000,3.45,500
2020-11-09 09:30:16.000,3.45,9900
2020-11-09 09:30:16.000,3.45,10000
2020-11-09 09:30:16.000,3.45,1700
2020-11-09 09:30:16.000,3.45,600
2020-11-09 09:30:16.000,3.45,20000
2020-11-09 09:30:16.000,3.45,1200
2020-11-09 09:30:16.070,3.45,300
2020-11-09 09:30:16.160,3.449,2300
2020-11-09 09:30:16.160,3.442,10000
2020-11-09 09:30:16.160,3.442,22500
2020-11-09 09:30:16.230,3.442,7500
2020-11-09 09:30:16.230,3.442,2500
2020-11-09 09:30:16.300,3.442,100
2020-11-09 09:30:16.910,3.446,5000
2020-11-09 09:30:17.660,3.446,14300
2020-11-09 09:30:18.180,3.446,200
2020-11-09 09:30:18.180,3.446,5000
2020-11-09 09:30:18.180,3.447,2000
2020-11-09 09:30:18.180,3.447,500
2020-11-09 09:30:18.180,3.448,14900
2020-11-09 09:30:18.180,3.45,28500
2020-11-09 09:30:18.180,3.45,10100
2020-11-09 09:30:18.180,3.45,1000
2020-11-09 09:30:18.180,3.45,12000
2020-11-09 09:30:18.180,3.45,1800
2020-11-09 09:30:18.180,3.45,7000
2020-11-09 09:30:18.180,3.45,100
2020-11-09 09:30:18.180,3.45,2000
2020-11-09 09:30:18.180,3.45,8000
2020-11-09 09:30:18.180,3.45,3900
2020-11-09 09:30:18.180,3.45,500
2020-11-09 09:30:18.180,3.45,2500
2020-11-09 09:30:18.180,3.45,2900
2020-11-09 09:30:18.180,3.45,4000
2020-11-09 09:30:18.180,3.45,2000
2020-11-09 09:30:18.180,3.45,800
2020-11-09 09:30:18.180,3.45,10000
2020-11-09 09:30:18.180,3.45,5000
2020-11-09 09:30:18.180,3.45,5000
2020-11-09 09:30:18.180,3.45,3400
2020-11-09 09:30:18.180,3.45,12500
2020-11-09 09:30:18.180,3.45,10000
2020-11-09 09:30:18.180,3.45,3000
2020-11-09 09:30:18.180,3.45,200
2020-11-09 09:30:18.180,3.45,10000
2020-11-09 09:30:18.180,3.45,5000
2020-11-09 09:30:18.180,3.45,19000
2020-11-09 09:30:18.180,3.45,30000
2020-11-09 09:30:18.180,3.45,9800
2020-11-09 09:30:18.180,3.45,1700
2020-11-09 09:30:18.180,3.45,10000
2020-11-09 09:30:18.180,3.45,1000
2020-11-09 09:30:18.180,3.45,13700
2020-11-09 09:30:18.180,3.45,1000
2020-11-09 09:30:18.180,3.45,93100
2020-11-09 09:30:18.370,3.446,1000
2020-11-09 09:30:19.240,3.45,6900
2020-11-09 09:30:19.240,3.45,50000
2020-11-09 09:30:19.240,3.45,2000
2020-11-09 09:30:19.240,3.45,500
2020-11-09 09:30:19.240,3.45,3000
2020-11-09 09:30:19.240,3.45,100
2020-11-09 09:30:19.240,3.45,73700
2020-11-09 09:30:19.660,3.447,100
2020-11-09 09:30:19.700,3.447,2000
2020-11-09 09:30:20.130,3.447,3300
2020-11-09 09:30:20.130,3.444,25500
2020-11-09 09:30:20.130,3.442,6300
2020-11-09 09:30:20.250,3.442,1000
2020-11-09 09:30:20.250,3.442,15000
2020-11-09 09:30:20.610,3.446,58900
2020-11-09 09:30:20.920,3.445,1000
2020-11-09 09:30:20.920,3.445,600
2020-11-09 09:30:21.630,3.445,10000
2020-11-09 09:30:21.630,3.445,1000
2020-11-09 09:30:21.850,3.446,5000
2020-11-09 09:30:22.630,3.445,8000
2020-11-09 09:30:22.870,3.445,20000
2020-11-09 09:30:22.930,3.446,500
2020-11-09 09:30:23.460,3.446,30000
2020-11-09 09:30:23.460,3.446,5600
2020-11-09 09:30:23.460,3.446,6000
2020-11-09 09:30:23.460,3.446,15500
2020-11-09 09:30:23.460,3.446,9200
2020-11-09 09:30:23.460,3.446,3700
2020-11-09 09:30:23.490,3.446,10000
2020-11-09 09:30:23.620,3.445,3200
2020-11-09 09:30:23.940,3.445,5900
2020-11-09 09:30:23.940,3.446,6300
2020-11-09 09:30:23.940,3.447,4000
2020-11-09 09:30:23.940,3.447,2900
2020-11-09 09:30:24.070,3.445,200
2020-11-09 09:30:24.190,3.445,100
2020-11-09 09:30:24.230,3.445,15000
2020-11-09 09:30:24.420,3.445,10100
2020-11-09 09:30:24.870,3.445,8600
2020-11-09 09:30:25.000,3.445,4900
2020-11-09 09:30:25.160,3.445,200
2020-11-09 09:30:25.160,3.445,4900
2020-11-09 09:30:25.160,3.445,2700
2020-11-09 09:30:25.520,3.445,10000
2020-11-09 09:30:25.520,3.447,500
2020-11-09 09:30:25.550,3.447,1700
2020-11-09 09:30:25.580,3.447,5900
2020-11-09 09:30:25.580,3.447,1000
2020-11-09 09:30:25.580,3.447,2600
2020-11-09 09:30:25.580,3.447,21000
2020-11-09 09:30:25.580,3.447,2400
2020-11-09 09:30:25.580,3.447,2000
2020-11-09 09:30:25.580,3.447,500
2020-11-09 09:30:26.090,3.447,200
2020-11-09 09:30:26.120,3.447,100
2020-11-09 09:30:26.190,3.447,1000
2020-11-09 09:30:26.190,3.447,700
2020-11-09 09:30:26.400,3.447,1400
2020-11-09 09:30:26.670,3.447,1100
2020-11-09 09:30:26.860,3.447,4000
2020-11-09 09:30:26.950,3.447,3000
2020-11-09 09:30:27.020,3.447,3000
2020-11-09 09:30:27.080,3.447,100
2020-11-09 09:30:27.340,3.447,7000
2020-11-09 09:30:27.470,3.447,2000
2020-11-09 09:30:27.600,3.447,3000
2020-11-09 09:30:27.760,3.447,4000
2020-11-09 09:30:27.890,3.447,600
2020-11-09 09:30:28.110,3.447,400
2020-11-09 09:30:28.110,3.447,600
2020-11-09 09:30:28.110,3.447,5400
2020-11-09 09:30:28.400,3.447,7600
2020-11-09 09:30:28.530,3.448,5000
2020-11-09 09:30:28.530,3.448,167500
2020-11-09 09:30:28.530,3.448,7600
2020-11-09 09:30:28.530,3.448,300
2020-11-09 09:30:28.530,3.448,100
2020-11-09 09:30:28.730,3.448,10000
2020-11-09 09:30:28.770,3.448,1000
2020-11-09 09:30:29.250,3.448,2500
2020-11-09 09:30:29.340,3.448,10700
2020-11-09 09:30:29.400,3.448,300
2020-11-09 09:30:29.560,3.448,30000
2020-11-09 09:30:29.560,3.448,5000
2020-11-09 09:30:29.590,3.448,2000
2020-11-09 09:30:29.930,3.448,6000
2020-11-09 09:30:30.150,3.447,300
2020-11-09 09:30:30.150,3.447,4100
2020-11-09 09:30:30.150,3.447,3100
2020-11-09 09:30:30.420,3.447,1000
2020-11-09 09:30:30.420,3.447,800
2020-11-09 09:30:31.050,3.446,100
2020-11-09 09:30:31.050,3.446,9900
2020-11-09 09:30:31.560,3.448,10000
2020-11-09 09:30:31.630,3.448,100
2020-11-09 09:30:31.730,3.448,1000
2020-11-09 09:30:32.560,3.449,2000
2020-11-09 09:30:32.560,3.449,12900
2020-11-09 09:30:32.560,3.449,6000
2020-11-09 09:30:32.560,3.449,1000
2020-11-09 09:30:32.560,3.449,5000
2020-11-09 09:30:32.560,3.449,30500
2020-11-09 09:30:32.560,3.449,50000
2020-11-09 09:30:32.560,3.449,500
2020-11-09 09:30:32.560,3.449,200
2020-11-09 09:30:32.560,3.449,1500
2020-11-09 09:30:32.560,3.449,1000
2020-11-09 09:30:32.560,3.449,5000
2020-11-09 09:30:32.560,3.449,800
2020-11-09 09:30:32.560,3.449,95500
2020-11-09 09:30:32.560,3.449,10800
2020-11-09 09:30:32.560,3.449,2000
2020-11-09 09:30:32.560,3.449,5000
2020-11-09 09:30:32.850,3.449,29600
2020-11-09 09:30:33.000,3.449,1000
2020-11-09 09:30:33.560,3.447,91200
2020-11-09 09:30:33.560,3.447,2000
2020-11-09 09:30:33.560,3.447,100
2020-11-09 09:30:33.560,3.447,300
2020-11-09 09:30:33.890,3.447,500
2020-11-09 09:30:34.010,3.448,1000
2020-11-09 09:30:34.170,3.448,3000
2020-11-09 09:30:34.260,3.448,2900
2020-11-09 09:30:34.290,3.448,10000
2020-11-09 09:30:34.320,3.448,10000
2020-11-09 09:30:34.560,3.449,10000
2020-11-09 09:30:34.560,3.45,10000
2020-11-09 09:30:34.660,3.448,10600
2020-11-09 09:30:35.050,3.447,4000
2020-11-09 09:30:35.050,3.447,1000
2020-11-09 09:30:35.050,3.448,18700
2020-11-09 09:30:35.050,3.448,2000
2020-11-09 09:30:35.190,3.448,1000
2020-11-09 09:30:35.190,3.448,900
2020-11-09 09:30:35.470,3.448,1900
2020-11-09 09:30:35.690,3.448,6000
2020-11-09 09:30:35.690,3.448,5200
2020-11-09 09:30:35.790,3.448,5000
2020-11-09 09:30:36.620,3.448,81400
2020-11-09 09:30:36.790,3.448,150000
2020-11-09 09:30:36.790,3.448,3000
2020-11-09 09:30:37.460,3.448,300
2020-11-09 09:30:37.460,3.447,9700
2020-11-09 09:30:38.120,3.447,10300
2020-11-09 09:30:38.120,3.447,100
2020-11-09 09:30:38.120,3.447,14600
2020-11-09 09:30:38.500,3.447,20000
2020-11-09 09:30:38.800,3.448,500
2020-11-09 09:30:38.800,3.449,500
2020-11-09 09:30:39.120,3.447,1000
2020-11-09 09:30:39.720,3.448,200
2020-11-09 09:30:39.720,3.448,3000
2020-11-09 09:30:39.910,3.446,37700
2020-11-09 09:30:40.280,3.448,1400
2020-11-09 09:30:40.720,3.446,2400
2020-11-09 09:30:40.720,3.446,2000
2020-11-09 09:30:40.720,3.446,70600
2020-11-09 09:30:40.750,3.446,5000
2020-11-09 09:30:41.980,3.445,1000
2020-11-09 09:30:41.980,3.445,1000
2020-11-09 09:30:42.670,3.447,800
2020-11-09 09:30:42.670,3.447,2000
2020-11-09 09:30:42.670,3.447,290000
2020-11-09 09:30:42.670,3.447,3000
2020-11-09 09:30:42.670,3.448,15600
2020-11-09 09:30:42.670,3.448,5000
2020-11-09 09:30:42.670,3.448,50000
2020-11-09 09:30:42.670,3.448,20000
2020-11-09 09:30:42.670,3.448,100000
2020-11-09 09:30:42.670,3.448,10000
2020-11-09 09:30:42.670,3.448,30000
2020-11-09 09:30:42.670,3.448,4000
2020-11-09 09:30:42.670,3.448,10000
2020-11-09 09:30:42.670,3.449,49500
2020-11-09 09:30:42.670,3.449,10100
2020-11-09 09:30:43.340,3.446,10000
2020-11-09 09:30:43.880,3.448,10000
2020-11-09 09:30:43.880,3.448,200
2020-11-09 09:30:43.880,3.448,2500
2020-11-09 09:30:43.880,3.448,10000
2020-11-09 09:30:43.900,3.448,25000
2020-11-09 09:30:44.270,3.448,18000
2020-11-09 09:30:44.680,3.448,300
2020-11-09 09:30:44.680,3.448,13500
2020-11-09 09:30:44.920,3.448,25400
2020-11-09 09:30:45.070,3.448,1500
2020-11-09 09:30:45.100,3.448,493600
2020-11-09 09:30:45.100,3.448,4000
2020-11-09 09:30:45.700,3.446,200
2020-11-09 09:30:46.960,3.447,700
2020-11-09 09:30:47.050,3.447,1100
2020-11-09 09:30:47.050,3.447,1000
2020-11-09 09:30:47.050,3.447,10200
2020-11-09 09:30:47.310,3.447,12000
2020-11-09 09:30:47.310,3.447,6600
2020-11-09 09:30:47.460,3.448,10000
2020-11-09 09:30:47.770,3.446,300
2020-11-09 09:30:47.770,3.446,700
2020-11-09 09:30:48.020,3.448,1500
2020-11-09 09:30:49.330,3.446,2300
2020-11-09 09:30:50.860,3.446,2300
2020-11-09 09:30:51.600,3.446,1900
2020-11-09 09:30:51.600,3.446,6400
2020-11-09 09:30:51.770,3.446,1500
2020-11-09 09:30:51.800,3.447,1000
2020-11-09 09:30:52.260,3.447,1200
2020-11-09 09:30:52.260,3.447,1000
2020-11-09 09:30:52.700,3.447,2000
2020-11-09 09:30:53.200,3.448,30000
2020-11-09 09:30:53.200,3.448,10000
2020-11-09 09:30:53.550,3.447,1200
2020-11-09 09:30:53.780,3.447,2500
2020-11-09 09:30:53.960,3.446,1000
2020-11-09 09:30:53.960,3.446,4000
2020-11-09 09:30:54.370,3.446,3000
2020-11-09 09:30:54.750,3.446,132000
2020-11-09 09:30:54.930,3.446,5500
2020-11-09 09:30:55.780,3.446,100000
2020-11-09 09:30:56.000,3.446,13500
2020-11-09 09:30:56.570,3.447,50000
2020-11-09 09:30:56.570,3.447,200
2020-11-09 09:30:56.570,3.447,3000
2020-11-09 09:30:57.090,3.448,300
2020-11-09 09:30:57.220,3.448,700
2020-11-09 09:30:57.490,3.447,300
2020-11-09 09:30:57.490,3.448,77700
2020-11-09 09:30:57.810,3.447,5000
2020-11-09 09:30:58.030,3.447,1000
2020-11-09 09:30:58.300,3.447,89600
2020-11-09 09:30:58.360,3.447,4000
2020-11-09 09:30:58.550,3.447,8200
2020-11-09 09:30:58.740,3.447,20000
2020-11-09 09:30:58.960,3.447,3000
2020-11-09 09:30:59.050,3.447,5000
2020-11-09 09:30:59.170,3.447,800
2020-11-09 09:30:59.490,3.448,41000
2020-11-09 09:30:59.550,3.447,600
2020-11-09 09:30:59.890,3.447,1500
2020-11-09 09:30:59.920,3.447,2400
2020-11-09 09:30:59.920,3.447,5000
2020-11-09 09:31:00.170,3.448,1000
2020-11-09 09:31:00.500,3.447,5000
2020-11-09 09:31:00.750,3.447,7000
2020-11-09 09:31:00.890,3.447,6000
2020-11-09 09:31:00.920,3.447,12000
2020-11-09 09:31:01.050,3.447,10000
2020-11-09 09:31:01.390,3.447,2200
2020-11-09 09:31:01.390,3.447,5000
2020-11-09 09:31:01.720,3.447,10000
2020-11-09 09:31:01.780,3.448,230200
2020-11-09 09:31:01.780,3.448,2000
2020-11-09 09:31:01.780,3.448,28900
2020-11-09 09:31:01.780,3.448,290300
2020-11-09 09:31:01.780,3.448,2000
2020-11-09 09:31:01.780,3.448,3400
2020-11-09 09:31:01.780,3.448,500
2020-11-09 09:31:01.780,3.448,10000
2020-11-09 09:31:01.780,3.448,17300
2020-11-09 09:31:01.780,3.448,3000
2020-11-09 09:31:01.780,3.448,3200
2020-11-09 09:31:01.780,3.448,7500
2020-11-09 09:31:01.780,3.448,1000
2020-11-09 09:31:01.780,3.448,700
2020-11-09 09:31:02.030,3.447,1000
2020-11-09 09:31:02.030,3.448,300
2020-11-09 09:31:02.030,3.448,100
2020-11-09 09:31:02.030,3.448,3700
2020-11-09 09:31:02.030,3.448,15000
2020-11-09 09:31:02.030,3.448,1000
2020-11-09 09:31:02.030,3.448,1300
2020-11-09 09:31:02.030,3.448,1000
2020-11-09 09:31:02.030,3.448,3000
2020-11-09 09:31:02.030,3.448,5000
2020-11-09 09:31:02.030,3.448,14900
2020-11-09 09:31:02.030,3.448,10400
2020-11-09 09:31:02.030,3.448,3500
2020-11-09 09:31:02.030,3.448,12900
2020-11-09 09:31:02.060,3.448,3000
2020-11-09 09:31:02.500,3.448,30000
2020-11-09 09:31:02.590,3.448,6000
2020-11-09 09:31:02.590,3.448,1000
2020-11-09 09:31:02.620,3.448,300
2020-11-09 09:31:03.160,3.448,2200
2020-11-09 09:31:03.390,3.448,3700
2020-11-09 09:31:03.390,3.448,900
2020-11-09 09:31:03.580,3.449,89900
2020-11-09 09:31:03.580,3.449,15600
2020-11-09 09:31:03.580,3.449,5000
2020-11-09 09:31:03.580,3.449,8800
2020-11-09 09:31:03.580,3.449,10000
2020-11-09 09:31:03.580,3.449,20000
2020-11-09 09:31:03.580,3.449,35500
2020-11-09 09:31:03.580,3.449,5000
2020-11-09 09:31:03.580,3.449,10000
2020-11-09 09:31:03.580,3.449,10000
2020-11-09 09:31:03.580,3.449,300
2020-11-09 09:31:03.580,3.449,3000
2020-11-09 09:31:03.580,3.449,5000
2020-11-09 09:31:03.580,3.449,3500
2020-11-09 09:31:03.580,3.449,5000
2020-11-09 09:31:03.580,3.449,50000
2020-11-09 09:31:03.580,3.449,107500
2020-11-09 09:31:03.580,3.449,300
2020-11-09 09:31:03.580,3.449,12900
2020-11-09 09:31:03.740,3.449,231900
2020-11-09 09:31:03.740,3.449,6500
2020-11-09 09:31:03.810,3.449,10000
2020-11-09 09:31:03.880,3.449,3000
2020-11-09 09:31:03.950,3.449,2000
2020-11-09 09:31:04.340,3.449,2000
2020-11-09 09:31:04.620,3.449,10600
2020-11-09 09:31:04.710,3.449,3900
2020-11-09 09:31:04.740,3.449,6800
2020-11-09 09:31:04.830,3.449,2900
2020-11-09 09:31:05.410,3.45,100
2020-11-09 09:31:05.800,3.449,500
2020-11-09 09:31:05.830,3.449,11700
2020-11-09 09:31:05.830,3.449,6400
2020-11-09 09:31:05.830,3.449,4700
2020-11-09 09:31:05.990,3.449,4400
2020-11-09 09:31:05.990,3.449,10000
2020-11-09 09:31:06.310,3.449,3000
2020-11-09 09:31:06.340,3.45,16200
2020-11-09 09:31:06.340,3.45,500
2020-11-09 09:31:06.340,3.45,200
2020-11-09 09:31:06.340,3.45,14700
2020-11-09 09:31:06.340,3.45,9700
2020-11-09 09:31:06.340,3.45,5000
2020-11-09 09:31:06.340,3.45,5000
2020-11-09 09:31:06.340,3.45,4500
2020-11-09 09:31:06.340,3.45,200
2020-11-09 09:31:06.340,3.45,5000
2020-11-09 09:31:06.340,3.45,200
2020-11-09 09:31:06.340,3.45,1000
2020-11-09 09:31:06.340,3.45,20000
2020-11-09 09:31:06.340,3.45,2000
2020-11-09 09:31:06.340,3.45,30000
2020-11-09 09:31:06.340,3.45,5000
2020-11-09 09:31:06.340,3.45,1000
2020-11-09 09:31:06.340,3.45,400
2020-11-09 09:31:06.340,3.45,9400
2020-11-09 09:31:06.840,3.449,1000
2020-11-09 09:31:07.030,3.449,500
2020-11-09 09:31:07.030,3.449,300
2020-11-09 09:31:07.030,3.449,150200
2020-11-09 09:31:07.130,3.449,6400
2020-11-09 09:31:07.190,3.449,11700
2020-11-09 09:31:07.250,3.449,1000
2020-11-09 09:31:07.360,3.449,30000
2020-11-09 09:31:07.500,3.449,5000
2020-11-09 09:31:07.590,3.449,6000
2020-11-09 09:31:07.630,3.45,600
2020-11-09 09:31:07.630,3.45,600
2020-11-09 09:31:07.840,3.45,2000
2020-11-09 09:31:08.040,3.449,31700
2020-11-09 09:31:08.400,3.449,5700
2020-11-09 09:31:08.470,3.449,9800
2020-11-09 09:31:08.470,3.449,200
2020-11-09 09:31:08.660,3.449,2000
2020-11-09 09:31:08.690,3.449,11700
2020-11-09 09:31:08.750,3.449,6400
2020-11-09 09:31:08.810,3.449,10000
2020-11-09 09:31:09.270,3.449,500
2020-11-09 09:31:09.530,3.449,4400
2020-11-09 09:31:09.560,3.449,4800
2020-11-09 09:31:09.560,3.449,2100
2020-11-09 09:31:09.560,3.449,3500
2020-11-09 09:31:09.560,3.449,10000
2020-11-09 09:31:10.350,3.448,11700
2020-11-09 09:31:10.470,3.448,7700
2020-11-09 09:31:10.470,3.448,2500
2020-11-09 09:31:11.050,3.448,7700
2020-11-09 09:31:11.300,3.448,1000
2020-11-09 09:31:11.650,3.448,7700
2020-11-09 09:31:12.010,3.448,2500
2020-11-09 09:31:12.090,3.448,7700
2020-11-09 09:31:12.740,3.449,20600
2020-11-09 09:31:12.740,3.449,900
2020-11-09 09:31:12.740,3.449,5000
2020-11-09 09:31:12.740,3.449,10000
2020-11-09 09:31:12.740,3.449,20000
2020-11-09 09:31:12.740,3.449,20000
2020-11-09 09:31:12.740,3.449,700
2020-11-09 09:31:12.740,3.449,300
2020-11-09 09:31:12.740,3.449,7600
2020-11-09 09:31:12.740,3.449,500
2020-11-09 09:31:12.740,3.449,34300
2020-11-09 09:31:12.740,3.449,100
2020-11-09 09:31:12.740,3.45,400
2020-11-09 09:31:12.740,3.45,5000
2020-11-09 09:31:12.740,3.45,500
2020-11-09 09:31:12.740,3.45,5400
2020-11-09 09:31:13.250,3.449,100
2020-11-09 09:31:13.250,3.449,4600
2020-11-09 09:31:13.250,3.449,500
2020-11-09 09:31:13.500,3.449,1000
2020-11-09 09:31:13.630,3.448,900
2020-11-09 09:31:14.700,3.448,1600
2020-11-09 09:31:15.110,3.448,900
2020-11-09 09:31:15.110,3.448,30000
2020-11-09 09:31:15.110,3.448,100
2020-11-09 09:31:15.110,3.448,1700
2020-11-09 09:31:15.110,3.448,28200
2020-11-09 09:31:15.340,3.448,1800
2020-11-09 09:31:15.340,3.448,5000
2020-11-09 09:31:16.930,3.447,300
2020-11-09 09:31:17.030,3.446,100
2020-11-09 09:31:17.030,3.446,70000
2020-11-09 09:31:17.400,3.447,500
2020-11-09 09:31:17.400,3.448,19000
2020-11-09 09:31:17.400,3.448,500
2020-11-09 09:31:17.400,3.449,6800
2020-11-09 09:31:17.400,3.449,6000
2020-11-09 09:31:17.400,3.449,4800
2020-11-09 09:31:17.400,3.449,30000
2020-11-09 09:31:17.400,3.449,10000
2020-11-09 09:31:17.400,3.449,1200
2020-11-09 09:31:17.400,3.449,100000
2020-11-09 09:31:17.400,3.449,100
2020-11-09 09:31:17.400,3.449,100000
2020-11-09 09:31:17.400,3.449,1000
2020-11-09 09:31:17.400,3.449,20100
2020-11-09 09:31:17.750,3.448,1400
2020-11-09 09:31:17.840,3.448,1000
2020-11-09 09:31:18.850,3.446,2800
2020-11-09 09:31:19.760,3.446,26900
2020-11-09 09:31:19.760,3.446,700
2020-11-09 09:31:20.000,3.447,5900
2020-11-09 09:31:20.710,3.447,2100
2020-11-09 09:31:21.000,3.447,5100
2020-11-09 09:31:21.680,3.446,2800
2020-11-09 09:31:21.750,3.447,11300
2020-11-09 09:31:22.360,3.446,5000
2020-11-09 09:31:22.420,3.447,1000
2020-11-09 09:31:23.010,3.446,400
2020-11-09 09:31:24.170,3.447,500
2020-11-09 09:31:25.060,3.446,5000
2020-11-09 09:31:25.400,3.446,800
2020-11-09 09:31:25.780,3.446,16000
2020-11-09 09:31:25.820,3.446,2000
2020-11-09 09:31:26.200,3.446,28100
2020-11-09 09:31:26.960,3.446,10700
2020-11-09 09:31:26.960,3.446,12400
2020-11-09 09:31:28.980,3.445,10000
2020-11-09 09:31:28.980,3.445,90000
2020-11-09 09:31:29.250,3.445,8400
2020-11-09 09:31:29.250,3.445,51600
2020-11-09 09:31:29.740,3.446,10000
2020-11-09 09:31:29.740,3.446,10000
2020-11-09 09:31:29.900,3.446,1000
2020-11-09 09:31:30.000,3.446,2000
2020-11-09 09:31:30.230,3.446,2000
2020-11-09 09:31:30.230,3.446,1000
2020-11-09 09:31:30.760,3.446,300
2020-11-09 09:31:31.300,3.446,10000
2020-11-09 09:31:31.360,3.446,1000
2020-11-09 09:31:31.460,3.446,2600
2020-11-09 09:31:31.530,3.446,5000
2020-11-09 09:31:31.530,3.446,2000
2020-11-09 09:31:31.650,3.446,800
2020-11-09 09:31:31.750,3.446,600
2020-11-09 09:31:32.320,3.446,100
2020-11-09 09:31:32.410,3.446,100
2020-11-09 09:31:32.850,3.446,1000
2020-11-09 09:31:32.850,3.446,300
2020-11-09 09:31:32.880,3.446,4700
2020-11-09 09:31:32.880,3.447,15300
2020-11-09 09:31:32.910,3.445,1200
2020-11-09 09:31:33.090,3.446,1000
2020-11-09 09:31:33.370,3.446,9000
2020-11-09 09:31:33.370,3.445,3800
2020-11-09 09:31:33.370,3.445,39900
2020-11-09 09:31:33.620,3.446,1000
2020-11-09 09:31:34.750,3.445,5000
2020-11-09 09:31:34.810,3.446,2500
2020-11-09 09:31:34.810,3.446,500
2020-11-09 09:31:34.900,3.445,10000
2020-11-09 09:31:36.890,3.445,46000
2020-11-09 09:31:37.770,3.445,200
2020-11-09 09:31:37.770,3.445,200
2020-11-09 09:31:37.770,3.445,200
2020-11-09 09:31:37.770,3.445,200
2020-11-09 09:31:37.840,3.445,200
2020-11-09 09:31:37.840,3.445,200
2020-11-09 09:31:38.280,3.446,5000
2020-11-09 09:31:38.470,3.446,300
2020-11-09 09:31:38.780,3.446,200
2020-11-09 09:31:38.780,3.446,3000
2020-11-09 09:31:38.980,3.445,5000
2020-11-09 09:31:39.040,3.446,2000
2020-11-09 09:31:39.460,3.446,500
2020-11-09 09:31:39.680,3.445,100
2020-11-09 09:31:39.810,3.445,1000
2020-11-09 09:31:40.060,3.446,200
2020-11-09 09:31:40.130,3.445,6800
2020-11-09 09:31:41.300,3.445,900
2020-11-09 09:31:41.300,3.445,100000
2020-11-09 09:31:41.300,3.445,3000
2020-11-09 09:31:41.300,3.446,7200
2020-11-09 09:31:41.300,3.446,30500
2020-11-09 09:31:41.300,3.446,3000
2020-11-09 09:31:41.300,3.446,132100
2020-11-09 09:31:41.300,3.446,5000
2020-11-09 09:31:41.300,3.446,1400
2020-11-09 09:31:41.300,3.446,16900
2020-11-09 09:31:43.130,3.445,3100
2020-11-09 09:31:43.230,3.444,1200
2020-11-09 09:31:43.920,3.442,200
2020-11-09 09:31:43.920,3.442,14300
2020-11-09 09:31:45.490,3.444,100
2020-11-09 09:31:48.260,3.443,500
2020-11-09 09:31:48.260,3.442,300
2020-11-09 09:31:49.050,3.442,17000
2020-11-09 09:31:49.260,3.442,4900
2020-11-09 09:31:49.750,3.442,11000
2020-11-09 09:31:49.870,3.441,400
2020-11-09 09:31:49.870,3.441,400
2020-11-09 09:31:50.420,3.441,1000
2020-11-09 09:31:50.980,3.442,5200
2020-11-09 09:31:51.890,3.441,3600
2020-11-09 09:31:51.890,3.441,46400
2020-11-09 09:31:51.970,3.441,200
2020-11-09 09:31:54.510,3.441,1500
2020-11-09 09:31:54.630,3.441,4000
2020-11-09 09:31:54.700,3.441,800
2020-11-09 09:31:54.840,3.441,100
2020-11-09 09:31:54.940,3.441,30000
2020-11-09 09:31:55.320,3.441,3000
2020-11-09 09:31:55.350,3.441,3900
2020-11-09 09:31:55.700,3.441,1000
2020-11-09 09:31:56.380,3.442,3000
2020-11-09 09:31:56.770,3.441,3000
2020-11-09 09:31:56.900,3.442,3000
2020-11-09 09:31:56.900,3.442,200
2020-11-09 09:31:57.680,3.441,5000
2020-11-09 09:31:57.710,3.441,5000
2020-11-09 09:31:57.810,3.441,400
2020-11-09 09:31:58.730,3.441,1600
2020-11-09 09:31:58.790,3.442,127300
2020-11-09 09:31:58.790,3.442,1500
2020-11-09 09:31:58.790,3.442,10000
2020-11-09 09:31:58.790,3.442,1200
2020-11-09 09:31:58.790,3.442,80000
2020-11-09 09:31:58.790,3.442,10000
2020-11-09 09:31:58.790,3.442,7300
2020-11-09 09:31:58.790,3.442,20000
2020-11-09 09:31:59.160,3.442,42700
2020-11-09 09:31:59.160,3.441,133700
2020-11-09 09:31:59.260,3.441,4000
2020-11-09 09:31:59.720,3.442,15000
2020-11-09 09:31:59.720,3.442,200
2020-11-09 09:31:59.750,3.442,300
2020-11-09 09:31:59.960,3.442,71900
2020-11-09 09:31:59.960,3.442,100
2020-11-09 09:32:00.610,3.442,4500
2020-11-09 09:32:00.800,3.442,3000
2020-11-09 09:32:00.960,3.442,300
2020-11-09 09:32:00.960,3.442,1000
2020-11-09 09:32:01.350,3.442,5000
2020-11-09 09:32:01.530,3.442,180000
2020-11-09 09:32:02.570,3.442,1400
2020-11-09 09:32:02.800,3.443,7500
2020-11-09 09:32:02.800,3.443,1500
2020-11-09 09:32:02.800,3.443,600
2020-11-09 09:32:02.800,3.443,3000
2020-11-09 09:32:02.800,3.443,8800
2020-11-09 09:32:02.800,3.443,22500
2020-11-09 09:32:03.010,3.443,100
2020-11-09 09:32:03.570,3.443,2700
2020-11-09 09:32:03.840,3.443,300
2020-11-09 09:32:03.990,3.443,1000
2020-11-09 09:32:04.180,3.443,5500
2020-11-09 09:32:04.450,3.443,10000
2020-11-09 09:32:04.520,3.443,10000
2020-11-09 09:32:04.670,3.443,600
2020-11-09 09:32:04.830,3.443,6000
2020-11-09 09:32:04.920,3.443,100
2020-11-09 09:32:05.040,3.443,855
2020-11-09 09:32:05.160,3.443,10000
2020-11-09 09:32:06.410,3.444,3500
2020-11-09 09:32:06.410,3.444,7400
2020-11-09 09:32:06.410,3.444,20000
2020-11-09 09:32:06.410,3.444,2000
2020-11-09 09:32:06.410,3.444,3000
2020-11-09 09:32:06.410,3.444,100
2020-11-09 09:32:06.410,3.444,60000
2020-11-09 09:32:06.410,3.444,100
2020-11-09 09:32:06.410,3.444,1000
2020-11-09 09:32:06.410,3.444,1200
2020-11-09 09:32:06.410,3.444,3200
2020-11-09 09:32:06.410,3.444,1500
2020-11-09 09:32:06.410,3.444,500
2020-11-09 09:32:06.410,3.444,127300
2020-11-09 09:32:06.410,3.444,2800
2020-11-09 09:32:06.410,3.444,7500
2020-11-09 09:32:06.480,3.444,10000
2020-11-09 09:32:06.630,3.444,1000
2020-11-09 09:32:06.780,3.444,1000
2020-11-09 09:32:07.300,3.444,2000
2020-11-09 09:32:07.680,3.444,20000
2020-11-09 09:32:08.140,3.444,800
2020-11-09 09:32:08.430,3.444,300
2020-11-09 09:32:08.850,3.444,6400
2020-11-09 09:32:09.120,3.444,17400
2020-11-09 09:32:09.120,3.443,2600
2020-11-09 09:32:09.720,3.443,10000
2020-11-09 09:32:10.390,3.443,5000
2020-11-09 09:32:11.100,3.444,6700
2020-11-09 09:32:11.100,3.443,3300
2020-11-09 09:32:12.820,3.444,100
2020-11-09 09:32:13.060,3.443,3200
2020-11-09 09:32:13.840,3.444,200
2020-11-09 09:32:13.840,3.444,200
2020-11-09 09:32:13.840,3.445,600
2020-11-09 09:32:13.840,3.445,9000
2020-11-09 09:32:13.840,3.445,1000
2020-11-09 09:32:13.840,3.445,18500
2020-11-09 09:32:14.070,3.443,50000
2020-11-09 09:32:14.390,3.443,500
2020-11-09 09:32:15.670,3.443,5000
2020-11-09 09:32:15.760,3.443,17700
2020-11-09 09:32:15.790,3.443,77200
2020-11-09 09:32:15.950,3.443,2500
2020-11-09 09:32:16.810,3.443,6600
2020-11-09 09:32:17.160,3.444,100
2020-11-09 09:32:17.160,3.444,2000
2020-11-09 09:32:17.160,3.444,4400
2020-11-09 09:32:17.760,3.443,1000
2020-11-09 09:32:18.150,3.444,1000
2020-11-09 09:32:18.340,3.443,24345
2020-11-09 09:32:18.340,3.443,147955
2020-11-09 09:32:19.370,3.443,100
2020-11-09 09:32:19.880,3.443,1800
2020-11-09 09:32:19.970,3.443,15000
2020-11-09 09:32:20.150,3.443,5100
2020-11-09 09:32:20.410,3.443,2445
2020-11-09 09:32:20.410,3.443,2000
2020-11-09 09:32:20.410,3.443,5800
2020-11-09 09:32:20.480,3.443,100
2020-11-09 09:32:20.510,3.442,100
2020-11-09 09:32:20.510,3.442,900
2020-11-09 09:32:21.250,3.442,700
2020-11-09 09:32:21.250,3.442,700
2020-11-09 09:32:21.250,3.442,8600
2020-11-09 09:32:22.070,3.443,3000
2020-11-09 09:32:22.070,3.442,3000
2020-11-09 09:32:22.470,3.443,200
2020-11-09 09:32:22.530,3.443,800
2020-11-09 09:32:22.940,3.443,5000
2020-11-09 09:32:23.430,3.443,1100
2020-11-09 09:32:24.090,3.443,29555
2020-11-09 09:32:24.090,3.443,900
2020-11-09 09:32:24.090,3.443,35000
2020-11-09 09:32:24.090,3.443,11300
2020-11-09 09:32:24.090,3.443,1000
2020-11-09 09:32:24.090,3.443,61800
2020-11-09 09:32:24.090,3.443,4800
2020-11-09 09:32:24.090,3.443,4000
2020-11-09 09:32:24.090,3.443,1000
2020-11-09 09:32:24.090,3.443,3000
2020-11-09 09:32:24.090,3.443,4700
2020-11-09 09:32:24.090,3.443,10800
2020-11-09 09:32:24.090,3.443,4200
2020-11-09 09:32:24.090,3.443,200
2020-11-09 09:32:24.090,3.443,3000
2020-11-09 09:32:24.090,3.443,3000
2020-11-09 09:32:24.090,3.443,1000
2020-11-09 09:32:24.580,3.443,300000
2020-11-09 09:32:25.130,3.443,3200
2020-11-09 09:32:25.310,3.444,300
2020-11-09 09:32:25.510,3.443,700
2020-11-09 09:32:26.190,3.443,3000
2020-11-09 09:32:26.600,3.443,5000
2020-11-09 09:32:26.630,3.443,1500
2020-11-09 09:32:26.750,3.443,100
2020-11-09 09:32:27.060,3.444,41000
2020-11-09 09:32:27.500,3.443,1000
2020-11-09 09:32:27.630,3.443,2900
2020-11-09 09:32:27.960,3.443,5000
2020-11-09 09:32:28.090,3.443,200
2020-11-09 09:32:28.090,3.444,23300
2020-11-09 09:32:28.090,3.444,2500
2020-11-09 09:32:28.090,3.444,6300
2020-11-09 09:32:28.090,3.444,3000
2020-11-09 09:32:28.090,3.444,10000
2020-11-09 09:32:28.090,3.444,3000
2020-11-09 09:32:28.090,3.444,16000
2020-11-09 09:32:28.090,3.444,15000
2020-11-09 09:32:28.090,3.444,6000
2020-11-09 09:32:28.090,3.444,100
2020-11-09 09:32:28.520,3.443,30000
2020-11-09 09:32:28.990,3.444,400
2020-11-09 09:32:28.990,3.444,500
2020-11-09 09:32:28.990,3.444,1000
2020-11-09 09:32:28.990,3.444,3500
2020-11-09 09:32:29.400,3.443,100
2020-11-09 09:32:30.140,3.444,6500
2020-11-09 09:32:30.140,3.444,3900
2020-11-09 09:32:30.460,3.444,14800
2020-11-09 09:32:30.460,3.444,3900
2020-11-09 09:32:30.980,3.443,1000
2020-11-09 09:32:30.980,3.443,4000
2020-11-09 09:32:30.980,3.443,16000
2020-11-09 09:32:31.080,3.443,100
2020-11-09 09:32:31.800,3.443,10000
2020-11-09 09:32:33.490,3.444,5100
2020-11-09 09:32:33.490,3.444,5000
2020-11-09 09:32:33.520,3.443,3000
2020-11-09 09:32:33.580,3.443,270900
2020-11-09 09:32:33.580,3.443,200
2020-11-09 09:32:33.580,3.443,2000
2020-11-09 09:32:33.580,3.443,26900
2020-11-09 09:32:33.800,3.443,2000
2020-11-09 09:32:34.030,3.443,5000
2020-11-09 09:32:34.150,3.444,1000
2020-11-09 09:32:34.150,3.443,200
2020-11-09 09:32:34.150,3.443,800
2020-11-09 09:32:34.480,3.444,3000
2020-11-09 09:32:34.800,3.443,400
2020-11-09 09:32:34.890,3.443,20000
2020-11-09 09:32:35.530,3.443,500
2020-11-09 09:32:36.790,3.443,600
2020-11-09 09:32:36.790,3.443,800
2020-11-09 09:32:36.790,3.443,6800
2020-11-09 09:32:37.010,3.443,200
2020-11-09 09:32:37.010,3.444,2800
2020-11-09 09:32:37.480,3.443,100
2020-11-09 09:32:37.670,3.443,19900
2020-11-09 09:32:37.760,3.443,100
2020-11-09 09:32:37.940,3.444,7500
2020-11-09 09:32:38.130,3.443,1200
2020-11-09 09:32:38.130,3.444,1300
2020-11-09 09:32:39.870,3.443,10500
2020-11-09 09:32:39.870,3.443,40000
2020-11-09 09:32:39.900,3.444,300
2020-11-09 09:32:40.010,3.443,2000
2020-11-09 09:32:40.290,3.443,4000
2020-11-09 09:32:41.010,3.443,5000
2020-11-09 09:32:41.480,3.443,1000
2020-11-09 09:32:42.080,3.443,100000
2020-11-09 09:32:42.230,3.443,10000
2020-11-09 09:32:42.390,3.444,13800
2020-11-09 09:32:42.390,3.444,26200
2020-11-09 09:32:42.630,3.443,7600
2020-11-09 09:32:43.040,3.443,10900
2020-11-09 09:32:43.270,3.444,3800
2020-11-09 09:32:43.270,3.444,6200
2020-11-09 09:32:43.520,3.444,15900
2020-11-09 09:32:44.680,3.443,500
2020-11-09 09:32:44.870,3.443,100
2020-11-09 09:32:46.340,3.444,3100
2020-11-09 09:32:46.340,3.444,3000
2020-11-09 09:32:46.340,3.444,30000
2020-11-09 09:32:46.340,3.444,5000
2020-11-09 09:32:46.340,3.444,5000
2020-11-09 09:32:46.340,3.444,19700
2020-11-09 09:32:46.340,3.444,200
2020-11-09 09:32:46.340,3.444,200
2020-11-09 09:32:46.340,3.444,3000
2020-11-09 09:32:46.340,3.444,600
2020-11-09 09:32:46.340,3.444,7700
2020-11-09 09:32:46.340,3.444,800
2020-11-09 09:32:46.340,3.444,14400
2020-11-09 09:32:46.340,3.444,2000
2020-11-09 09:32:46.340,3.444,2000
2020-11-09 09:32:46.340,3.444,1000
2020-11-09 09:32:46.340,3.444,500
2020-11-09 09:32:46.340,3.444,1000
2020-11-09 09:32:46.880,3.444,100
2020-11-09 09:32:47.270,3.444,2000
2020-11-09 09:32:47.270,3.444,1000
2020-11-09 09:32:47.520,3.444,5000
2020-11-09 09:32:47.910,3.444,10000
2020-11-09 09:32:48.060,3.444,5000
2020-11-09 09:32:48.250,3.444,21500
2020-11-09 09:32:48.250,3.444,1100
2020-11-09 09:32:48.250,3.443,29400
2020-11-09 09:32:48.250,3.443,20000
2020-11-09 09:32:48.250,3.443,100400
2020-11-09 09:32:49.110,3.444,162500
2020-11-09 09:32:49.360,3.444,100
2020-11-09 09:32:49.510,3.444,100
2020-11-09 09:32:49.570,3.444,5000
2020-11-09 09:32:49.570,3.444,8600
2020-11-09 09:32:50.700,3.444,10000
2020-11-09 09:32:51.550,3.444,30000
2020-11-09 09:32:51.700,3.444,100
2020-11-09 09:32:53.170,3.445,21500
2020-11-09 09:32:53.170,3.445,10000
2020-11-09 09:32:53.170,3.445,5000
2020-11-09 09:32:53.170,3.445,13000
2020-11-09 09:32:53.170,3.445,1000
2020-11-09 09:32:53.170,3.445,1900
2020-11-09 09:32:53.170,3.445,600
2020-11-09 09:32:53.170,3.445,100
2020-11-09 09:32:53.170,3.445,300
2020-11-09 09:32:53.170,3.445,4400
2020-11-09 09:32:53.170,3.445,6900
2020-11-09 09:32:53.170,3.445,1400
2020-11-09 09:32:53.170,3.445,2000
2020-11-09 09:32:53.170,3.445,1000
2020-11-09 09:32:53.170,3.445,3000
2020-11-09 09:32:53.170,3.445,12900
2020-11-09 09:32:53.170,3.445,3000
2020-11-09 09:32:53.170,3.445,90000
2020-11-09 09:32:53.170,3.445,300
2020-11-09 09:32:53.170,3.445,10000
2020-11-09 09:32:53.170,3.445,3000
2020-11-09 09:32:53.170,3.445,5000
2020-11-09 09:32:53.170,3.445,20000
2020-11-09 09:32:53.170,3.445,1500
2020-11-09 09:32:53.170,3.445,10000
2020-11-09 09:32:53.170,3.445,20000
2020-11-09 09:32:53.170,3.445,800
2020-11-09 09:32:53.170,3.445,4000
2020-11-09 09:32:53.170,3.445,2000
2020-11-09 09:32:53.170,3.445,10000
2020-11-09 09:32:53.170,3.445,5000
2020-11-09 09:32:53.170,3.445,2000
2020-11-09 09:32:53.170,3.445,9000
2020-11-09 09:32:53.170,3.445,4000
2020-11-09 09:32:53.170,3.445,3000
2020-11-09 09:32:53.170,3.445,100
2020-11-09 09:32:53.170,3.445,5000
2020-11-09 09:32:53.170,3.445,22500
2020-11-09 09:32:53.170,3.445,100
2020-11-09 09:32:53.170,3.445,20000
2020-11-09 09:32:53.170,3.445,1000
2020-11-09 09:32:53.170,3.445,5500
2020-11-09 09:32:53.170,3.445,1000
2020-11-09 09:32:53.170,3.445,5700
2020-11-09 09:32:53.170,3.444,83600
2020-11-09 09:32:53.170,3.444,100
2020-11-09 09:32:53.170,3.444,20000
2020-11-09 09:32:53.170,3.444,2100
2020-11-09 09:32:53.980,3.443,1000
2020-11-09 09:32:54.210,3.444,16100
2020-11-09 09:32:54.210,3.444,3000
2020-11-09 09:32:54.210,3.445,161200
2020-11-09 09:32:54.210,3.445,2500
2020-11-09 09:32:54.210,3.445,1000
2020-11-09 09:32:54.210,3.445,500
2020-11-09 09:32:54.210,3.445,2900
2020-11-09 09:32:54.210,3.445,5000
2020-11-09 09:32:54.210,3.445,1400
2020-11-09 09:32:54.210,3.445,3000
2020-11-09 09:32:54.210,3.445,2000
2020-11-09 09:32:54.210,3.445,2000
2020-11-09 09:32:54.210,3.445,3000
2020-11-09 09:32:54.210,3.446,1100
2020-11-09 09:32:54.210,3.446,2000
2020-11-09 09:32:54.210,3.446,30000
2020-11-09 09:32:54.210,3.446,5000
2020-11-09 09:32:54.210,3.446,100
2020-11-09 09:32:54.210,3.446,1000
2020-11-09 09:32:54.210,3.446,4000
2020-11-09 09:32:54.210,3.446,400
2020-11-09 09:32:54.210,3.446,3000
2020-11-09 09:32:54.210,3.446,10000
2020-11-09 09:32:54.210,3.446,100
2020-11-09 09:32:54.210,3.446,2000
2020-11-09 09:32:54.210,3.446,2000
2020-11-09 09:32:54.210,3.446,3500
2020-11-09 09:32:54.210,3.446,6100
2020-11-09 09:32:54.210,3.446,2000
2020-11-09 09:32:54.210,3.446,100
2020-11-09 09:32:54.210,3.446,12900
2020-11-09 09:32:54.210,3.446,400
2020-11-09 09:32:54.210,3.446,25000
2020-11-09 09:32:54.210,3.446,500
2020-11-09 09:32:54.210,3.446,10000
2020-11-09 09:32:54.210,3.446,4900
2020-11-09 09:32:54.210,3.446,18800
2020-11-09 09:32:55.170,3.445,400
2020-11-09 09:32:55.170,3.446,81200
2020-11-09 09:32:55.170,3.446,300
2020-11-09 09:32:55.170,3.446,1000
2020-11-09 09:32:55.170,3.446,8100
2020-11-09 09:32:55.170,3.446,2000
2020-11-09 09:32:55.170,3.446,255500
2020-11-09 09:32:55.270,3.446,2000
2020-11-09 09:32:55.470,3.444,2400
2020-11-09 09:32:56.210,3.445,1000
2020-11-09 09:32:56.210,3.446,8700
2020-11-09 09:32:56.270,3.444,500
2020-11-09 09:32:56.330,3.444,100
2020-11-09 09:32:56.330,3.444,700
2020-11-09 09:32:56.430,3.445,2500
2020-11-09 09:32:56.820,3.445,23400
2020-11-09 09:32:56.820,3.444,19300
2020-11-09 09:32:56.820,3.444,8700
2020-11-09 09:32:56.820,3.444,1600
2020-11-09 09:32:56.880,3.443,187000
2020-11-09 09:32:57.710,3.443,600
2020-11-09 09:32:57.710,3.444,38400
2020-11-09 09:32:57.710,3.444,6000
2020-11-09 09:32:57.710,3.444,100
2020-11-09 09:32:57.950,3.444,30000
2020-11-09 09:32:58.230,3.444,1000
2020-11-09 09:32:58.610,3.444,100
2020-11-09 09:32:58.780,3.444,100
2020-11-09 09:32:59.550,3.445,7500
2020-11-09 09:32:59.550,3.445,1000
2020-11-09 09:32:59.650,3.445,5000
2020-11-09 09:32:59.680,3.445,61100
2020-11-09 09:32:59.720,3.445,1000
2020-11-09 09:33:01.540,3.445,3000
2020-11-09 09:33:02.090,3.445,3500
2020-11-09 09:33:02.260,3.445,2000
2020-11-09 09:33:02.260,3.445,200
2020-11-09 09:33:02.360,3.445,52200
2020-11-09 09:33:02.390,3.445,8900
2020-11-09 09:33:02.710,3.445,68500
2020-11-09 09:33:02.970,3.445,2300
2020-11-09 09:33:03.090,3.446,1900
2020-11-09 09:33:03.090,3.446,15000
2020-11-09 09:33:03.090,3.446,54800
2020-11-09 09:33:03.260,3.445,4500
2020-11-09 09:33:03.700,3.446,6800
2020-11-09 09:33:03.700,3.446,200
2020-11-09 09:33:04.220,3.445,1000
2020-11-09 09:33:04.370,3.445,100
2020-11-09 09:33:04.400,3.445,8200
2020-11-09 09:33:04.590,3.446,237100
2020-11-09 09:33:04.590,3.446,100
2020-11-09 09:33:04.590,3.446,5000
2020-11-09 09:33:04.590,3.446,57800
2020-11-09 09:33:04.590,3.446,15500
2020-11-09 09:33:04.590,3.446,900
2020-11-09 09:33:04.660,3.446,5000
2020-11-09 09:33:04.700,3.446,1100
2020-11-09 09:33:04.920,3.446,2000
2020-11-09 09:33:04.990,3.446,100
2020-11-09 09:33:05.210,3.446,275400
2020-11-09 09:33:05.210,3.446,20000
2020-11-09 09:33:05.210,3.445,4600
2020-11-09 09:33:05.390,3.447,200
2020-11-09 09:33:05.390,3.447,10000
2020-11-09 09:33:05.390,3.447,5000
2020-11-09 09:33:05.390,3.447,11700
2020-11-09 09:33:05.390,3.447,15000
2020-11-09 09:33:05.390,3.447,10000
2020-11-09 09:33:05.390,3.447,6000
2020-11-09 09:33:05.390,3.447,46800
2020-11-09 09:33:05.390,3.447,1000
2020-11-09 09:33:05.390,3.447,200
2020-11-09 09:33:05.390,3.447,30100
2020-11-09 09:33:05.390,3.447,10000
2020-11-09 09:33:05.390,3.447,5000
2020-11-09 09:33:05.390,3.447,5000
2020-11-09 09:33:05.390,3.447,23200
2020-11-09 09:33:05.390,3.447,100000
2020-11-09 09:33:05.390,3.447,10000
2020-11-09 09:33:05.390,3.447,6800
2020-11-09 09:33:05.390,3.447,3500
2020-11-09 09:33:05.390,3.447,500
2020-11-09 09:33:05.600,3.447,9500
2020-11-09 09:33:05.600,3.447,200
2020-11-09 09:33:06.310,3.447,2000
2020-11-09 09:33:07.140,3.447,4200
2020-11-09 09:33:07.530,3.447,100
2020-11-09 09:33:07.530,3.447,30000
2020-11-09 09:33:07.840,3.447,1500
2020-11-09 09:33:07.960,3.447,4700
2020-11-09 09:33:08.320,3.447,27200
2020-11-09 09:33:08.840,3.447,65000
2020-11-09 09:33:09.000,3.447,200
2020-11-09 09:33:09.130,3.447,800
2020-11-09 09:33:09.440,3.447,1000
2020-11-09 09:33:09.670,3.448,4400
2020-11-09 09:33:09.670,3.448,3000
2020-11-09 09:33:09.670,3.448,20000
2020-11-09 09:33:09.670,3.448,5000
2020-11-09 09:33:09.670,3.448,99300
2020-11-09 09:33:09.670,3.448,1800
2020-11-09 09:33:09.670,3.448,45000
2020-11-09 09:33:09.670,3.448,2000
2020-11-09 09:33:09.670,3.448,5000
2020-11-09 09:33:09.670,3.448,200
2020-11-09 09:33:09.670,3.448,100000
2020-11-09 09:33:09.670,3.448,3800
2020-11-09 09:33:09.670,3.448,4300
2020-11-09 09:33:09.670,3.448,6200
2020-11-09 09:33:09.740,3.447,2000
2020-11-09 09:33:10.280,3.447,3000
2020-11-09 09:33:10.990,3.447,100
2020-11-09 09:33:11.520,3.448,4900
2020-11-09 09:33:11.770,3.447,1500
2020-11-09 09:33:12.080,3.447,7200
2020-11-09 09:33:12.330,3.447,10000
2020-11-09 09:33:12.460,3.448,26500
2020-11-09 09:33:13.810,3.447,1300
2020-11-09 09:33:14.950,3.448,5000
2020-11-09 09:33:15.160,3.448,2900
2020-11-09 09:33:15.450,3.447,20000
2020-11-09 09:33:15.920,3.447,100
2020-11-09 09:33:16.080,3.447,9700
2020-11-09 09:33:16.630,3.447,400
2020-11-09 09:33:16.730,3.448,4500
2020-11-09 09:33:16.730,3.448,2000
2020-11-09 09:33:16.730,3.448,92200
2020-11-09 09:33:16.860,3.447,500
2020-11-09 09:33:17.520,3.448,3000
2020-11-09 09:33:17.520,3.447,200
2020-11-09 09:33:18.030,3.447,1200
2020-11-09 09:33:18.220,3.448,100
2020-11-09 09:33:18.300,3.447,172400
2020-11-09 09:33:18.430,3.448,60000
2020-11-09 09:33:18.560,3.447,50000
2020-11-09 09:33:18.980,3.447,50000
2020-11-09 09:33:20.030,3.448,89700
2020-11-09 09:33:20.700,3.447,100
2020-11-09 09:33:21.990,3.448,1600
2020-11-09 09:33:22.110,3.447,25200
2020-11-09 09:33:24.280,3.447,1500
2020-11-09 09:33:25.670,3.446,100
2020-11-09 09:33:27.100,3.446,900
2020-11-09 09:33:27.100,3.446,600
2020-11-09 09:33:27.100,3.446,7200
2020-11-09 09:33:27.620,3.446,100
2020-11-09 09:33:30.280,3.447,2000
2020-11-09 09:33:30.520,3.447,11700
2020-11-09 09:33:30.900,3.447,11000
2020-11-09 09:33:30.900,3.447,400
2020-11-09 09:33:30.900,3.447,300
2020-11-09 09:33:31.260,3.447,1200
2020-11-09 09:33:31.260,3.447,6800
2020-11-09 09:33:31.260,3.447,800
2020-11-09 09:33:31.260,3.447,2900
2020-11-09 09:33:31.680,3.447,7100
2020-11-09 09:33:31.680,3.447,3000
2020-11-09 09:33:31.680,3.447,1600
2020-11-09 09:33:31.990,3.447,1400
2020-11-09 09:33:31.990,3.447,1800
2020-11-09 09:33:31.990,3.447,500
2020-11-09 09:33:31.990,3.447,2000
2020-11-09 09:33:31.990,3.447,6000
2020-11-09 09:33:32.400,3.447,11700
2020-11-09 09:33:32.770,3.447,82300
2020-11-09 09:33:32.770,3.447,20000
2020-11-09 09:33:32.770,3.447,5000
2020-11-09 09:33:32.770,3.447,1300
2020-11-09 09:33:32.770,3.447,100
2020-11-09 09:33:32.770,3.447,500
2020-11-09 09:33:32.770,3.447,5000
2020-11-09 09:33:32.770,3.447,300
2020-11-09 09:33:33.020,3.447,1000
2020-11-09 09:33:33.060,3.447,2000
2020-11-09 09:33:33.440,3.447,16100
2020-11-09 09:33:33.440,3.446,12700
2020-11-09 09:33:33.440,3.446,22600
2020-11-09 09:33:33.660,3.447,30000
2020-11-09 09:33:33.860,3.447,5000
2020-11-09 09:33:33.960,3.447,100
2020-11-09 09:33:34.080,3.447,100
2020-11-09 09:33:34.140,3.447,100
2020-11-09 09:33:34.620,3.447,5000
2020-11-09 09:33:34.680,3.447,500
2020-11-09 09:33:35.060,3.447,5000
2020-11-09 09:33:35.330,3.447,900
2020-11-09 09:33:35.680,3.447,5000
2020-11-09 09:33:35.710,3.447,1000
2020-11-09 09:33:35.860,3.447,10000
2020-11-09 09:33:35.970,3.447,55000
2020-11-09 09:33:36.600,3.448,53400
2020-11-09 09:33:36.600,3.448,600
2020-11-09 09:33:36.600,3.448,15000
2020-11-09 09:33:36.600,3.448,4000
2020-11-09 09:33:36.600,3.448,300
2020-11-09 09:33:36.600,3.448,10000
2020-11-09 09:33:36.600,3.448,3000
2020-11-09 09:33:36.600,3.448,18700
2020-11-09 09:33:36.600,3.448,1000
2020-11-09 09:33:36.600,3.448,2000
2020-11-09 09:33:36.600,3.448,900
2020-11-09 09:33:36.600,3.448,6000
2020-11-09 09:33:36.600,3.448,1000
2020-11-09 09:33:36.600,3.448,3200
2020-11-09 09:33:36.600,3.448,180900
2020-11-09 09:33:36.640,3.447,500
2020-11-09 09:33:37.120,3.447,5000
2020-11-09 09:33:37.920,3.448,214900
2020-11-09 09:33:37.920,3.448,300
2020-11-09 09:33:37.920,3.448,12900
2020-11-09 09:33:37.920,3.448,2000
2020-11-09 09:33:37.920,3.448,500
2020-11-09 09:33:37.920,3.448,100
2020-11-09 09:33:37.920,3.448,1000
2020-11-09 09:33:37.920,3.448,200
2020-11-09 09:33:37.920,3.448,8000
2020-11-09 09:33:37.920,3.448,3000
2020-11-09 09:33:37.920,3.448,78000
2020-11-09 09:33:37.920,3.448,2000
2020-11-09 09:33:37.920,3.448,10000
2020-11-09 09:33:37.920,3.448,1000
2020-11-09 09:33:37.920,3.448,18800
2020-11-09 09:33:37.920,3.448,5000
2020-11-09 09:33:38.510,3.448,10000
2020-11-09 09:33:38.570,3.448,15000
2020-11-09 09:33:38.950,3.448,500
2020-11-09 09:33:39.210,3.448,100
2020-11-09 09:33:39.580,3.448,5000
2020-11-09 09:33:39.830,3.449,10000
2020-11-09 09:33:39.830,3.449,3000
2020-11-09 09:33:39.830,3.449,100
2020-11-09 09:33:39.830,3.449,100
2020-11-09 09:33:39.830,3.449,5000
2020-11-09 09:33:39.830,3.449,23800
2020-11-09 09:33:39.830,3.449,58000
2020-11-09 09:33:40.060,3.447,77200
2020-11-09 09:33:40.150,3.447,100
2020-11-09 09:33:40.350,3.447,18000
2020-11-09 09:33:40.570,3.447,100
2020-11-09 09:33:40.690,3.447,2900
2020-11-09 09:33:41.790,3.448,300
2020-11-09 09:33:43.540,3.447,500
2020-11-09 09:33:43.590,3.447,100
2020-11-09 09:33:44.310,3.448,3700
2020-11-09 09:33:44.310,3.448,6300
2020-11-09 09:33:44.490,3.448,10000
2020-11-09 09:33:44.650,3.447,15400
2020-11-09 09:33:44.650,3.447,50000
2020-11-09 09:33:44.780,3.447,10600
2020-11-09 09:33:45.080,3.448,3700
2020-11-09 09:33:45.080,3.448,300
2020-11-09 09:33:45.260,3.447,100
2020-11-09 09:33:45.460,3.448,4700
2020-11-09 09:33:45.460,3.448,10000
2020-11-09 09:33:45.460,3.448,100
2020-11-09 09:33:45.460,3.449,12000
2020-11-09 09:33:45.460,3.449,100
2020-11-09 09:33:45.460,3.449,5000
2020-11-09 09:33:45.460,3.449,1000
2020-11-09 09:33:45.460,3.449,700
2020-11-09 09:33:45.460,3.449,1800
2020-11-09 09:33:45.460,3.449,1000
2020-11-09 09:33:45.460,3.449,2000
2020-11-09 09:33:45.460,3.449,3000
2020-11-09 09:33:45.460,3.449,1500
2020-11-09 09:33:45.460,3.449,7100
2020-11-09 09:33:45.990,3.449,800
2020-11-09 09:33:45.990,3.449,200
2020-11-09 09:33:46.120,3.448,1000
2020-11-09 09:33:46.120,3.447,1600
2020-11-09 09:33:46.180,3.447,10000
2020-11-09 09:33:47.850,3.447,100
2020-11-09 09:33:48.130,3.448,3000
2020-11-09 09:33:48.130,3.448,500
2020-11-09 09:33:48.130,3.449,4800
2020-11-09 09:33:48.130,3.449,200
2020-11-09 09:33:48.130,3.449,10100
2020-11-09 09:33:48.130,3.449,500
2020-11-09 09:33:48.130,3.449,3000
2020-11-09 09:33:48.130,3.449,900
2020-11-09 09:33:48.360,3.447,55500
2020-11-09 09:33:48.360,3.447,20000
2020-11-09 09:33:48.360,3.447,300
2020-11-09 09:33:48.360,3.447,7000
2020-11-09 09:33:48.360,3.447,30000
2020-11-09 09:33:48.360,3.447,3000
2020-11-09 09:33:48.360,3.447,4000
2020-11-09 09:33:48.360,3.447,3000
2020-11-09 09:33:48.360,3.447,1500
2020-11-09 09:33:48.360,3.447,2000
2020-11-09 09:33:48.360,3.447,46100
2020-11-09 09:33:50.010,3.448,20000
2020-11-09 09:33:50.290,3.448,200
2020-11-09 09:33:50.720,3.448,1000
2020-11-09 09:33:51.010,3.449,1100
2020-11-09 09:33:51.010,3.449,3000
2020-11-09 09:33:51.010,3.449,50000
2020-11-09 09:33:51.010,3.449,2000
2020-11-09 09:33:51.010,3.449,10000
2020-11-09 09:33:51.010,3.449,500
2020-11-09 09:33:51.010,3.449,2900
2020-11-09 09:33:51.010,3.449,10300
2020-11-09 09:33:51.010,3.449,2000
2020-11-09 09:33:51.010,3.449,10000
2020-11-09 09:33:51.010,3.449,500
2020-11-09 09:33:51.010,3.449,50000
2020-11-09 09:33:51.010,3.449,6000
2020-11-09 09:33:51.010,3.449,200
2020-11-09 09:33:51.010,3.449,10000
2020-11-09 09:33:51.010,3.449,2000
2020-11-09 09:33:51.010,3.449,2700
2020-11-09 09:33:51.010,3.449,1500
2020-11-09 09:33:51.010,3.449,10000
2020-11-09 09:33:51.010,3.449,1000
2020-11-09 09:33:51.010,3.449,800
2020-11-09 09:33:51.010,3.449,2000
2020-11-09 09:33:51.010,3.449,5100
2020-11-09 09:33:51.010,3.449,10000
2020-11-09 09:33:51.010,3.449,300
2020-11-09 09:33:51.010,3.449,1000
2020-11-09 09:33:51.010,3.449,5000
2020-11-09 09:33:51.010,3.449,3000
2020-11-09 09:33:51.010,3.449,55000
2020-11-09 09:33:51.010,3.449,42100
2020-11-09 09:33:51.110,3.448,500
2020-11-09 09:33:51.180,3.449,200
2020-11-09 09:33:51.620,3.449,7700
2020-11-09 09:33:51.620,3.449,200
2020-11-09 09:33:51.620,3.449,10000
2020-11-09 09:33:51.620,3.449,6400
2020-11-09 09:33:51.620,3.449,700
2020-11-09 09:33:52.090,3.449,9300
2020-11-09 09:33:52.090,3.449,100
2020-11-09 09:33:52.090,3.449,5000
2020-11-09 09:33:52.090,3.449,3200
2020-11-09 09:33:52.090,3.449,1000
2020-11-09 09:33:52.090,3.449,1000
2020-11-09 09:33:52.090,3.449,40000
2020-11-09 09:33:52.280,3.449,100
2020-11-09 09:33:52.570,3.449,20000
2020-11-09 09:33:52.930,3.449,3400
2020-11-09 09:33:53.060,3.449,10000
2020-11-09 09:33:53.380,3.45,3300
2020-11-09 09:33:53.380,3.45,2000
2020-11-09 09:33:53.380,3.45,9000
2020-11-09 09:33:53.380,3.45,1000
2020-11-09 09:33:53.380,3.45,200
2020-11-09 09:33:53.380,3.45,19500
2020-11-09 09:33:53.380,3.45,3000
2020-11-09 09:33:53.380,3.45,2400
2020-11-09 09:33:53.380,3.45,20300
2020-11-09 09:33:53.440,3.449,200
2020-11-09 09:33:53.500,3.449,300
2020-11-09 09:33:54.340,3.449,30500
2020-11-09 09:33:54.570,3.449,10000
2020-11-09 09:33:55.630,3.449,500
2020-11-09 09:33:55.750,3.449,10000
2020-11-09 09:33:55.780,3.449,10000
2020-11-09 09:33:55.810,3.449,10000
2020-11-09 09:33:56.430,3.449,30000
2020-11-09 09:33:56.570,3.449,2000
2020-11-09 09:33:57.150,3.45,5000
2020-11-09 09:33:57.350,3.449,5000
2020-11-09 09:33:57.860,3.45,31200
2020-11-09 09:33:57.860,3.45,2000
2020-11-09 09:33:57.860,3.45,7500
2020-11-09 09:33:57.980,3.449,200
2020-11-09 09:33:58.560,3.449,100
2020-11-09 09:33:59.170,3.449,1000
2020-11-09 09:34:00.170,3.449,500
2020-11-09 09:34:00.470,3.449,2500
2020-11-09 09:34:00.700,3.449,1000
2020-11-09 09:34:01.110,3.449,200
2020-11-09 09:34:01.580,3.449,1000
2020-11-09 09:34:01.610,3.45,7500
2020-11-09 09:34:01.610,3.45,100
2020-11-09 09:34:01.610,3.45,10000
2020-11-09 09:34:01.610,3.45,1000
2020-11-09 09:34:01.610,3.45,1000
2020-11-09 09:34:01.610,3.45,11700
2020-11-09 09:34:01.610,3.45,10100
2020-11-09 09:34:01.610,3.45,100
2020-11-09 09:34:01.610,3.45,1000
2020-11-09 09:34:01.610,3.45,10000
2020-11-09 09:34:01.610,3.45,1000
2020-11-09 09:34:01.610,3.45,5000
2020-11-09 09:34:01.610,3.45,1500
2020-11-09 09:34:01.900,3.449,91900
2020-11-09 09:34:01.900,3.449,8100
2020-11-09 09:34:01.930,3.449,1000
2020-11-09 09:34:02.290,3.449,3000
2020-11-09 09:34:02.610,3.45,500
2020-11-09 09:34:02.610,3.45,10000
2020-11-09 09:34:02.610,3.45,5700
2020-11-09 09:34:02.610,3.45,1800
2020-11-09 09:34:02.610,3.45,1000
2020-11-09 09:34:02.610,3.45,1000
2020-11-09 09:34:02.610,3.45,6000
2020-11-09 09:34:02.610,3.45,5000
2020-11-09 09:34:02.610,3.45,400
2020-11-09 09:34:02.610,3.45,5000
2020-11-09 09:34:02.610,3.45,500
2020-11-09 09:34:02.610,3.45,100
2020-11-09 09:34:02.610,3.45,10000
2020-11-09 09:34:02.610,3.45,50000
2020-11-09 09:34:02.610,3.45,1400
2020-11-09 09:34:02.610,3.45,500
2020-11-09 09:34:02.610,3.45,300
2020-11-09 09:34:02.610,3.45,500
2020-11-09 09:34:02.610,3.45,500
2020-11-09 09:34:02.610,3.45,1600
2020-11-09 09:34:02.610,3.45,5000
2020-11-09 09:34:02.610,3.45,5000
2020-11-09 09:34:02.610,3.45,1200
2020-11-09 09:34:02.610,3.45,1500
2020-11-09 09:34:02.610,3.45,185500
2020-11-09 09:34:02.700,3.45,14500
2020-11-09 09:34:02.700,3.45,100
2020-11-09 09:34:02.700,3.45,5000
2020-11-09 09:34:02.700,3.45,1000
2020-11-09 09:34:02.700,3.45,600
2020-11-09 09:34:02.700,3.45,200
2020-11-09 09:34:02.700,3.45,10000
2020-11-09 09:34:02.700,3.45,10000
2020-11-09 09:34:02.700,3.45,5000
2020-11-09 09:34:02.700,3.45,1000
2020-11-09 09:34:02.700,3.45,10000
2020-11-09 09:34:02.700,3.45,2000
2020-11-09 09:34:02.700,3.45,200
2020-11-09 09:34:02.700,3.45,1500
2020-11-09 09:34:02.700,3.45,3000
2020-11-09 09:34:02.700,3.45,40000
2020-11-09 09:34:02.700,3.45,500
2020-11-09 09:34:02.700,3.45,1000
2020-11-09 09:34:02.700,3.45,10000
2020-11-09 09:34:02.700,3.45,10000
2020-11-09 09:34:02.700,3.45,1000
2020-11-09 09:34:02.700,3.45,20000
2020-11-09 09:34:02.700,3.45,4500
2020-11-09 09:34:02.700,3.45,5000
2020-11-09 09:34:02.700,3.45,1800
2020-11-09 09:34:02.700,3.45,4000
2020-11-09 09:34:02.700,3.45,200
2020-11-09 09:34:02.700,3.45,2000
2020-11-09 09:34:02.700,3.45,20000
2020-11-09 09:34:02.700,3.45,3000
2020-11-09 09:34:02.700,3.45,1000
2020-11-09 09:34:02.700,3.45,1800
2020-11-09 09:34:02.700,3.45,1000
2020-11-09 09:34:02.700,3.45,5000
2020-11-09 09:34:02.700,3.45,2800
2020-11-09 09:34:02.700,3.45,3200
2020-11-09 09:34:02.700,3.45,2000
2020-11-09 09:34:02.700,3.45,1000
2020-11-09 09:34:02.700,3.45,2000
2020-11-09 09:34:02.700,3.45,2000
2020-11-09 09:34:02.700,3.45,10000
2020-11-09 09:34:02.700,3.45,8000
2020-11-09 09:34:02.700,3.45,100
2020-11-09 09:34:02.700,3.45,5000
2020-11-09 09:34:02.700,3.45,100
2020-11-09 09:34:02.700,3.45,2900
2020-11-09 09:34:02.700,3.45,2000
2020-11-09 09:34:02.700,3.45,10000
2020-11-09 09:34:02.700,3.45,10000
2020-11-09 09:34:02.700,3.45,300
2020-11-09 09:34:02.700,3.45,2000
2020-11-09 09:34:02.700,3.45,10800
2020-11-09 09:34:02.700,3.45,2100
2020-11-09 09:34:02.700,3.45,1000
2020-11-09 09:34:02.700,3.45,1000
2020-11-09 09:34:02.700,3.45,500
2020-11-09 09:34:02.700,3.45,2000
2020-11-09 09:34:02.700,3.45,23300
2020-11-09 09:34:02.890,3.449,2400
2020-11-09 09:34:02.890,3.449,1500
2020-11-09 09:34:02.890,3.449,6100
2020-11-09 09:34:03.140,3.449,1400
2020-11-09 09:34:03.420,3.45,500
2020-11-09 09:34:03.450,3.45,76200
2020-11-09 09:34:03.450,3.45,1000
2020-11-09 09:34:03.450,3.45,30000
2020-11-09 09:34:03.450,3.45,3100
2020-11-09 09:34:03.450,3.45,1000
2020-11-09 09:34:03.450,3.45,3000
2020-11-09 09:34:03.450,3.45,10000
2020-11-09 09:34:03.450,3.45,10000
2020-11-09 09:34:03.450,3.45,65700
2020-11-09 09:34:03.570,3.449,400
2020-11-09 09:34:03.570,3.449,7100
2020-11-09 09:34:03.600,3.449,11000
2020-11-09 09:34:03.690,3.45,34300
2020-11-09 09:34:03.690,3.45,14300
2020-11-09 09:34:03.690,3.45,800
2020-11-09 09:34:03.690,3.45,5200
2020-11-09 09:34:03.690,3.45,5000
2020-11-09 09:34:03.690,3.45,900
2020-11-09 09:34:03.690,3.45,2000
2020-11-09 09:34:03.690,3.45,2000
2020-11-09 09:34:03.690,3.45,1200
2020-11-09 09:34:03.690,3.45,2100
2020-11-09 09:34:03.690,3.45,4000
2020-11-09 09:34:03.690,3.45,5000
2020-11-09 09:34:03.690,3.45,100
2020-11-09 09:34:03.690,3.45,1500
2020-11-09 09:34:03.690,3.45,1500
2020-11-09 09:34:03.690,3.45,100
2020-11-09 09:34:03.690,3.45,4900
2020-11-09 09:34:03.690,3.45,100
2020-11-09 09:34:03.690,3.45,10000
2020-11-09 09:34:03.690,3.45,10000
2020-11-09 09:34:03.690,3.45,2000
2020-11-09 09:34:03.690,3.45,700
2020-11-09 09:34:03.690,3.45,25300
2020-11-09 09:34:03.690,3.45,100000
2020-11-09 09:34:03.690,3.45,3000
2020-11-09 09:34:03.690,3.45,200
2020-11-09 09:34:03.690,3.45,7400
2020-11-09 09:34:03.690,3.45,3000
2020-11-09 09:34:03.690,3.45,1000
2020-11-09 09:34:03.690,3.45,1000
2020-11-09 09:34:03.690,3.45,6200
2020-11-09 09:34:03.690,3.45,4700
2020-11-09 09:34:03.690,3.45,100
2020-11-09 09:34:03.690,3.45,1000
2020-11-09 09:34:03.690,3.45,10000
2020-11-09 09:34:03.690,3.45,1000
2020-11-09 09:34:03.990,3.45,50000
2020-11-09 09:34:04.570,3.45,1000
2020-11-09 09:34:05.100,3.45,1000
2020-11-09 09:34:05.160,3.451,6200
2020-11-09 09:34:05.160,3.451,7900
2020-11-09 09:34:05.160,3.451,5800
2020-11-09 09:34:05.160,3.451,7100
2020-11-09 09:34:05.160,3.451,500
2020-11-09 09:34:05.160,3.451,1000
2020-11-09 09:34:05.160,3.451,300
2020-11-09 09:34:05.160,3.451,1500
2020-11-09 09:34:05.400,3.45,500
2020-11-09 09:34:05.650,3.45,9000
2020-11-09 09:34:05.890,3.45,100
2020-11-09 09:34:06.290,3.45,600
2020-11-09 09:34:06.620,3.45,600
2020-11-09 09:34:06.620,3.45,600
2020-11-09 09:34:06.650,3.45,2900
2020-11-09 09:34:06.800,3.45,2000
2020-11-09 09:34:07.100,3.45,600
2020-11-09 09:34:07.130,3.45,5000
2020-11-09 09:34:07.550,3.45,3000
2020-11-09 09:34:07.810,3.451,32800
2020-11-09 09:34:07.810,3.451,200
2020-11-09 09:34:07.810,3.451,10000
2020-11-09 09:34:07.810,3.451,2500
2020-11-09 09:34:07.810,3.451,500
2020-11-09 09:34:07.810,3.451,1000
2020-11-09 09:34:07.810,3.451,7000
2020-11-09 09:34:07.810,3.451,8000
2020-11-09 09:34:07.810,3.451,1600
2020-11-09 09:34:07.810,3.451,300
2020-11-09 09:34:07.810,3.451,2000
2020-11-09 09:34:07.810,3.451,12000
2020-11-09 09:34:07.810,3.451,20000
2020-11-09 09:34:07.810,3.451,5200
2020-11-09 09:34:07.810,3.451,300
2020-11-09 09:34:07.810,3.451,200
2020-11-09 09:34:07.810,3.451,3000
2020-11-09 09:34:07.810,3.451,3000
2020-11-09 09:34:07.810,3.451,3000
2020-11-09 09:34:07.810,3.451,500
2020-11-09 09:34:07.810,3.451,1000
2020-11-09 09:34:07.810,3.451,100
2020-11-09 09:34:07.810,3.451,1000
2020-11-09 09:34:07.810,3.451,3800
2020-11-09 09:34:07.810,3.451,1000
2020-11-09 09:34:07.810,3.451,100000
2020-11-09 09:34:07.810,3.451,600
2020-11-09 09:34:07.810,3.451,500
2020-11-09 09:34:07.840,3.451,1000
2020-11-09 09:34:07.840,3.451,5800
2020-11-09 09:34:08.270,3.451,10000
2020-11-09 09:34:08.370,3.451,130000
2020-11-09 09:34:09.010,3.451,100
2020-11-09 09:34:09.280,3.451,8900
2020-11-09 09:34:09.770,3.452,5000
2020-11-09 09:34:09.770,3.452,14300
2020-11-09 09:34:09.770,3.452,1500
2020-11-09 09:34:09.770,3.452,1500
2020-11-09 09:34:09.770,3.452,3000
2020-11-09 09:34:09.770,3.452,100
2020-11-09 09:34:09.770,3.452,20000
2020-11-09 09:34:09.770,3.452,4600
2020-11-09 09:34:10.670,3.451,1400
2020-11-09 09:34:11.800,3.45,800
2020-11-09 09:34:12.110,3.45,1000
2020-11-09 09:34:13.880,3.451,200
2020-11-09 09:34:13.880,3.452,400
2020-11-09 09:34:13.880,3.452,1000
2020-11-09 09:34:13.880,3.452,5000
2020-11-09 09:34:13.880,3.452,1000
2020-11-09 09:34:13.880,3.452,5000
2020-11-09 09:34:13.880,3.452,100
2020-11-09 09:34:13.880,3.452,1000
2020-11-09 09:34:13.880,3.452,6300
2020-11-09 09:34:14.630,3.45,1300
2020-11-09 09:34:14.760,3.45,4000
2020-11-09 09:34:14.850,3.45,10000
2020-11-09 09:34:15.130,3.45,800
2020-11-09 09:34:15.500,3.451,100
2020-11-09 09:34:15.680,3.45,200
2020-11-09 09:34:16.690,3.45,18100
2020-11-09 09:34:16.720,3.451,1900
2020-11-09 09:34:16.720,3.451,5800
2020-11-09 09:34:16.720,3.452,3700
2020-11-09 09:34:16.720,3.452,2800
2020-11-09 09:34:17.000,3.45,700
2020-11-09 09:34:17.980,3.45,20000
2020-11-09 09:34:18.200,3.45,6700
2020-11-09 09:34:18.430,3.45,59700
2020-11-09 09:34:18.430,3.45,15000
2020-11-09 09:34:18.430,3.45,97700
2020-11-09 09:34:19.080,3.451,2200
2020-11-09 09:34:20.380,3.451,800
2020-11-09 09:34:20.380,3.451,10000
2020-11-09 09:34:20.600,3.451,12000
2020-11-09 09:34:21.200,3.451,3000
2020-11-09 09:34:21.230,3.451,1000
2020-11-09 09:34:22.530,3.451,25900
2020-11-09 09:34:22.530,3.451,2000
2020-11-09 09:34:22.530,3.45,22100
2020-11-09 09:34:23.250,3.45,15500
2020-11-09 09:34:23.690,3.451,1000
2020-11-09 09:34:24.460,3.45,7400
2020-11-09 09:34:24.870,3.451,4000
2020-11-09 09:34:24.870,3.451,500
2020-11-09 09:34:24.870,3.451,4000
2020-11-09 09:34:24.870,3.452,7200
2020-11-09 09:34:24.870,3.452,300
2020-11-09 09:34:24.870,3.452,10000
2020-11-09 09:34:24.870,3.452,500
2020-11-09 09:34:24.870,3.452,500
2020-11-09 09:34:24.870,3.452,200
2020-11-09 09:34:24.870,3.452,5000
2020-11-09 09:34:24.870,3.452,5000
2020-11-09 09:34:24.870,3.452,100
2020-11-09 09:34:24.870,3.452,100
2020-11-09 09:34:24.870,3.452,2000
2020-11-09 09:34:24.870,3.452,500
2020-11-09 09:34:24.870,3.452,3000
2020-11-09 09:34:24.870,3.452,5000
2020-11-09 09:34:24.870,3.452,2100
2020-11-09 09:34:24.930,3.45,3000
2020-11-09 09:34:25.210,3.451,3000
2020-11-09 09:34:25.410,3.451,5000
2020-11-09 09:34:25.480,3.451,40000
2020-11-09 09:34:25.850,3.451,15000
2020-11-09 09:34:26.170,3.451,2400
2020-11-09 09:34:26.220,3.451,3000
2020-11-09 09:34:26.580,3.452,5000
2020-11-09 09:34:27.050,3.451,500
2020-11-09 09:34:27.500,3.451,11300
2020-11-09 09:34:28.380,3.451,2700
2020-11-09 09:34:29.190,3.451,1000
2020-11-09 09:34:29.600,3.451,2000
2020-11-09 09:34:29.690,3.451,1000
2020-11-09 09:34:30.060,3.451,200000
2020-11-09 09:34:30.500,3.451,2000
2020-11-09 09:34:30.850,3.452,100
2020-11-09 09:34:31.450,3.451,200
2020-11-09 09:34:31.830,3.451,1000
2020-11-09 09:34:32.370,3.452,2800
2020-11-09 09:34:32.370,3.452,2000
2020-11-09 09:34:32.370,3.452,100
2020-11-09 09:34:32.370,3.452,1000
2020-11-09 09:34:32.370,3.452,5000
2020-11-09 09:34:32.370,3.452,800
2020-11-09 09:34:32.370,3.452,500
2020-11-09 09:34:32.370,3.452,300
2020-11-09 09:34:32.370,3.452,15000
2020-11-09 09:34:32.370,3.452,5000
2020-11-09 09:34:32.370,3.452,6300
2020-11-09 09:34:32.640,3.451,3000
2020-11-09 09:34:32.730,3.452,3700
2020-11-09 09:34:32.730,3.452,300
2020-11-09 09:34:33.690,3.451,9900
2020-11-09 09:34:33.690,3.451,10100
2020-11-09 09:34:33.830,3.452,1700
2020-11-09 09:34:33.830,3.452,10000
2020-11-09 09:34:33.830,3.452,300
2020-11-09 09:34:33.830,3.452,700
2020-11-09 09:34:33.830,3.452,1900
2020-11-09 09:34:33.830,3.452,3900
2020-11-09 09:34:33.830,3.452,3000
2020-11-09 09:34:33.830,3.452,600
2020-11-09 09:34:33.830,3.452,5000
2020-11-09 09:34:33.830,3.452,1000
2020-11-09 09:34:33.830,3.452,1000
2020-11-09 09:34:33.830,3.452,3000
2020-11-09 09:34:33.830,3.452,4000
2020-11-09 09:34:33.830,3.452,5000
2020-11-09 09:34:33.830,3.452,10000
2020-11-09 09:34:33.830,3.452,800
2020-11-09 09:34:33.830,3.452,5000
2020-11-09 09:34:33.830,3.452,1000
2020-11-09 09:34:33.830,3.452,10000
2020-11-09 09:34:33.830,3.452,10000
2020-11-09 09:34:33.830,3.452,300
2020-11-09 09:34:33.830,3.452,1000
2020-11-09 09:34:33.830,3.453,11000
2020-11-09 09:34:33.830,3.453,100
2020-11-09 09:34:33.830,3.453,800
2020-11-09 09:34:33.830,3.453,2000
2020-11-09 09:34:33.830,3.453,5000
2020-11-09 09:34:33.830,3.453,4200
2020-11-09 09:34:33.830,3.453,5000
2020-11-09 09:34:33.830,3.453,5000
2020-11-09 09:34:33.830,3.453,12000
2020-11-09 09:34:33.830,3.453,10000
2020-11-09 09:34:33.830,3.453,11000
2020-11-09 09:34:33.830,3.453,1000
2020-11-09 09:34:33.830,3.453,10000
2020-11-09 09:34:33.830,3.453,500
2020-11-09 09:34:33.830,3.453,25200
2020-11-09 09:34:33.830,3.453,10000
2020-11-09 09:34:33.830,3.453,3000
2020-11-09 09:34:33.830,3.453,10000
2020-11-09 09:34:33.830,3.453,14900
2020-11-09 09:34:33.830,3.453,92100
2020-11-09 09:34:34.350,3.452,300
2020-11-09 09:34:35.030,3.452,1700
2020-11-09 09:34:35.030,3.452,3300
2020-11-09 09:34:35.220,3.452,100
2020-11-09 09:34:36.110,3.452,4200
2020-11-09 09:34:36.430,3.451,10000
2020-11-09 09:34:36.460,3.451,3100
2020-11-09 09:34:36.460,3.451,200
2020-11-09 09:34:36.490,3.451,5000
2020-11-09 09:34:36.520,3.451,1600
2020-11-09 09:34:36.520,3.451,3400
2020-11-09 09:34:36.820,3.451,3000
2020-11-09 09:34:36.850,3.451,600
2020-11-09 09:34:36.980,3.452,25000
2020-11-09 09:34:39.400,3.451,1000
2020-11-09 09:34:39.400,3.452,10800
2020-11-09 09:34:39.400,3.452,30000
2020-11-09 09:34:39.400,3.452,5000
2020-11-09 09:34:39.400,3.453,4200
2020-11-09 09:34:40.130,3.451,200
2020-11-09 09:34:40.130,3.451,200
2020-11-09 09:34:41.040,3.451,5000
2020-11-09 09:34:41.220,3.451,4800
2020-11-09 09:34:41.220,3.451,25200
2020-11-09 09:34:42.480,3.451,900
2020-11-09 09:34:43.170,3.451,1000
2020-11-09 09:34:43.610,3.452,10000
2020-11-09 09:34:43.610,3.452,3500
2020-11-09 09:34:44.150,3.452,1500
2020-11-09 09:34:44.950,3.452,20000
2020-11-09 09:34:45.950,3.451,2600
2020-11-09 09:34:45.950,3.451,6000
2020-11-09 09:34:46.100,3.451,600
2020-11-09 09:34:46.100,3.451,10000
2020-11-09 09:34:46.100,3.451,2000
2020-11-09 09:34:46.100,3.451,500
2020-11-09 09:34:46.100,3.451,6600
2020-11-09 09:34:46.100,3.451,30300
2020-11-09 09:34:46.540,3.452,2900
2020-11-09 09:34:46.890,3.452,1500
2020-11-09 09:34:47.230,3.451,10000
2020-11-09 09:34:47.260,3.451,30600
2020-11-09 09:34:47.320,3.451,100
2020-11-09 09:34:47.530,3.451,10000
2020-11-09 09:34:47.600,3.452,20000
2020-11-09 09:34:48.450,3.451,3000
2020-11-09 09:34:48.450,3.451,3000
2020-11-09 09:34:48.450,3.451,10100
2020-11-09 09:34:48.450,3.451,8800
2020-11-09 09:34:48.450,3.45,147400
2020-11-09 09:34:48.800,3.451,5800
2020-11-09 09:34:49.580,3.451,1200
2020-11-09 09:34:50.700,3.45,5500
2020-11-09 09:34:50.920,3.451,10800
2020-11-09 09:34:51.140,3.45,1400
2020-11-09 09:34:51.140,3.45,600
2020-11-09 09:34:51.140,3.45,100
2020-11-09 09:34:51.140,3.45,2000
2020-11-09 09:34:51.140,3.45,400
2020-11-09 09:34:51.140,3.45,500
2020-11-09 09:34:51.140,3.45,500
2020-11-09 09:34:51.140,3.45,100
2020-11-09 09:34:51.140,3.45,400
2020-11-09 09:34:51.460,3.451,30000
2020-11-09 09:34:51.600,3.451,2100
2020-11-09 09:34:52.120,3.451,700
2020-11-09 09:34:52.320,3.451,16000
2020-11-09 09:34:53.060,3.451,1000
2020-11-09 09:34:54.600,3.451,3000
2020-11-09 09:34:55.350,3.45,1200
2020-11-09 09:34:55.350,3.45,2000
2020-11-09 09:34:56.040,3.451,14800
2020-11-09 09:34:56.280,3.45,500
2020-11-09 09:34:56.310,3.451,10000
2020-11-09 09:34:56.630,3.451,3000
2020-11-09 09:34:56.720,3.45,5900
2020-11-09 09:34:56.720,3.45,1000
2020-11-09 09:34:56.720,3.45,500
2020-11-09 09:34:56.960,3.449,2500
2020-11-09 09:34:57.690,3.45,2600
2020-11-09 09:34:57.690,3.451,9400
2020-11-09 09:34:57.910,3.451,2000
2020-11-09 09:34:58.510,3.449,50000
2020-11-09 09:34:58.930,3.449,3900
2020-11-09 09:34:58.930,3.449,5000
2020-11-09 09:34:58.930,3.449,30000
2020-11-09 09:34:59.390,3.45,6600
2020-11-09 09:34:59.680,3.449,100
2020-11-09 09:35:00.020,3.449,100
2020-11-09 09:35:00.370,3.45,6900
2020-11-09 09:35:00.910,3.45,200
2020-11-09 09:35:01.000,3.449,1300
2020-11-09 09:35:01.500,3.449,1700
2020-11-09 09:35:02.510,3.449,200
2020-11-09 09:35:03.650,3.449,4400
2020-11-09 09:35:04.420,3.449,1000
2020-11-09 09:35:05.800,3.448,1200
2020-11-09 09:35:05.800,3.448,1000
2020-11-09 09:35:06.290,3.449,40000
2020-11-09 09:35:06.530,3.449,300
2020-11-09 09:35:07.280,3.448,200
2020-11-09 09:35:07.440,3.448,100
2020-11-09 09:35:08.040,3.448,2700
