Datetime,Price,Volume
2020-11-09 09:25:00.430,4.98,1000
2020-11-09 09:25:00.430,4.98,1800
2020-11-09 09:25:00.430,4.98,1000
2020-11-09 09:25:00.430,4.98,1000
2020-11-09 09:25:00.430,4.98,200
2020-11-09 09:25:00.430,4.98,600
2020-11-09 09:25:00.430,4.98,19600
2020-11-09 09:25:00.430,4.98,500
2020-11-09 09:25:00.430,4.98,1800
2020-11-09 09:25:00.430,4.98,12600
2020-11-09 09:25:00.430,4.98,4000
2020-11-09 09:25:00.430,4.98,6000
2020-11-09 09:25:00.430,4.98,2400
2020-11-09 09:25:00.430,4.98,25000
2020-11-09 09:25:00.430,4.98,25000
2020-11-09 09:25:00.430,4.98,3800
2020-11-09 09:25:00.430,4.98,3900
2020-11-09 09:25:00.430,4.98,25800
2020-11-09 09:25:00.430,4.98,2100
2020-11-09 09:25:00.430,4.98,1800
2020-11-09 09:25:00.430,4.98,400
2020-11-09 09:25:00.430,4.98,12400
2020-11-09 09:25:00.430,4.98,15000
2020-11-09 09:25:00.430,4.98,48300
2020-11-09 09:25:00.430,4.98,15000
2020-11-09 09:25:00.430,4.98,10000
2020-11-09 09:25:00.430,4.98,13000
2020-11-09 09:25:00.430,4.98,15900
2020-11-09 09:25:00.430,4.98,10000
2020-11-09 09:25:00.430,4.98,500
2020-11-09 09:25:00.430,4.98,1600
2020-11-09 09:25:00.430,4.98,4400
2020-11-09 09:25:00.430,4.98,2000
2020-11-09 09:25:00.430,4.98,500
2020-11-09 09:25:00.430,4.98,7500
2020-11-09 09:25:00.430,4.98,2500
2020-11-09 09:25:00.430,4.98,8800
2020-11-09 09:25:00.430,4.98,1200
2020-11-09 09:25:00.430,4.98,15000
2020-11-09 09:25:00.430,4.98,2300
2020-11-09 09:25:00.430,4.98,2000
2020-11-09 09:25:00.430,4.98,25900
2020-11-09 09:25:00.430,4.98,1300
2020-11-09 09:25:00.430,4.98,1200
2020-11-09 09:25:00.430,4.98,200
2020-11-09 09:25:00.430,4.98,1900
2020-11-09 09:25:00.430,4.98,4000
2020-11-09 09:25:00.430,4.98,2000
2020-11-09 09:25:00.430,4.98,60000
2020-11-09 09:25:00.430,4.98,17900
2020-11-09 09:25:00.430,4.98,32100
2020-11-09 09:25:00.430,4.98,52200
2020-11-09 09:25:00.430,4.98,100
2020-11-09 09:25:00.430,4.98,5000
2020-11-09 09:25:00.430,4.98,10000
2020-11-09 09:25:00.430,4.98,2700
2020-11-09 09:25:00.430,4.98,9300
2020-11-09 09:25:00.430,4.98,2900
2020-11-09 09:25:00.430,4.98,500
2020-11-09 09:25:00.430,4.98,2900
2020-11-09 09:25:00.430,4.98,500
2020-11-09 09:25:00.430,4.98,10000
2020-11-09 09:25:00.430,4.98,1000
2020-11-09 09:25:00.430,4.98,2500
2020-11-09 09:25:00.430,4.98,2200
2020-11-09 09:25:00.430,4.98,2000
2020-11-09 09:25:00.430,4.98,3000
2020-11-09 09:25:00.430,4.98,2000
2020-11-09 09:25:00.430,4.98,3000
2020-11-09 09:25:00.430,4.98,6900
2020-11-09 09:25:00.430,4.98,10000
2020-11-09 09:25:00.430,4.98,10000
2020-11-09 09:25:00.430,4.98,100
2020-11-09 09:25:00.430,4.98,100
2020-11-09 09:25:00.430,4.98,5200
2020-11-09 09:25:00.430,4.98,100
2020-11-09 09:25:00.430,4.98,100
2020-11-09 09:25:00.430,4.98,100
2020-11-09 09:25:00.430,4.98,4900
2020-11-09 09:25:00.430,4.98,800
2020-11-09 09:25:00.430,4.98,2000
2020-11-09 09:25:00.430,4.98,100
2020-11-09 09:25:00.430,4.98,500
2020-11-09 09:25:00.430,4.98,15000
2020-11-09 09:25:00.430,4.98,100
2020-11-09 09:25:00.430,4.98,100
2020-11-09 09:25:00.430,4.98,200
2020-11-09 09:25:00.430,4.98,1200
2020-11-09 09:25:00.430,4.98,500
2020-11-09 09:25:00.430,4.98,600
2020-11-09 09:25:00.430,4.98,4100
2020-11-09 09:25:00.430,4.98,800
2020-11-09 09:25:00.430,4.98,2400
2020-11-09 09:25:00.430,4.98,200
2020-11-09 09:25:00.430,4.98,900
2020-11-09 09:25:00.430,4.98,500
2020-11-09 09:25:00.430,4.98,3900
2020-11-09 09:25:00.430,4.98,300
2020-11-09 09:25:00.430,4.98,100
2020-11-09 09:25:00.430,4.98,200
2020-11-09 09:25:00.430,4.98,800
2020-11-09 09:25:00.430,4.98,200
2020-11-09 09:25:00.430,4.98,800
2020-11-09 09:25:00.430,4.98,800
2020-11-09 09:25:00.430,4.98,100
2020-11-09 09:25:00.430,4.98,200
2020-11-09 09:25:00.430,4.98,200
2020-11-09 09:25:00.430,4.98,100
2020-11-09 09:25:00.430,4.98,100
2020-11-09 09:25:00.430,4.98,200
2020-11-09 09:25:00.430,4.98,200
2020-11-09 09:25:00.430,4.98,200
2020-11-09 09:25:00.430,4.98,1000
2020-11-09 09:25:00.430,4.98,900
2020-11-09 09:25:00.430,4.98,400
2020-11-09 09:25:00.430,4.98,400
2020-11-09 09:25:00.430,4.98,200
2020-11-09 09:25:00.430,4.98,100
2020-11-09 09:25:00.430,4.98,100
2020-11-09 09:25:00.430,4.98,100
2020-11-09 09:25:00.430,4.98,200
2020-11-09 09:25:00.430,4.98,100
2020-11-09 09:25:00.430,4.98,100
2020-11-09 09:25:00.430,4.98,100
2020-11-09 09:25:00.430,4.98,8600
2020-11-09 09:25:00.430,4.98,100
2020-11-09 09:25:00.430,4.98,400
2020-11-09 09:25:00.430,4.98,3100
2020-11-09 09:25:00.430,4.98,100
2020-11-09 09:25:00.430,4.98,600
2020-11-09 09:25:00.430,4.98,200
2020-11-09 09:25:00.430,4.98,200
2020-11-09 09:25:00.430,4.98,400
2020-11-09 09:25:00.430,4.98,1000
2020-11-09 09:25:00.430,4.98,100
2020-11-09 09:25:00.430,4.98,400
2020-11-09 09:25:00.430,4.98,100
2020-11-09 09:25:00.430,4.98,200
2020-11-09 09:25:00.430,4.98,100
2020-11-09 09:25:00.430,4.98,100
2020-11-09 09:25:00.430,4.98,4000
2020-11-09 09:25:00.430,4.98,100
2020-11-09 09:25:00.430,4.98,500
2020-11-09 09:25:00.430,4.98,900
2020-11-09 09:25:00.430,4.98,200
2020-11-09 09:25:00.430,4.98,500
2020-11-09 09:25:00.430,4.98,100
2020-11-09 09:25:00.430,4.98,200
2020-11-09 09:25:00.430,4.98,100
2020-11-09 09:25:00.430,4.98,300
2020-11-09 09:25:00.430,4.98,100
2020-11-09 09:25:00.430,4.98,800
2020-11-09 09:25:00.430,4.98,200
2020-11-09 09:25:00.430,4.98,10300
2020-11-09 09:25:00.430,4.98,200
2020-11-09 09:25:00.430,4.98,6000
2020-11-09 09:25:00.430,4.98,400
2020-11-09 09:25:00.430,4.98,200
2020-11-09 09:25:00.430,4.98,10300
2020-11-09 09:25:00.430,4.98,37000
2020-11-09 09:25:00.430,4.98,2000
2020-11-09 09:25:00.430,4.98,400
2020-11-09 09:25:00.430,4.98,800
2020-11-09 09:25:00.430,4.98,200
2020-11-09 09:25:00.430,4.98,1200
2020-11-09 09:25:00.430,4.98,1000
2020-11-09 09:25:00.430,4.98,500
2020-11-09 09:25:00.430,4.98,600
2020-11-09 09:25:00.430,4.98,400
2020-11-09 09:25:00.430,4.98,1000
2020-11-09 09:25:00.430,4.98,5100
2020-11-09 09:25:00.430,4.98,100
2020-11-09 09:25:00.430,4.98,900
2020-11-09 09:25:00.430,4.98,400
2020-11-09 09:25:00.430,4.98,5200
2020-11-09 09:25:00.430,4.98,6000
2020-11-09 09:25:00.430,4.98,2300
2020-11-09 09:25:00.430,4.98,1000
2020-11-09 09:25:00.430,4.98,10000
2020-11-09 09:25:00.430,4.98,200
2020-11-09 09:25:00.430,4.98,131300
2020-11-09 09:25:00.430,4.98,25600
2020-11-09 09:25:00.430,4.98,1000
2020-11-09 09:25:00.430,4.98,600
2020-11-09 09:25:00.430,4.98,2000
2020-11-09 09:25:00.430,4.98,500
2020-11-09 09:25:00.430,4.98,200
2020-11-09 09:25:00.430,4.98,200
2020-11-09 09:25:00.430,4.98,3500
2020-11-09 09:25:00.430,4.98,3000
2020-11-09 09:25:00.430,4.98,200
2020-11-09 09:25:00.430,4.98,18300
2020-11-09 09:25:00.430,4.98,400
2020-11-09 09:25:00.430,4.98,300
2020-11-09 09:25:00.430,4.98,700
2020-11-09 09:25:00.430,4.98,500
2020-11-09 09:25:00.430,4.98,500
2020-11-09 09:25:00.430,4.98,6200
2020-11-09 09:25:00.430,4.98,100
2020-11-09 09:25:00.430,4.98,300
2020-11-09 09:25:00.430,4.98,200
2020-11-09 09:25:00.430,4.98,30000
2020-11-09 09:25:00.430,4.98,400
2020-11-09 09:25:00.430,4.98,5800
2020-11-09 09:25:00.430,4.98,200
2020-11-09 09:25:00.430,4.98,7000
2020-11-09 09:25:00.430,4.98,300
2020-11-09 09:25:00.430,4.98,600
2020-11-09 09:25:00.430,4.98,700
2020-11-09 09:25:00.430,4.98,3000
2020-11-09 09:25:00.430,4.98,300
2020-11-09 09:25:00.430,4.98,5000
2020-11-09 09:25:00.430,4.98,100
2020-11-09 09:25:00.430,4.98,200
2020-11-09 09:25:00.430,4.98,8900
2020-11-09 09:25:00.430,4.98,100000
2020-11-09 09:25:00.430,4.98,1200
2020-11-09 09:25:00.430,4.98,60000
2020-11-09 09:25:00.430,4.98,20000
2020-11-09 09:25:00.430,4.98,10300
2020-11-09 09:25:00.430,4.98,5000
2020-11-09 09:25:00.430,4.98,100
2020-11-09 09:25:00.430,4.98,100
2020-11-09 09:25:00.430,4.98,30000
2020-11-09 09:25:00.430,4.98,2300
2020-11-09 09:25:00.430,4.98,1900
2020-11-09 09:25:00.430,4.98,1000
2020-11-09 09:25:00.430,4.98,17000
2020-11-09 09:25:00.430,4.98,100
2020-11-09 09:25:00.430,4.98,5000
2020-11-09 09:25:00.430,4.98,5000
2020-11-09 09:25:00.430,4.98,700
2020-11-09 09:25:00.430,4.98,500
2020-11-09 09:25:00.430,4.98,300
2020-11-09 09:25:00.430,4.98,50000
2020-11-09 09:25:00.430,4.98,10000
2020-11-09 09:25:00.430,4.98,2000
2020-11-09 09:25:00.430,4.98,1900
2020-11-09 09:25:00.430,4.98,400
2020-11-09 09:25:00.430,4.98,2600
2020-11-09 09:25:00.430,4.98,1100
2020-11-09 09:25:00.430,4.98,5000
2020-11-09 09:25:00.430,4.98,4000
2020-11-09 09:25:00.430,4.98,3700
2020-11-09 09:25:00.430,4.98,11300
2020-11-09 09:25:00.430,4.98,300
2020-11-09 09:25:00.430,4.98,300
2020-11-09 09:25:00.430,4.98,20000
2020-11-09 09:25:00.430,4.98,2000
2020-11-09 09:25:00.430,4.98,600
2020-11-09 09:25:00.430,4.98,900
2020-11-09 09:25:00.430,4.98,2100
2020-11-09 09:25:00.430,4.98,100
2020-11-09 09:25:00.430,4.98,20000
2020-11-09 09:25:00.430,4.98,200
2020-11-09 09:25:00.430,4.98,200
2020-11-09 09:25:00.430,4.98,500
2020-11-09 09:25:00.430,4.98,12000
2020-11-09 09:25:00.430,4.98,200
2020-11-09 09:25:00.430,4.98,1000
2020-11-09 09:25:00.430,4.98,700
2020-11-09 09:25:00.430,4.98,5000
2020-11-09 09:25:00.430,4.98,100
2020-11-09 09:25:00.430,4.98,2000
2020-11-09 09:25:00.430,4.98,600
2020-11-09 09:25:00.430,4.98,4000
2020-11-09 09:25:00.430,4.98,300
2020-11-09 09:25:00.430,4.98,2000
2020-11-09 09:25:00.430,4.98,300
2020-11-09 09:25:00.430,4.98,700
2020-11-09 09:25:00.430,4.98,3000
2020-11-09 09:25:00.430,4.98,1000
2020-11-09 09:25:00.430,4.98,1100
2020-11-09 09:25:00.430,4.98,5000
2020-11-09 09:25:00.430,4.98,5000
2020-11-09 09:25:00.430,4.98,5000
2020-11-09 09:25:00.430,4.98,20000
2020-11-09 09:25:00.430,4.98,3000
2020-11-09 09:25:00.430,4.98,100
2020-11-09 09:25:00.430,4.98,1000
2020-11-09 09:25:00.430,4.98,3000
2020-11-09 09:25:00.430,4.98,300
2020-11-09 09:25:00.430,4.98,2000
2020-11-09 09:25:00.430,4.98,8000
2020-11-09 09:25:00.430,4.98,7900
2020-11-09 09:25:00.430,4.98,12300
2020-11-09 09:25:00.430,4.98,9700
2020-11-09 09:25:00.430,4.98,10000
2020-11-09 09:25:00.430,4.98,80300
2020-11-09 09:25:00.430,4.98,10000
2020-11-09 09:25:00.430,4.98,100
2020-11-09 09:25:00.430,4.98,2100
2020-11-09 09:25:00.430,4.98,2300
2020-11-09 09:25:00.430,4.98,4000
2020-11-09 09:25:00.430,4.98,5500
2020-11-09 09:25:00.430,4.98,600
2020-11-09 09:25:00.430,4.98,40900
2020-11-09 09:25:00.430,4.98,3000
2020-11-09 09:25:00.430,4.98,10000
2020-11-09 09:25:00.430,4.98,1000
2020-11-09 09:25:00.430,4.98,5000
2020-11-09 09:25:00.430,4.98,1700
2020-11-09 09:25:00.430,4.98,100
2020-11-09 09:25:00.430,4.98,2500
2020-11-09 09:25:00.430,4.98,200
2020-11-09 09:25:00.430,4.98,5000
2020-11-09 09:25:00.430,4.98,4000
2020-11-09 09:25:00.430,4.98,2000
2020-11-09 09:25:00.430,4.98,200
2020-11-09 09:25:00.430,4.98,600
2020-11-09 09:25:00.430,4.98,10000
2020-11-09 09:25:00.430,4.98,2200
2020-11-09 09:25:00.430,4.98,300
2020-11-09 09:25:00.430,4.98,5000
2020-11-09 09:25:00.430,4.98,1000
2020-11-09 09:25:00.430,4.98,500
2020-11-09 09:25:00.430,4.98,100
2020-11-09 09:25:00.430,4.98,1000
2020-11-09 09:25:00.430,4.98,500
2020-11-09 09:25:00.430,4.98,3600
2020-11-09 09:25:00.430,4.98,32200
2020-11-09 09:25:00.430,4.98,10000
2020-11-09 09:25:00.430,4.98,10000
2020-11-09 09:25:00.430,4.98,30100
2020-11-09 09:25:00.430,4.98,400
2020-11-09 09:25:00.430,4.98,32000
2020-11-09 09:25:00.430,4.98,1000
2020-11-09 09:25:00.430,4.98,3000
2020-11-09 09:25:00.430,4.98,300
2020-11-09 09:25:00.430,4.98,100
2020-11-09 09:25:00.430,4.98,100
2020-11-09 09:25:00.430,4.98,700
2020-11-09 09:25:00.430,4.98,100
2020-11-09 09:25:00.430,4.98,300
2020-11-09 09:25:00.430,4.98,2500
2020-11-09 09:25:00.430,4.98,1000
2020-11-09 09:25:00.430,4.98,1000
2020-11-09 09:25:00.430,4.98,500
2020-11-09 09:25:00.430,4.98,5000
2020-11-09 09:25:00.430,4.98,1000
2020-11-09 09:25:00.430,4.98,10000
2020-11-09 09:25:00.430,4.98,3000
2020-11-09 09:25:00.430,4.98,10000
2020-11-09 09:25:00.430,4.98,10000
2020-11-09 09:25:00.430,4.98,1500
2020-11-09 09:25:00.430,4.98,5000
2020-11-09 09:25:00.430,4.98,500
2020-11-09 09:25:00.430,4.98,1100
2020-11-09 09:25:00.430,4.98,8000
2020-11-09 09:25:00.430,4.98,5000
2020-11-09 09:25:00.430,4.98,1000
2020-11-09 09:25:00.430,4.98,100
2020-11-09 09:25:00.430,4.98,200
2020-11-09 09:25:00.430,4.98,700
2020-11-09 09:25:00.430,4.98,1000
2020-11-09 09:25:00.430,4.98,200
2020-11-09 09:25:00.430,4.98,1500
2020-11-09 09:25:00.430,4.98,10000
2020-11-09 09:25:00.430,4.98,300
2020-11-09 09:25:00.430,4.98,5000
2020-11-09 09:25:00.430,4.98,80800
2020-11-09 09:25:00.430,4.98,20600
2020-11-09 09:25:00.430,4.98,5000
2020-11-09 09:25:00.430,4.98,3000
2020-11-09 09:25:00.430,4.98,10000
2020-11-09 09:25:00.430,4.98,1000
2020-11-09 09:25:00.430,4.98,4300
2020-11-09 09:25:00.430,4.98,600
2020-11-09 09:25:00.430,4.98,900
2020-11-09 09:25:00.430,4.98,5000
2020-11-09 09:25:00.430,4.98,2000
2020-11-09 09:25:00.430,4.98,1000
2020-11-09 09:25:00.430,4.98,300
2020-11-09 09:25:00.430,4.98,300
2020-11-09 09:25:00.430,4.98,700
2020-11-09 09:25:00.430,4.98,100
2020-11-09 09:25:00.430,4.98,500
2020-11-09 09:25:00.430,4.98,200
2020-11-09 09:25:00.430,4.98,4500
2020-11-09 09:25:00.430,4.98,5500
2020-11-09 09:25:00.430,4.98,8400
2020-11-09 09:25:00.430,4.98,5600
2020-11-09 09:25:00.430,4.98,5000
2020-11-09 09:25:00.430,4.98,2900
2020-11-09 09:25:00.430,4.98,2300
2020-11-09 09:25:00.430,4.98,4200
2020-11-09 09:25:00.430,4.98,8700
2020-11-09 09:25:00.430,4.98,10000
2020-11-09 09:25:00.430,4.98,1000
2020-11-09 09:25:00.430,4.98,3900
2020-11-09 09:25:00.430,4.98,100
2020-11-09 09:25:00.430,4.98,2000
2020-11-09 09:25:00.430,4.98,5000
2020-11-09 09:25:00.430,4.98,1100
2020-11-09 09:25:00.430,4.98,100
2020-11-09 09:25:00.430,4.98,1000
2020-11-09 09:25:00.430,4.98,3000
2020-11-09 09:25:00.430,4.98,100
2020-11-09 09:25:00.430,4.98,2200
2020-11-09 09:25:00.430,4.98,500
2020-11-09 09:25:00.430,4.98,1300
2020-11-09 09:25:00.430,4.98,300
2020-11-09 09:25:00.430,4.98,2000
2020-11-09 09:25:00.430,4.98,10000
2020-11-09 09:25:00.430,4.98,1500
2020-11-09 09:25:00.430,4.98,6200
2020-11-09 09:25:00.430,4.98,2000
2020-11-09 09:25:00.430,4.98,11800
2020-11-09 09:25:00.430,4.98,3400
2020-11-09 09:25:00.430,4.98,100
2020-11-09 09:25:00.430,4.98,200
2020-11-09 09:25:00.430,4.98,1000
2020-11-09 09:25:00.430,4.98,2100
2020-11-09 09:25:00.430,4.98,2300
2020-11-09 09:25:00.430,4.98,300
2020-11-09 09:25:00.430,4.98,7500
2020-11-09 09:25:00.430,4.98,1100
2020-11-09 09:25:00.430,4.98,100
2020-11-09 09:25:00.430,4.98,400
2020-11-09 09:25:00.430,4.98,1000
2020-11-09 09:25:00.430,4.98,6000
2020-11-09 09:25:00.430,4.98,700
2020-11-09 09:25:00.430,4.98,34100
2020-11-09 09:25:00.430,4.98,10000
2020-11-09 09:25:00.430,4.98,100
2020-11-09 09:25:00.430,4.98,3800
2020-11-09 09:25:00.430,4.98,1200
2020-11-09 09:25:00.430,4.98,2600
2020-11-09 09:25:00.430,4.98,400
2020-11-09 09:25:00.430,4.98,700
2020-11-09 09:25:00.430,4.98,500
2020-11-09 09:25:00.430,4.98,300
2020-11-09 09:25:00.430,4.98,1000
2020-11-09 09:25:00.430,4.98,500
2020-11-09 09:25:00.430,4.98,2500
2020-11-09 09:25:00.430,4.98,100
2020-11-09 09:25:00.430,4.98,5300
2020-11-09 09:25:00.430,4.98,900
2020-11-09 09:25:00.430,4.98,1100
2020-11-09 09:25:00.430,4.98,200
2020-11-09 09:25:00.430,4.98,2000
2020-11-09 09:25:00.430,4.98,2200
2020-11-09 09:25:00.430,4.98,1000
2020-11-09 09:25:00.430,4.98,14000
2020-11-09 09:25:00.430,4.98,3000
2020-11-09 09:25:00.430,4.98,1000
2020-11-09 09:25:00.430,4.98,700
2020-11-09 09:25:00.430,4.98,2200
2020-11-09 09:25:00.430,4.98,10000
2020-11-09 09:25:00.430,4.98,1300
2020-11-09 09:25:00.430,4.98,2500
2020-11-09 09:25:00.430,4.98,55300
2020-11-09 09:25:00.430,4.98,1700
2020-11-09 09:25:00.430,4.98,20500
2020-11-09 09:25:00.430,4.98,3300
2020-11-09 09:25:00.430,4.98,20700
2020-11-09 09:25:00.430,4.98,500
2020-11-09 09:25:00.430,4.98,2500
2020-11-09 09:25:00.430,4.98,23000
2020-11-09 09:25:00.430,4.98,3000
2020-11-09 09:25:00.430,4.98,24000
2020-11-09 09:25:00.430,4.98,400
2020-11-09 09:25:00.430,4.98,2000
2020-11-09 09:25:00.430,4.98,10000
2020-11-09 09:25:00.430,4.98,300
2020-11-09 09:25:00.430,4.98,53500
2020-11-09 09:25:00.430,4.98,50000
2020-11-09 09:25:00.430,4.98,115200
2020-11-09 09:25:00.430,4.98,2000
2020-11-09 09:25:00.430,4.98,1000
2020-11-09 09:25:00.430,4.98,1000
2020-11-09 09:25:00.430,4.98,600
2020-11-09 09:25:00.430,4.98,15000
2020-11-09 09:25:00.430,4.98,15000
2020-11-09 09:25:00.430,4.98,1500
2020-11-09 09:25:00.430,4.98,15000
2020-11-09 09:25:00.430,4.98,2300
2020-11-09 09:25:00.430,4.98,3500
2020-11-09 09:25:00.430,4.98,1900
2020-11-09 09:25:00.430,4.98,8800
2020-11-09 09:25:00.430,4.98,700
2020-11-09 09:25:00.430,4.98,5000
2020-11-09 09:25:00.430,4.98,2000
2020-11-09 09:25:00.430,4.98,5000
2020-11-09 09:25:00.430,4.98,2500
2020-11-09 09:25:00.430,4.98,1500
2020-11-09 09:25:00.430,4.98,500
2020-11-09 09:25:00.430,4.98,600
2020-11-09 09:25:00.430,4.98,900
2020-11-09 09:25:00.430,4.98,1000
2020-11-09 09:25:00.430,4.98,500
2020-11-09 09:25:00.430,4.98,300
2020-11-09 09:25:00.430,4.98,300
2020-11-09 09:25:00.430,4.98,80800
2020-11-09 09:25:00.430,4.98,15600
2020-11-09 09:25:00.430,4.98,1500
2020-11-09 09:25:00.430,4.98,3600
2020-11-09 09:25:00.430,4.98,20000
2020-11-09 09:25:00.430,4.98,400
2020-11-09 09:25:00.430,4.98,10000
2020-11-09 09:25:00.430,4.98,17500
2020-11-09 09:25:00.430,4.98,3000
2020-11-09 09:25:00.430,4.98,1300
2020-11-09 09:25:00.430,4.98,10000
2020-11-09 09:25:00.430,4.98,2500
2020-11-09 09:25:00.430,4.98,3000
2020-11-09 09:25:00.430,4.98,1000
2020-11-09 09:25:00.430,4.98,1000
2020-11-09 09:25:00.430,4.98,4800
2020-11-09 09:25:00.430,4.98,10000
2020-11-09 09:25:00.430,4.98,2000
2020-11-09 09:25:00.430,4.98,6500
2020-11-09 09:25:00.430,4.98,2500
2020-11-09 09:25:00.430,4.98,1000
2020-11-09 09:25:00.430,4.98,5000
2020-11-09 09:25:00.430,4.98,15000
2020-11-09 09:25:00.430,4.98,10000
2020-11-09 09:25:00.430,4.98,2200
2020-11-09 09:25:00.430,4.98,1000
2020-11-09 09:25:00.430,4.98,10000
2020-11-09 09:25:00.430,4.98,1500
2020-11-09 09:25:00.430,4.98,100
2020-11-09 09:30:00.130,4.981,1300
2020-11-09 09:30:00.290,4.98,155100
2020-11-09 09:30:00.290,4.98,10000
2020-11-09 09:30:00.290,4.98,18000
2020-11-09 09:30:00.290,4.98,16900
2020-11-09 09:30:00.290,4.981,8700
2020-11-09 09:30:00.290,4.981,500
2020-11-09 09:30:00.290,4.981,700
2020-11-09 09:30:00.290,4.981,800
2020-11-09 09:30:00.290,4.982,2100
2020-11-09 09:30:00.290,4.982,4000
2020-11-09 09:30:00.290,4.982,200
2020-11-09 09:30:00.290,4.982,1000
2020-11-09 09:30:00.290,4.982,1000
2020-11-09 09:30:00.290,4.982,26000
2020-11-09 09:30:00.290,4.984,2000
2020-11-09 09:30:00.290,4.984,700
2020-11-09 09:30:00.290,4.984,5000
2020-11-09 09:30:00.290,4.984,5000
2020-11-09 09:30:00.290,4.984,2300
2020-11-09 09:30:00.290,4.984,200
2020-11-09 09:30:00.290,4.984,2300
2020-11-09 09:30:00.290,4.984,2500
2020-11-09 09:30:00.430,4.983,500
2020-11-09 09:30:00.430,4.982,1800
2020-11-09 09:30:00.430,4.982,10000
2020-11-09 09:30:00.430,4.982,10000
2020-11-09 09:30:00.550,4.982,1000
2020-11-09 09:30:00.550,4.982,5500
2020-11-09 09:30:00.550,4.984,900
2020-11-09 09:30:00.550,4.984,10600
2020-11-09 09:30:00.550,4.985,12000
2020-11-09 09:30:00.550,4.985,2000
2020-11-09 09:30:00.550,4.985,2000
2020-11-09 09:30:00.550,4.985,1100
2020-11-09 09:30:00.550,4.985,300
2020-11-09 09:30:00.550,4.985,2200
2020-11-09 09:30:00.550,4.985,2000
2020-11-09 09:30:00.550,4.985,100
2020-11-09 09:30:00.550,4.985,5000
2020-11-09 09:30:00.550,4.986,8000
2020-11-09 09:30:00.550,4.986,7800
2020-11-09 09:30:00.550,4.986,2300
2020-11-09 09:30:00.550,4.986,1000
2020-11-09 09:30:00.550,4.986,1800
2020-11-09 09:30:00.550,4.986,20000
2020-11-09 09:30:00.550,4.986,200
2020-11-09 09:30:00.550,4.987,79800
2020-11-09 09:30:00.550,4.987,1000
2020-11-09 09:30:00.550,4.987,500
2020-11-09 09:30:00.550,4.987,4000
2020-11-09 09:30:00.550,4.987,10000
2020-11-09 09:30:00.550,4.987,17000
2020-11-09 09:30:00.550,4.987,20000
2020-11-09 09:30:00.550,4.987,3000
2020-11-09 09:30:00.550,4.987,20000
2020-11-09 09:30:00.550,4.987,40000
2020-11-09 09:30:00.550,4.987,700
2020-11-09 09:30:00.550,4.988,100
2020-11-09 09:30:00.550,4.988,10000
2020-11-09 09:30:00.550,4.988,10600
2020-11-09 09:30:00.550,4.983,100
2020-11-09 09:30:00.550,4.985,500
2020-11-09 09:30:00.550,4.985,100
2020-11-09 09:30:00.550,4.985,1000
2020-11-09 09:30:00.550,4.985,300
2020-11-09 09:30:00.660,4.985,30400
2020-11-09 09:30:00.660,4.985,12100
2020-11-09 09:30:00.660,4.983,4900
2020-11-09 09:30:00.660,4.982,3000
2020-11-09 09:30:00.660,4.982,100
2020-11-09 09:30:00.660,4.985,1000
2020-11-09 09:30:00.780,4.982,900
2020-11-09 09:30:00.780,4.982,10000
2020-11-09 09:30:00.780,4.985,1500
2020-11-09 09:30:00.780,4.988,5400
2020-11-09 09:30:00.780,4.988,1000
2020-11-09 09:30:00.780,4.988,4000
2020-11-09 09:30:00.780,4.988,100
2020-11-09 09:30:00.780,4.988,190500
2020-11-09 09:30:00.780,4.988,80000
2020-11-09 09:30:00.780,4.988,13500
2020-11-09 09:30:00.890,4.984,2700
2020-11-09 09:30:00.890,4.984,2000
2020-11-09 09:30:00.890,4.984,2000
2020-11-09 09:30:00.890,4.984,10000
2020-11-09 09:30:00.890,4.988,6500
2020-11-09 09:30:00.890,4.988,100
2020-11-09 09:30:00.890,4.988,500
2020-11-09 09:30:00.890,4.988,500
2020-11-09 09:30:00.890,4.989,300
2020-11-09 09:30:00.890,4.989,40000
2020-11-09 09:30:00.890,4.989,200
2020-11-09 09:30:00.890,4.989,4000
2020-11-09 09:30:00.890,4.989,30000
2020-11-09 09:30:00.890,4.99,2000
2020-11-09 09:30:00.890,4.99,40000
2020-11-09 09:30:00.890,4.99,10000
2020-11-09 09:30:00.890,4.99,2000
2020-11-09 09:30:00.890,4.99,10000
2020-11-09 09:30:00.890,4.99,1000
2020-11-09 09:30:00.890,4.99,1000
2020-11-09 09:30:00.890,4.99,5000
2020-11-09 09:30:00.890,4.99,10000
2020-11-09 09:30:00.890,4.99,600
2020-11-09 09:30:00.890,4.99,5000
2020-11-09 09:30:00.890,4.99,1000
2020-11-09 09:30:00.890,4.99,2200
2020-11-09 09:30:00.890,4.99,900
2020-11-09 09:30:00.890,4.99,600
2020-11-09 09:30:00.890,4.99,1700
2020-11-09 09:30:00.890,4.99,1000
2020-11-09 09:30:00.890,4.99,500
2020-11-09 09:30:00.890,4.991,100
2020-11-09 09:30:00.890,4.991,200
2020-11-09 09:30:00.890,4.991,4000
2020-11-09 09:30:00.890,4.992,100
2020-11-09 09:30:00.890,4.992,2500
2020-11-09 09:30:00.890,4.992,500
2020-11-09 09:30:00.890,4.992,12500
2020-11-09 09:30:00.890,4.992,2500
2020-11-09 09:30:00.890,4.992,1000
2020-11-09 09:30:00.890,4.992,1000
2020-11-09 09:30:00.890,4.992,3000
2020-11-09 09:30:00.890,4.993,2100
2020-11-09 09:30:00.890,4.993,2300
2020-11-09 09:30:00.890,4.993,100
2020-11-09 09:30:00.890,4.993,10300
2020-11-09 09:30:00.890,4.993,7700
2020-11-09 09:30:00.890,4.993,700
2020-11-09 09:30:00.890,4.993,300
2020-11-09 09:30:00.890,4.994,300
2020-11-09 09:30:00.890,4.994,2500
2020-11-09 09:30:00.890,4.994,31100
2020-11-09 09:30:00.890,4.995,1000
2020-11-09 09:30:00.890,4.995,5000
2020-11-09 09:30:00.890,4.995,10000
2020-11-09 09:30:00.890,4.995,1000
2020-11-09 09:30:00.890,4.995,500
2020-11-09 09:30:00.890,4.995,2200
2020-11-09 09:30:00.890,4.995,14900
2020-11-09 09:30:01.040,4.995,100
2020-11-09 09:30:01.040,4.996,7100
2020-11-09 09:30:01.040,4.996,7300
2020-11-09 09:30:01.040,4.996,11100
2020-11-09 09:30:01.040,4.996,12300
2020-11-09 09:30:01.040,4.996,2100
2020-11-09 09:30:01.040,4.996,700
2020-11-09 09:30:01.040,4.996,1000
2020-11-09 09:30:01.040,4.996,10100
2020-11-09 09:30:01.040,4.996,85200
2020-11-09 09:30:01.040,4.996,30000
2020-11-09 09:30:01.040,4.997,900
2020-11-09 09:30:01.040,4.997,3000
2020-11-09 09:30:01.040,4.997,400
2020-11-09 09:30:01.040,4.997,1000
2020-11-09 09:30:01.040,4.997,600
2020-11-09 09:30:01.040,4.997,20000
2020-11-09 09:30:01.040,4.997,20000
2020-11-09 09:30:01.040,4.998,5400
2020-11-09 09:30:01.040,4.998,20000
2020-11-09 09:30:01.040,4.998,100
2020-11-09 09:30:01.040,4.998,2500
2020-11-09 09:30:01.040,4.998,500
2020-11-09 09:30:01.040,4.998,2000
2020-11-09 09:30:01.040,4.998,5000
2020-11-09 09:30:01.040,4.998,4900
2020-11-09 09:30:01.040,4.998,4000
2020-11-09 09:30:01.040,4.998,1200
2020-11-09 09:30:01.040,4.998,1000
2020-11-09 09:30:01.040,4.998,300
2020-11-09 09:30:01.040,4.998,40200
2020-11-09 09:30:01.040,4.998,59800
2020-11-09 09:30:01.040,4.998,2000
2020-11-09 09:30:01.040,4.998,1500
2020-11-09 09:30:01.040,4.998,2500
2020-11-09 09:30:01.040,4.998,300
2020-11-09 09:30:01.040,4.999,5000
2020-11-09 09:30:01.040,4.999,10000
2020-11-09 09:30:01.040,4.999,7500
2020-11-09 09:30:01.040,4.999,1000
2020-11-09 09:30:01.040,4.999,2000
2020-11-09 09:30:01.040,4.999,2000
2020-11-09 09:30:01.040,4.999,10000
2020-11-09 09:30:01.040,4.999,2800
2020-11-09 09:30:01.040,4.999,3400
2020-11-09 09:30:01.040,4.999,5000
2020-11-09 09:30:01.040,4.999,200
2020-11-09 09:30:01.040,4.999,200
2020-11-09 09:30:01.040,4.999,4000
2020-11-09 09:30:01.040,4.999,2500
2020-11-09 09:30:01.040,4.999,1000
2020-11-09 09:30:01.040,4.999,5000
2020-11-09 09:30:01.040,4.999,3000
2020-11-09 09:30:01.040,4.999,600
2020-11-09 09:30:01.040,4.999,10000
2020-11-09 09:30:01.040,4.999,14100
2020-11-09 09:30:01.040,4.999,1000
2020-11-09 09:30:01.040,4.999,2000
2020-11-09 09:30:01.040,4.999,1000
2020-11-09 09:30:01.040,4.999,700
2020-11-09 09:30:01.040,4.999,1000
2020-11-09 09:30:01.040,4.999,10000
2020-11-09 09:30:01.040,4.999,3100
2020-11-09 09:30:01.040,4.999,20000
2020-11-09 09:30:01.040,4.999,1000
2020-11-09 09:30:01.040,4.999,100
2020-11-09 09:30:01.040,4.999,1500
2020-11-09 09:30:01.040,5.0,4000
2020-11-09 09:30:01.040,5.0,2000
2020-11-09 09:30:01.040,5.0,100
2020-11-09 09:30:01.040,5.0,10700
2020-11-09 09:30:01.040,5.0,1500
2020-11-09 09:30:01.040,5.0,2500
2020-11-09 09:30:01.040,5.0,200
2020-11-09 09:30:01.040,5.0,300
2020-11-09 09:30:01.040,5.0,1500
2020-11-09 09:30:01.040,5.0,500
2020-11-09 09:30:01.040,5.0,3000
2020-11-09 09:30:01.040,5.0,200
2020-11-09 09:30:01.040,5.0,2000
2020-11-09 09:30:01.040,5.0,1500
2020-11-09 09:30:01.040,5.0,100
2020-11-09 09:30:01.040,5.0,1000
2020-11-09 09:30:01.040,5.0,10000
2020-11-09 09:30:01.040,5.0,3000
2020-11-09 09:30:01.040,5.0,3000
2020-11-09 09:30:01.040,5.0,50000
2020-11-09 09:30:01.040,5.0,500
2020-11-09 09:30:01.040,5.0,2000
2020-11-09 09:30:01.040,5.0,3600
2020-11-09 09:30:01.040,4.99,1000
2020-11-09 09:30:01.040,4.99,2000
2020-11-09 09:30:01.040,4.99,800
2020-11-09 09:30:01.040,4.99,1700
2020-11-09 09:30:01.040,4.986,300
2020-11-09 09:30:01.040,4.986,3000
2020-11-09 09:30:01.040,4.986,6700
2020-11-09 09:30:01.040,4.985,28300
2020-11-09 09:30:01.150,4.985,1700
2020-11-09 09:30:01.150,4.985,3200
2020-11-09 09:30:01.150,4.985,4100
2020-11-09 09:30:01.150,4.985,4000
2020-11-09 09:30:01.150,4.985,500
2020-11-09 09:30:01.150,4.985,2000
2020-11-09 09:30:01.270,4.985,200
2020-11-09 09:30:01.270,4.985,100
2020-11-09 09:30:01.270,4.985,1000
2020-11-09 09:30:01.270,4.986,2000
2020-11-09 09:30:01.400,4.985,500
2020-11-09 09:30:01.400,4.985,400
2020-11-09 09:30:01.400,4.984,500
2020-11-09 09:30:01.400,4.984,2800
2020-11-09 09:30:01.400,4.984,3200
2020-11-09 09:30:01.400,4.986,300
2020-11-09 09:30:01.400,4.986,2700
2020-11-09 09:30:01.400,4.986,2600
2020-11-09 09:30:01.400,4.988,4700
2020-11-09 09:30:01.530,4.984,200
2020-11-09 09:30:01.530,4.984,36600
2020-11-09 09:30:01.530,4.982,3400
2020-11-09 09:30:01.530,4.982,1000
2020-11-09 09:30:01.530,4.985,200
2020-11-09 09:30:01.530,4.988,300
2020-11-09 09:30:01.530,4.989,1500
2020-11-09 09:30:01.530,4.989,1500
2020-11-09 09:30:01.530,4.99,200
2020-11-09 09:30:01.530,4.992,100
2020-11-09 09:30:01.530,4.993,100
2020-11-09 09:30:01.530,4.994,9800
2020-11-09 09:30:01.530,4.991,100
2020-11-09 09:30:01.530,4.982,5000
2020-11-09 09:30:01.530,4.982,100
2020-11-09 09:30:01.530,4.988,900
2020-11-09 09:30:01.530,4.994,800
2020-11-09 09:30:01.530,4.994,6000
2020-11-09 09:30:01.530,4.995,200
2020-11-09 09:30:01.530,4.999,1000
2020-11-09 09:30:01.530,5.0,3800
2020-11-09 09:30:01.640,4.994,35000
2020-11-09 09:30:01.640,4.994,700
2020-11-09 09:30:01.640,4.999,200
2020-11-09 09:30:01.640,4.994,5000
2020-11-09 09:30:01.640,4.999,5000
2020-11-09 09:30:01.640,4.994,11600
2020-11-09 09:30:01.640,4.982,138400
2020-11-09 09:30:01.640,4.982,4000
2020-11-09 09:30:01.640,4.982,600
2020-11-09 09:30:01.640,4.983,15000
2020-11-09 09:30:01.640,4.983,1000
2020-11-09 09:30:01.760,4.982,2000
2020-11-09 09:30:01.760,4.982,3000
2020-11-09 09:30:01.760,4.982,1000
2020-11-09 09:30:01.760,4.982,600
2020-11-09 09:30:01.760,4.982,300
2020-11-09 09:30:01.760,4.982,100
2020-11-09 09:30:01.760,4.982,7700
2020-11-09 09:30:01.870,4.982,400
2020-11-09 09:30:01.870,4.982,6000
2020-11-09 09:30:01.870,4.982,10000
2020-11-09 09:30:01.990,4.982,2200
2020-11-09 09:30:01.990,4.982,1200
2020-11-09 09:30:01.990,4.983,1000
2020-11-09 09:30:01.990,4.982,25700
2020-11-09 09:30:01.990,4.982,6600
2020-11-09 09:30:01.990,4.982,10000
2020-11-09 09:30:01.990,4.982,10000
2020-11-09 09:30:01.990,4.982,900
2020-11-09 09:30:01.990,4.982,6800
2020-11-09 09:30:02.110,4.982,500
2020-11-09 09:30:02.110,4.982,100
2020-11-09 09:30:02.110,4.982,600
2020-11-09 09:30:02.110,4.982,2000
2020-11-09 09:30:02.110,4.982,1100
2020-11-09 09:30:02.110,4.982,6900
2020-11-09 09:30:02.110,4.982,300
2020-11-09 09:30:02.110,4.983,10100
2020-11-09 09:30:02.110,4.982,5000
2020-11-09 09:30:02.230,4.983,12900
2020-11-09 09:30:02.230,4.985,5000
2020-11-09 09:30:02.230,4.985,12800
2020-11-09 09:30:02.230,4.982,5000
2020-11-09 09:30:02.230,4.982,1000
2020-11-09 09:30:02.360,4.982,10000
2020-11-09 09:30:02.360,4.985,500
2020-11-09 09:30:02.360,4.983,1000
2020-11-09 09:30:02.500,4.982,500
2020-11-09 09:30:02.500,4.982,1500
2020-11-09 09:30:02.550,4.983,1000
2020-11-09 09:30:02.550,4.985,11700
2020-11-09 09:30:02.550,4.985,500
2020-11-09 09:30:02.550,4.985,4000
2020-11-09 09:30:02.550,4.986,500
2020-11-09 09:30:02.550,4.986,10200
2020-11-09 09:30:02.550,4.986,1700
2020-11-09 09:30:02.550,4.985,100
2020-11-09 09:30:02.550,4.985,2000
2020-11-09 09:30:02.550,4.985,1000
2020-11-09 09:30:02.550,4.985,2000
2020-11-09 09:30:02.550,4.983,2000
2020-11-09 09:30:02.550,4.982,200
2020-11-09 09:30:02.550,4.982,100
2020-11-09 09:30:02.550,4.984,1300
2020-11-09 09:30:02.550,4.984,2700
2020-11-09 09:30:02.550,4.984,7400
2020-11-09 09:30:02.550,4.986,8100
2020-11-09 09:30:02.550,4.986,20000
2020-11-09 09:30:02.550,4.986,17500
2020-11-09 09:30:02.550,4.986,1000
2020-11-09 09:30:02.550,4.986,10000
2020-11-09 09:30:02.550,4.986,5600
2020-11-09 09:30:02.550,4.988,3000
2020-11-09 09:30:02.550,4.988,20000
2020-11-09 09:30:02.550,4.99,1000
2020-11-09 09:30:02.550,4.99,100
2020-11-09 09:30:02.550,4.99,200
2020-11-09 09:30:02.550,4.99,2000
2020-11-09 09:30:02.550,4.99,3000
2020-11-09 09:30:02.550,4.99,300
2020-11-09 09:30:02.550,4.99,300
2020-11-09 09:30:02.550,4.992,4000
2020-11-09 09:30:02.550,4.993,100
2020-11-09 09:30:02.550,4.993,500
2020-11-09 09:30:02.660,4.998,300
2020-11-09 09:30:02.660,4.998,500
2020-11-09 09:30:02.660,4.999,1200
2020-11-09 09:30:02.660,4.997,6000
2020-11-09 09:30:02.660,4.997,3000
2020-11-09 09:30:02.660,4.997,100
2020-11-09 09:30:02.660,4.997,300
2020-11-09 09:30:02.660,4.997,10000
2020-11-09 09:30:02.660,4.997,500
2020-11-09 09:30:02.660,4.997,25000
2020-11-09 09:30:02.660,4.997,2000
2020-11-09 09:30:02.660,4.997,2000
2020-11-09 09:30:02.660,4.997,900
2020-11-09 09:30:02.780,4.997,1000
2020-11-09 09:30:02.780,4.997,400
2020-11-09 09:30:02.780,4.997,11000
2020-11-09 09:30:02.780,4.997,500
2020-11-09 09:30:02.780,4.997,106400
2020-11-09 09:30:02.890,4.997,100
2020-11-09 09:30:02.890,4.996,1000
2020-11-09 09:30:02.890,4.996,3000
2020-11-09 09:30:02.890,4.996,3600
2020-11-09 09:30:03.010,4.996,3000
2020-11-09 09:30:03.010,4.996,7500
2020-11-09 09:30:03.010,4.996,1000
2020-11-09 09:30:03.010,4.996,2000
2020-11-09 09:30:03.120,4.996,3000
2020-11-09 09:30:03.120,4.996,4500
2020-11-09 09:30:03.120,4.996,2000
2020-11-09 09:30:03.120,4.996,2000
2020-11-09 09:30:03.120,4.996,2100
2020-11-09 09:30:03.120,4.996,3000
2020-11-09 09:30:03.120,4.996,3000
2020-11-09 09:30:03.230,4.996,10000
2020-11-09 09:30:03.230,4.996,2000
2020-11-09 09:30:03.230,4.997,4000
2020-11-09 09:30:03.230,4.998,6100
2020-11-09 09:30:03.230,4.996,14000
2020-11-09 09:30:03.230,4.996,100
2020-11-09 09:30:03.230,4.996,172500
2020-11-09 09:30:03.230,4.996,1000
2020-11-09 09:30:03.230,4.996,600
2020-11-09 09:30:03.350,4.996,27100
2020-11-09 09:30:03.350,4.996,400
2020-11-09 09:30:03.350,4.998,5000
2020-11-09 09:30:03.350,4.996,100
2020-11-09 09:30:03.350,4.996,1000
2020-11-09 09:30:03.350,4.996,1300
2020-11-09 09:30:03.350,4.996,800
2020-11-09 09:30:03.350,4.998,18900
2020-11-09 09:30:03.350,4.998,1000
2020-11-09 09:30:03.350,4.998,500
2020-11-09 09:30:03.350,4.999,39600
2020-11-09 09:30:03.470,4.996,10000
2020-11-09 09:30:03.470,4.996,200
2020-11-09 09:30:03.470,4.996,1000
2020-11-09 09:30:03.470,4.996,1000
2020-11-09 09:30:03.470,4.996,100
2020-11-09 09:30:03.470,4.996,5000
2020-11-09 09:30:03.470,4.996,8600
2020-11-09 09:30:03.470,4.996,500
2020-11-09 09:30:03.470,4.996,3500
2020-11-09 09:30:03.470,4.996,1000
2020-11-09 09:30:03.470,4.996,200
2020-11-09 09:30:03.470,4.996,2000
2020-11-09 09:30:03.470,4.996,10000
2020-11-09 09:30:03.470,4.996,500
2020-11-09 09:30:03.590,4.996,8000
2020-11-09 09:30:03.590,4.996,1500
2020-11-09 09:30:03.590,4.996,6800
2020-11-09 09:30:03.590,4.996,10000
2020-11-09 09:30:03.750,4.996,10000
2020-11-09 09:30:03.750,4.996,100
2020-11-09 09:30:03.750,4.996,100
2020-11-09 09:30:03.750,4.996,20000
2020-11-09 09:30:03.750,4.996,4000
2020-11-09 09:30:03.790,4.996,100
2020-11-09 09:30:03.790,4.996,85900
2020-11-09 09:30:03.790,4.996,1000
2020-11-09 09:30:03.790,4.996,3000
2020-11-09 09:30:03.790,4.996,100
2020-11-09 09:30:03.790,4.996,10000
2020-11-09 09:30:03.790,4.996,3000
2020-11-09 09:30:03.910,4.996,15000
2020-11-09 09:30:03.910,4.996,3000
2020-11-09 09:30:03.910,4.996,500
2020-11-09 09:30:03.910,4.996,100
2020-11-09 09:30:03.910,4.996,22000
2020-11-09 09:30:04.020,4.996,300
2020-11-09 09:30:04.020,4.996,300
2020-11-09 09:30:04.020,4.996,400
2020-11-09 09:30:04.020,4.996,100
2020-11-09 09:30:04.020,4.996,100
2020-11-09 09:30:04.170,4.996,6400
2020-11-09 09:30:04.280,4.996,300
2020-11-09 09:30:04.280,4.996,5000
2020-11-09 09:30:04.280,4.996,15000
2020-11-09 09:30:04.280,4.996,500
2020-11-09 09:30:04.400,4.996,100
2020-11-09 09:30:04.400,4.996,11500
2020-11-09 09:30:04.400,4.996,11500
2020-11-09 09:30:04.400,4.996,5000
2020-11-09 09:30:04.400,4.998,3000
2020-11-09 09:30:04.400,4.998,500
2020-11-09 09:30:04.400,4.998,5000
2020-11-09 09:30:04.400,4.998,5000
2020-11-09 09:30:04.400,4.998,2000
2020-11-09 09:30:04.400,4.999,54000
2020-11-09 09:30:04.400,4.999,5000
2020-11-09 09:30:04.400,4.999,20000
2020-11-09 09:30:04.400,4.999,3000
2020-11-09 09:30:04.400,4.999,4000
2020-11-09 09:30:04.400,4.999,900
2020-11-09 09:30:04.400,4.999,10000
2020-11-09 09:30:04.400,4.999,500
2020-11-09 09:30:04.400,4.999,200
2020-11-09 09:30:04.400,4.999,2000
2020-11-09 09:30:04.400,4.999,5000
2020-11-09 09:30:04.400,4.999,2000
2020-11-09 09:30:04.400,4.999,50000
2020-11-09 09:30:04.400,4.999,5000
2020-11-09 09:30:04.400,4.999,6100
2020-11-09 09:30:04.400,5.0,2600
2020-11-09 09:30:04.400,5.0,1000
2020-11-09 09:30:04.400,5.0,2000
2020-11-09 09:30:04.400,5.0,10000
2020-11-09 09:30:04.400,5.0,1000
2020-11-09 09:30:04.400,5.0,400
2020-11-09 09:30:04.400,5.0,36000
2020-11-09 09:30:04.400,5.0,2000
2020-11-09 09:30:04.400,5.0,200
2020-11-09 09:30:04.400,5.0,500
2020-11-09 09:30:04.400,5.0,5000
2020-11-09 09:30:04.400,5.0,2000
2020-11-09 09:30:04.400,5.0,10000
2020-11-09 09:30:04.400,5.0,10000
2020-11-09 09:30:04.400,5.0,100
2020-11-09 09:30:04.400,5.0,1000
2020-11-09 09:30:04.400,5.0,2400
2020-11-09 09:30:04.400,5.0,2000
2020-11-09 09:30:04.400,5.0,10000
2020-11-09 09:30:04.400,5.0,1500
2020-11-09 09:30:04.400,5.0,1000
2020-11-09 09:30:04.400,5.0,200
2020-11-09 09:30:04.400,5.0,1200
2020-11-09 09:30:04.400,5.0,2500
2020-11-09 09:30:04.400,5.0,900
2020-11-09 09:30:04.400,5.0,1000
2020-11-09 09:30:04.400,5.0,10300
2020-11-09 09:30:04.400,4.996,279000
2020-11-09 09:30:04.400,4.996,20000
2020-11-09 09:30:04.400,4.996,3000
2020-11-09 09:30:04.510,4.996,300
2020-11-09 09:30:04.510,5.0,300000
2020-11-09 09:30:04.510,5.0,300000
2020-11-09 09:30:04.510,4.996,5000
2020-11-09 09:30:04.510,4.996,1200
2020-11-09 09:30:04.510,4.996,800
2020-11-09 09:30:04.620,4.996,400
2020-11-09 09:30:04.700,4.996,9800
2020-11-09 09:30:04.700,4.996,5000
2020-11-09 09:30:04.700,4.996,3000
2020-11-09 09:30:04.700,4.996,1000
2020-11-09 09:30:04.700,4.991,2000
2020-11-09 09:30:04.700,4.991,8400
2020-11-09 09:30:04.810,4.999,1000
2020-11-09 09:30:04.810,4.999,80000
2020-11-09 09:30:04.810,4.999,1000
2020-11-09 09:30:04.810,4.999,18000
2020-11-09 09:30:04.810,4.991,52000
2020-11-09 09:30:04.810,4.991,1500
2020-11-09 09:30:04.810,5.0,2100
2020-11-09 09:30:04.810,4.991,200
2020-11-09 09:30:04.810,4.99,1600
2020-11-09 09:30:04.810,4.99,3100
2020-11-09 09:30:04.810,4.99,1000
2020-11-09 09:30:04.930,4.992,500
2020-11-09 09:30:04.930,4.99,100
2020-11-09 09:30:04.930,4.99,1000
2020-11-09 09:30:04.930,4.99,10000
2020-11-09 09:30:04.930,4.99,200
2020-11-09 09:30:04.930,5.0,300000
2020-11-09 09:30:04.930,4.99,5000
2020-11-09 09:30:05.090,4.99,3000
2020-11-09 09:30:05.090,4.99,500
2020-11-09 09:30:05.090,5.0,87600
2020-11-09 09:30:05.090,5.0,40000
2020-11-09 09:30:05.090,5.0,500
2020-11-09 09:30:05.090,5.0,1000
2020-11-09 09:30:05.090,5.0,5000
2020-11-09 09:30:05.090,5.0,300
2020-11-09 09:30:05.090,5.0,900
2020-11-09 09:30:05.090,5.0,600
2020-11-09 09:30:05.090,5.0,7400
2020-11-09 09:30:05.090,5.0,2200
2020-11-09 09:30:05.090,5.0,1000
2020-11-09 09:30:05.090,5.0,100
2020-11-09 09:30:05.090,5.0,1000
2020-11-09 09:30:05.090,5.0,5000
2020-11-09 09:30:05.090,5.0,600
2020-11-09 09:30:05.090,5.0,10000
2020-11-09 09:30:05.090,5.0,10000
2020-11-09 09:30:05.090,5.0,10000
2020-11-09 09:30:05.090,5.0,1000
2020-11-09 09:30:05.090,5.0,200
2020-11-09 09:30:05.090,5.0,2000
2020-11-09 09:30:05.090,5.0,10000
2020-11-09 09:30:05.090,5.0,4000
2020-11-09 09:30:05.090,5.0,1000
2020-11-09 09:30:05.090,5.0,1900
2020-11-09 09:30:05.090,5.0,300
2020-11-09 09:30:05.090,5.0,300
2020-11-09 09:30:05.090,5.0,5000
2020-11-09 09:30:05.090,5.0,100
2020-11-09 09:30:05.090,5.0,10000
2020-11-09 09:30:05.090,5.0,300
2020-11-09 09:30:05.090,5.0,100
2020-11-09 09:30:05.090,5.0,2000
2020-11-09 09:30:05.090,5.0,5000
2020-11-09 09:30:05.090,5.0,6000
2020-11-09 09:30:05.090,5.0,6800
2020-11-09 09:30:05.090,5.0,10000
2020-11-09 09:30:05.090,5.0,2500
2020-11-09 09:30:05.090,5.0,2000
2020-11-09 09:30:05.090,5.0,100
2020-11-09 09:30:05.090,5.0,10000
2020-11-09 09:30:05.090,5.0,2300
2020-11-09 09:30:05.090,5.0,29900
2020-11-09 09:30:05.090,4.99,1000
2020-11-09 09:30:05.090,5.0,10000
2020-11-09 09:30:05.090,4.99,20000
2020-11-09 09:30:05.090,4.99,1000
2020-11-09 09:30:05.210,4.99,2500
2020-11-09 09:30:05.210,4.99,1000
2020-11-09 09:30:05.210,4.99,700
2020-11-09 09:30:05.210,4.99,800
2020-11-09 09:30:05.210,4.99,2000
2020-11-09 09:30:05.210,4.99,500
2020-11-09 09:30:05.210,4.99,200
2020-11-09 09:30:05.210,4.99,500
2020-11-09 09:30:05.330,4.99,900
2020-11-09 09:30:05.330,4.99,2400
2020-11-09 09:30:05.330,4.99,100
2020-11-09 09:30:05.330,4.99,10000
2020-11-09 09:30:05.440,4.99,3000
2020-11-09 09:30:05.440,4.99,2000
2020-11-09 09:30:05.440,4.99,1500
2020-11-09 09:30:05.440,4.99,5000
2020-11-09 09:30:05.440,4.99,1100
2020-11-09 09:30:05.440,4.998,2500
2020-11-09 09:30:05.440,4.99,5000
2020-11-09 09:30:05.440,4.99,100
2020-11-09 09:30:05.570,4.998,17500
2020-11-09 09:30:05.570,4.998,10000
2020-11-09 09:30:05.570,5.0,10100
2020-11-09 09:30:05.570,5.0,200
2020-11-09 09:30:05.570,5.0,1100
2020-11-09 09:30:05.570,5.0,2000
2020-11-09 09:30:05.570,5.0,18300
2020-11-09 09:30:05.570,5.0,4000
2020-11-09 09:30:05.570,5.0,100
2020-11-09 09:30:05.570,5.0,20000
2020-11-09 09:30:05.570,5.0,16700
2020-11-09 09:30:05.570,5.0,23300
2020-11-09 09:30:05.570,5.0,1400
2020-11-09 09:30:05.570,5.0,1000
2020-11-09 09:30:05.570,5.0,4000
2020-11-09 09:30:05.570,5.0,100
2020-11-09 09:30:05.570,5.0,500
2020-11-09 09:30:05.570,5.001,100
2020-11-09 09:30:05.570,5.001,3000
2020-11-09 09:30:05.570,5.001,1900
2020-11-09 09:30:05.570,5.001,10000
2020-11-09 09:30:05.570,5.001,10000
2020-11-09 09:30:05.570,5.001,100
2020-11-09 09:30:05.570,5.001,2500
2020-11-09 09:30:05.570,5.001,400
2020-11-09 09:30:05.570,5.002,3000
2020-11-09 09:30:05.570,5.002,100
2020-11-09 09:30:05.570,5.002,2100
2020-11-09 09:30:05.570,5.002,3000
2020-11-09 09:30:05.570,5.002,700
2020-11-09 09:30:05.570,5.002,4000
2020-11-09 09:30:05.570,5.002,10000
2020-11-09 09:30:05.570,5.003,1000
2020-11-09 09:30:05.570,5.003,1000
2020-11-09 09:30:05.570,5.003,100
2020-11-09 09:30:05.570,5.003,8000
2020-11-09 09:30:05.570,5.003,1000
2020-11-09 09:30:05.570,5.003,300
2020-11-09 09:30:05.570,5.003,200
2020-11-09 09:30:05.570,5.004,10000
2020-11-09 09:30:05.570,5.005,3500
2020-11-09 09:30:05.570,5.005,71400
2020-11-09 09:30:05.570,5.005,30300
2020-11-09 09:30:05.570,5.005,10000
2020-11-09 09:30:05.570,5.005,700
2020-11-09 09:30:05.570,5.005,1000
2020-11-09 09:30:05.570,5.005,2200
2020-11-09 09:30:05.570,5.006,5000
2020-11-09 09:30:05.570,5.006,2000
2020-11-09 09:30:05.570,5.006,10000
2020-11-09 09:30:05.570,5.006,4500
2020-11-09 09:30:05.570,5.006,5100
2020-11-09 09:30:05.680,5.006,2000
2020-11-09 09:30:05.680,5.006,23400
2020-11-09 09:30:05.680,5.006,1000
2020-11-09 09:30:05.680,5.006,200
2020-11-09 09:30:05.680,5.006,3000
2020-11-09 09:30:05.770,5.006,5000
2020-11-09 09:30:05.770,5.006,5000
2020-11-09 09:30:05.770,5.006,100
2020-11-09 09:30:05.770,5.006,5000
2020-11-09 09:30:05.770,5.006,8000
2020-11-09 09:30:05.770,5.006,5000
2020-11-09 09:30:05.770,5.006,3300
2020-11-09 09:30:05.770,5.006,2000
2020-11-09 09:30:05.770,5.006,500
2020-11-09 09:30:05.880,5.006,1900
2020-11-09 09:30:05.880,5.006,10200
2020-11-09 09:30:05.880,5.006,100
2020-11-09 09:30:05.880,5.006,5000
2020-11-09 09:30:05.880,5.006,200
2020-11-09 09:30:05.880,5.006,13400
2020-11-09 09:30:05.880,5.006,2000
2020-11-09 09:30:05.880,5.006,7500
2020-11-09 09:30:05.880,5.006,500
2020-11-09 09:30:05.880,5.006,300
2020-11-09 09:30:05.880,5.006,3900
2020-11-09 09:30:05.880,5.006,1000
2020-11-09 09:30:05.880,5.006,100
2020-11-09 09:30:05.880,5.006,800
2020-11-09 09:30:05.990,5.006,5000
2020-11-09 09:30:05.990,5.006,2500
2020-11-09 09:30:05.990,5.006,26400
2020-11-09 09:30:05.990,5.003,85600
2020-11-09 09:30:06.050,5.003,100
2020-11-09 09:30:06.050,5.007,3000
2020-11-09 09:30:06.050,5.007,200
2020-11-09 09:30:06.050,5.007,1200
2020-11-09 09:30:06.050,5.003,42900
2020-11-09 09:30:06.050,5.005,1000
2020-11-09 09:30:06.050,5.003,1200
2020-11-09 09:30:06.050,5.003,100
2020-11-09 09:30:06.160,5.003,1000
2020-11-09 09:30:06.160,5.003,100
2020-11-09 09:30:06.160,5.003,21000
2020-11-09 09:30:06.160,5.003,5000
2020-11-09 09:30:06.160,5.003,100
2020-11-09 09:30:06.160,5.003,200
2020-11-09 09:30:06.160,5.003,500
2020-11-09 09:30:06.280,5.003,1100
2020-11-09 09:30:06.280,5.005,1000
2020-11-09 09:30:06.280,5.003,1000
2020-11-09 09:30:06.280,5.003,10000
2020-11-09 09:30:06.280,5.003,100
2020-11-09 09:30:06.400,5.003,1000
2020-11-09 09:30:06.400,5.003,10000
2020-11-09 09:30:06.400,5.003,25000
2020-11-09 09:30:06.400,5.003,42900
2020-11-09 09:30:06.400,5.003,2500
2020-11-09 09:30:06.400,5.003,10500
2020-11-09 09:30:06.530,5.003,800
2020-11-09 09:30:06.530,5.003,1000
2020-11-09 09:30:06.530,5.003,2000
2020-11-09 09:30:06.580,5.003,1000
2020-11-09 09:30:06.580,5.003,2000
2020-11-09 09:30:06.580,5.003,10000
2020-11-09 09:30:06.580,5.003,1000
2020-11-09 09:30:06.580,5.003,7700
2020-11-09 09:30:06.580,5.003,300
2020-11-09 09:30:06.580,5.003,700
2020-11-09 09:30:06.580,5.002,18800
2020-11-09 09:30:06.580,5.001,30500
2020-11-09 09:30:06.580,5.001,900
2020-11-09 09:30:06.580,5.001,5000
2020-11-09 09:30:06.710,5.001,2000
2020-11-09 09:30:06.710,5.001,10000
2020-11-09 09:30:06.710,5.001,9700
2020-11-09 09:30:06.710,5.001,5000
2020-11-09 09:30:06.710,5.001,3000
2020-11-09 09:30:06.710,5.001,200
2020-11-09 09:30:06.710,5.001,100
2020-11-09 09:30:06.710,5.001,2100
2020-11-09 09:30:06.710,5.001,500
2020-11-09 09:30:06.710,5.001,3000
2020-11-09 09:30:06.710,5.001,2000
2020-11-09 09:30:06.710,5.001,150000
2020-11-09 09:30:06.710,5.001,1000
2020-11-09 09:30:06.710,5.001,600
2020-11-09 09:30:06.810,5.001,3000
2020-11-09 09:30:06.810,5.001,200
2020-11-09 09:30:06.810,5.001,5000
2020-11-09 09:30:06.810,5.001,2000
2020-11-09 09:30:06.810,5.001,400
2020-11-09 09:30:06.810,5.001,500
2020-11-09 09:30:06.810,5.001,2500
2020-11-09 09:30:06.810,5.005,200
2020-11-09 09:30:06.810,5.001,1000
2020-11-09 09:30:06.810,5.001,58500
2020-11-09 09:30:06.810,5.005,300
2020-11-09 09:30:06.810,5.005,200
2020-11-09 09:30:06.920,5.005,700
2020-11-09 09:30:06.920,5.005,100
2020-11-09 09:30:06.920,5.005,100
2020-11-09 09:30:06.920,5.005,3000
2020-11-09 09:30:06.920,5.005,500
2020-11-09 09:30:06.920,5.005,400
2020-11-09 09:30:06.920,5.005,500
2020-11-09 09:30:07.030,5.005,2900
2020-11-09 09:30:07.110,5.005,300
2020-11-09 09:30:07.170,5.005,2000
2020-11-09 09:30:07.170,5.005,1000
2020-11-09 09:30:07.220,5.005,50000
2020-11-09 09:30:07.220,5.005,500
2020-11-09 09:30:07.360,5.005,30000
2020-11-09 09:30:07.390,5.005,5000
2020-11-09 09:30:07.390,5.005,1000
2020-11-09 09:30:07.390,5.005,100
2020-11-09 09:30:07.440,5.005,3000
2020-11-09 09:30:07.440,5.005,5000
2020-11-09 09:30:07.490,5.005,2000
2020-11-09 09:30:07.490,5.005,200
2020-11-09 09:30:07.540,5.005,500
2020-11-09 09:30:07.580,5.005,1000
2020-11-09 09:30:07.650,5.005,600
2020-11-09 09:30:07.730,5.005,204100
2020-11-09 09:30:07.730,5.001,1300
2020-11-09 09:30:07.730,4.999,500
2020-11-09 09:30:07.730,4.998,14700
2020-11-09 09:30:07.730,4.997,138400
2020-11-09 09:30:07.730,4.992,641000
2020-11-09 09:30:07.730,4.992,100
2020-11-09 09:30:07.760,4.992,200
2020-11-09 09:30:07.800,4.992,600
2020-11-09 09:30:07.800,4.992,200
2020-11-09 09:30:07.840,4.999,100
2020-11-09 09:30:07.980,4.999,100
2020-11-09 09:30:07.980,4.999,100
2020-11-09 09:30:07.980,5.001,500
2020-11-09 09:30:07.980,5.006,500
2020-11-09 09:30:07.980,5.007,4000
2020-11-09 09:30:08.010,4.999,100
2020-11-09 09:30:08.010,4.999,400
2020-11-09 09:30:08.010,4.999,500
2020-11-09 09:30:08.050,4.999,1000
2020-11-09 09:30:08.120,4.999,300
2020-11-09 09:30:08.120,4.999,1000
2020-11-09 09:30:08.120,5.0,100
2020-11-09 09:30:08.120,5.0,5400
2020-11-09 09:30:08.120,5.004,10000
2020-11-09 09:30:08.120,5.004,200
2020-11-09 09:30:08.200,5.004,10000
2020-11-09 09:30:08.200,5.004,300
2020-11-09 09:30:08.230,5.004,2100
2020-11-09 09:30:08.300,5.004,300
2020-11-09 09:30:08.300,5.004,1000
2020-11-09 09:30:08.340,5.004,200
2020-11-09 09:30:08.340,5.004,1000
2020-11-09 09:30:08.340,5.004,2000
2020-11-09 09:30:08.460,5.004,1000
2020-11-09 09:30:08.460,5.004,2000
2020-11-09 09:30:08.460,5.004,300
2020-11-09 09:30:08.460,5.004,100
2020-11-09 09:30:08.550,5.004,200
2020-11-09 09:30:08.550,5.004,15000
2020-11-09 09:30:08.550,5.004,500
2020-11-09 09:30:08.550,5.004,15000
2020-11-09 09:30:08.550,5.005,800
2020-11-09 09:30:08.550,5.007,1300
2020-11-09 09:30:08.550,5.004,1300
2020-11-09 09:30:08.550,5.004,3100
2020-11-09 09:30:08.550,5.004,800
2020-11-09 09:30:08.550,5.004,100
2020-11-09 09:30:08.550,5.004,300
2020-11-09 09:30:08.550,5.004,300
2020-11-09 09:30:08.550,5.004,200
2020-11-09 09:30:08.550,5.004,100
2020-11-09 09:30:08.620,5.004,1000
2020-11-09 09:30:08.620,5.004,2000
2020-11-09 09:30:08.620,5.004,200
2020-11-09 09:30:08.620,5.004,100
2020-11-09 09:30:08.620,5.004,100
2020-11-09 09:30:08.620,5.007,10000
2020-11-09 09:30:08.720,5.004,20000
2020-11-09 09:30:08.800,5.004,900
2020-11-09 09:30:08.800,5.004,100
2020-11-09 09:30:08.860,5.004,3000
2020-11-09 09:30:09.230,5.004,300
2020-11-09 09:30:09.230,5.004,600
2020-11-09 09:30:09.230,5.007,3500
2020-11-09 09:30:09.230,5.007,3000
2020-11-09 09:30:09.230,5.007,300
2020-11-09 09:30:09.230,5.007,100
2020-11-09 09:30:09.350,5.008,100
2020-11-09 09:30:09.350,5.008,600
2020-11-09 09:30:09.350,5.008,5000
2020-11-09 09:30:09.350,5.008,1000
2020-11-09 09:30:09.350,5.009,1000
2020-11-09 09:30:09.350,5.01,100
2020-11-09 09:30:09.350,5.01,400
2020-11-09 09:30:09.350,5.01,700
2020-11-09 09:30:09.350,5.01,1000
2020-11-09 09:30:09.350,5.01,2000
2020-11-09 09:30:09.350,5.01,400
2020-11-09 09:30:09.350,5.01,1000
2020-11-09 09:30:09.350,5.01,7900
2020-11-09 09:30:09.380,5.007,1000
2020-11-09 09:30:09.380,5.007,100
2020-11-09 09:30:09.460,5.007,200
2020-11-09 09:30:09.460,5.007,31800
2020-11-09 09:30:09.460,5.006,5400
2020-11-09 09:30:09.460,5.006,400
2020-11-09 09:30:09.490,5.006,100
2020-11-09 09:30:09.530,5.004,200
2020-11-09 09:30:09.560,5.004,100
2020-11-09 09:30:09.560,5.004,200
2020-11-09 09:30:09.600,5.004,600
2020-11-09 09:30:09.700,5.004,20000
2020-11-09 09:30:09.850,5.004,200
2020-11-09 09:30:09.850,5.004,2200
2020-11-09 09:30:09.910,5.004,7000
2020-11-09 09:30:10.010,5.004,1000
2020-11-09 09:30:10.010,5.004,400
2020-11-09 09:30:10.010,5.004,4000
2020-11-09 09:30:10.040,5.004,200
2020-11-09 09:30:10.110,5.004,600
2020-11-09 09:30:10.110,5.004,5000
2020-11-09 09:30:10.110,4.997,200
2020-11-09 09:30:10.110,4.997,400
2020-11-09 09:30:10.140,4.997,5000
2020-11-09 09:30:10.140,4.997,500
2020-11-09 09:30:10.180,4.997,1100
2020-11-09 09:30:10.360,5.003,5000
2020-11-09 09:30:10.770,5.003,1000
2020-11-09 09:30:10.960,5.003,5000
2020-11-09 09:30:11.120,5.003,100
2020-11-09 09:30:11.160,5.003,60000
2020-11-09 09:30:11.540,5.003,3300
2020-11-09 09:30:11.850,5.003,200
2020-11-09 09:30:11.850,5.006,100
2020-11-09 09:30:11.850,5.003,2000
2020-11-09 09:30:11.950,5.003,4600
2020-11-09 09:30:11.980,5.003,3500
2020-11-09 09:30:12.120,5.003,4000
2020-11-09 09:30:12.150,5.003,1000
2020-11-09 09:30:12.150,5.003,1000
2020-11-09 09:30:12.220,5.003,800
2020-11-09 09:30:12.260,5.005,100
2020-11-09 09:30:12.330,5.003,7200
2020-11-09 09:30:12.470,5.003,90000
2020-11-09 09:30:12.540,5.003,300
2020-11-09 09:30:12.780,5.0,2000
2020-11-09 09:30:12.880,5.005,1900
2020-11-09 09:30:12.920,5.005,3500
2020-11-09 09:30:12.920,5.006,400
2020-11-09 09:30:12.920,5.006,4100
2020-11-09 09:30:12.950,5.0,400
2020-11-09 09:30:12.990,5.0,3000
2020-11-09 09:30:13.020,5.0,4000
2020-11-09 09:30:13.050,5.0,5900
2020-11-09 09:30:13.120,5.001,2000
2020-11-09 09:30:13.160,5.001,1000
2020-11-09 09:30:13.400,5.006,2000
2020-11-09 09:30:13.940,5.006,1500
2020-11-09 09:30:13.940,5.001,134300
2020-11-09 09:30:14.340,5.003,500
2020-11-09 09:30:14.740,5.002,3000
2020-11-09 09:30:14.880,5.002,11200
2020-11-09 09:30:15.040,5.002,300
2020-11-09 09:30:15.210,5.002,1000
2020-11-09 09:30:15.270,5.003,200
2020-11-09 09:30:15.270,5.006,500
2020-11-09 09:30:15.270,5.002,100
2020-11-09 09:30:15.410,5.002,2000
2020-11-09 09:30:15.480,5.002,5000
2020-11-09 09:30:15.910,5.002,500
2020-11-09 09:30:15.910,5.002,2000
2020-11-09 09:30:15.910,5.002,2000
2020-11-09 09:30:15.980,5.002,100
2020-11-09 09:30:16.150,5.003,1000
2020-11-09 09:30:16.150,5.003,4000
2020-11-09 09:30:16.470,5.002,2000
2020-11-09 09:30:16.900,5.002,100
2020-11-09 09:30:16.900,5.002,300
2020-11-09 09:30:17.310,5.002,10000
2020-11-09 09:30:17.370,5.003,6000
2020-11-09 09:30:17.370,5.003,7300
2020-11-09 09:30:17.370,5.003,600
2020-11-09 09:30:17.370,5.005,4900
2020-11-09 09:30:17.370,5.005,17500
2020-11-09 09:30:17.370,5.005,500
2020-11-09 09:30:17.370,5.006,11300
2020-11-09 09:30:17.370,5.006,20000
2020-11-09 09:30:17.370,5.006,6000
2020-11-09 09:30:17.370,5.006,25900
2020-11-09 09:30:17.440,5.002,100000
2020-11-09 09:30:17.580,5.002,10000
2020-11-09 09:30:17.760,5.002,7200
2020-11-09 09:30:17.760,5.0,4800
2020-11-09 09:30:17.890,5.006,25000
2020-11-09 09:30:18.000,5.0,4600
2020-11-09 09:30:18.000,5.0,1000
2020-11-09 09:30:18.000,4.998,9400
2020-11-09 09:30:18.400,4.998,38200
2020-11-09 09:30:18.440,4.999,8300
2020-11-09 09:30:18.440,5.001,200
2020-11-09 09:30:18.440,5.002,11800
2020-11-09 09:30:18.440,5.005,600
2020-11-09 09:30:18.440,5.005,100
2020-11-09 09:30:18.440,5.006,18100
2020-11-09 09:30:18.780,4.998,5000
2020-11-09 09:30:19.040,4.999,5000
2020-11-09 09:30:19.430,5.003,1200
2020-11-09 09:30:19.500,5.003,900
2020-11-09 09:30:19.500,5.003,100
2020-11-09 09:30:19.570,5.005,2000
2020-11-09 09:30:19.570,5.005,100
2020-11-09 09:30:19.570,5.006,17900
2020-11-09 09:30:19.570,5.003,5200
2020-11-09 09:30:19.700,5.0,300
2020-11-09 09:30:19.700,5.003,9800
2020-11-09 09:30:19.700,5.006,8700
2020-11-09 09:30:19.800,4.998,4800
2020-11-09 09:30:19.900,4.998,10000
2020-11-09 09:30:20.000,4.998,5000
2020-11-09 09:30:20.160,4.998,300
2020-11-09 09:30:20.230,4.998,10000
2020-11-09 09:30:20.390,4.998,1100
2020-11-09 09:30:21.190,4.997,1000
2020-11-09 09:30:21.220,4.997,600
2020-11-09 09:30:21.400,4.997,38400
2020-11-09 09:30:21.400,4.993,15000
2020-11-09 09:30:21.470,4.996,100
2020-11-09 09:30:21.620,5.0,400
2020-11-09 09:30:21.620,5.0,19200
2020-11-09 09:30:21.910,4.999,1000
2020-11-09 09:30:21.910,4.999,1000
2020-11-09 09:30:21.910,5.0,100
2020-11-09 09:30:22.420,4.999,2000
2020-11-09 09:30:22.420,4.999,8000
2020-11-09 09:30:22.420,5.0,100
2020-11-09 09:30:22.480,5.0,15000
2020-11-09 09:30:22.550,5.0,500
2020-11-09 09:30:22.670,5.0,100000
2020-11-09 09:30:22.940,4.997,1000
2020-11-09 09:30:22.940,4.997,600
2020-11-09 09:30:22.940,4.997,2400
2020-11-09 09:30:23.010,4.997,500
2020-11-09 09:30:23.070,4.998,1500
2020-11-09 09:30:23.070,4.999,500
2020-11-09 09:30:23.130,4.997,3000
2020-11-09 09:30:23.290,4.997,500
2020-11-09 09:30:23.390,5.0,118200
2020-11-09 09:30:23.490,4.997,300
2020-11-09 09:30:23.740,4.997,1000
2020-11-09 09:30:23.740,4.998,400
2020-11-09 09:30:24.030,4.998,2600
2020-11-09 09:30:24.030,4.998,100
2020-11-09 09:30:24.030,5.0,297300
2020-11-09 09:30:24.100,5.0,5000
2020-11-09 09:30:24.100,4.997,1000
2020-11-09 09:30:24.380,5.0,300000
2020-11-09 09:30:24.380,5.0,144200
2020-11-09 09:30:24.380,5.0,10000
2020-11-09 09:30:24.380,5.0,6000
2020-11-09 09:30:24.380,5.0,500
2020-11-09 09:30:24.380,5.0,300
2020-11-09 09:30:24.380,5.0,30000
2020-11-09 09:30:24.380,5.0,3000
2020-11-09 09:30:24.510,5.001,10000
2020-11-09 09:30:24.510,5.001,200
2020-11-09 09:30:24.510,5.001,2000
2020-11-09 09:30:24.510,5.001,3800
2020-11-09 09:30:24.510,5.002,10000
2020-11-09 09:30:24.510,5.002,2000
2020-11-09 09:30:24.510,5.002,5000
2020-11-09 09:30:24.510,5.002,500
2020-11-09 09:30:24.510,5.002,1000
2020-11-09 09:30:24.510,5.002,2300
2020-11-09 09:30:24.510,5.002,10000
2020-11-09 09:30:24.510,5.002,1000
2020-11-09 09:30:24.600,5.002,1000
2020-11-09 09:30:24.630,5.002,900
2020-11-09 09:30:24.630,5.002,300
2020-11-09 09:30:24.630,5.001,700
2020-11-09 09:30:24.630,5.003,2100
2020-11-09 09:30:24.730,5.002,800
2020-11-09 09:30:24.730,5.001,2200
2020-11-09 09:30:24.860,5.001,900
2020-11-09 09:30:24.860,5.001,500
2020-11-09 09:30:24.890,5.003,2900
2020-11-09 09:30:24.890,5.003,5700
2020-11-09 09:30:25.230,5.001,5000
2020-11-09 09:30:25.350,5.001,100
2020-11-09 09:30:25.410,5.001,1000
2020-11-09 09:30:25.440,5.001,101200
2020-11-09 09:30:25.720,5.001,200
2020-11-09 09:30:25.720,5.001,200
2020-11-09 09:30:25.810,5.001,1100
2020-11-09 09:30:25.810,5.001,6000
2020-11-09 09:30:25.880,5.001,3000
2020-11-09 09:30:26.020,5.002,1000
2020-11-09 09:30:26.020,5.002,3100
2020-11-09 09:30:26.020,5.003,4300
2020-11-09 09:30:26.020,5.003,500
2020-11-09 09:30:26.020,5.003,1000
2020-11-09 09:30:26.020,5.003,5000
2020-11-09 09:30:26.020,5.003,1000
2020-11-09 09:30:26.020,5.003,1000
2020-11-09 09:30:26.020,5.003,1500
2020-11-09 09:30:26.020,5.003,1000
2020-11-09 09:30:26.020,5.003,600
2020-11-09 09:30:26.080,5.003,100
2020-11-09 09:30:26.240,5.001,6000
2020-11-09 09:30:26.370,5.001,2000
2020-11-09 09:30:26.430,5.001,3900
2020-11-09 09:30:26.660,5.001,1000
2020-11-09 09:30:26.660,5.001,100
2020-11-09 09:30:26.680,5.001,9900
2020-11-09 09:30:26.830,5.001,40000
2020-11-09 09:30:26.830,5.001,300
2020-11-09 09:30:27.020,5.001,5000
2020-11-09 09:30:27.140,5.002,13200
2020-11-09 09:30:27.450,5.002,12100
2020-11-09 09:30:27.450,5.003,4300
2020-11-09 09:30:27.450,5.003,20000
2020-11-09 09:30:27.450,5.003,200
2020-11-09 09:30:27.450,5.003,36200
2020-11-09 09:30:27.450,5.003,10000
2020-11-09 09:30:27.450,5.004,500
2020-11-09 09:30:27.450,5.004,1100
2020-11-09 09:30:27.480,5.004,1000
2020-11-09 09:30:27.610,5.004,1300
2020-11-09 09:30:27.610,5.004,1100
2020-11-09 09:30:27.630,5.004,13900
2020-11-09 09:30:27.700,5.004,2000
2020-11-09 09:30:28.320,5.004,400
2020-11-09 09:30:28.320,5.004,4100
2020-11-09 09:30:28.320,5.004,100
2020-11-09 09:30:28.380,5.004,1000
2020-11-09 09:30:28.720,5.004,400
2020-11-09 09:30:28.720,5.004,1100
2020-11-09 09:30:28.720,5.004,100
2020-11-09 09:30:28.920,5.003,300
2020-11-09 09:30:29.040,5.004,300
2020-11-09 09:30:29.040,5.005,700
2020-11-09 09:30:29.140,5.003,1000
2020-11-09 09:30:29.200,5.003,3700
2020-11-09 09:30:29.200,5.002,400
2020-11-09 09:30:29.200,5.001,7700
2020-11-09 09:30:29.330,5.002,2200
2020-11-09 09:30:29.390,5.002,29500
2020-11-09 09:30:29.550,5.005,21200
2020-11-09 09:30:29.640,5.003,600
2020-11-09 09:30:29.700,5.003,10000
2020-11-09 09:30:29.890,5.003,1000
2020-11-09 09:30:30.140,5.003,2000
2020-11-09 09:30:30.160,5.003,200
2020-11-09 09:30:30.200,5.005,1000
2020-11-09 09:30:30.410,5.003,10000
2020-11-09 09:30:30.410,5.003,3600
2020-11-09 09:30:30.490,5.003,10000
2020-11-09 09:30:30.580,5.003,2800
2020-11-09 09:30:30.640,5.003,8000
2020-11-09 09:30:30.770,5.005,40000
2020-11-09 09:30:31.270,5.003,1000
2020-11-09 09:30:31.270,5.004,1000
2020-11-09 09:30:31.270,5.005,17100
2020-11-09 09:30:31.270,5.005,3000
2020-11-09 09:30:31.270,5.005,1000
2020-11-09 09:30:31.270,5.005,200
2020-11-09 09:30:31.270,5.005,2000
2020-11-09 09:30:31.270,5.005,5000
2020-11-09 09:30:31.270,5.005,2700
2020-11-09 09:30:31.270,5.005,2000
2020-11-09 09:30:31.270,5.005,500
2020-11-09 09:30:31.270,5.005,1000
2020-11-09 09:30:31.270,5.005,3000
2020-11-09 09:30:31.270,5.005,4000
2020-11-09 09:30:31.270,5.005,900
2020-11-09 09:30:31.270,5.005,3000
2020-11-09 09:30:31.270,5.005,70000
2020-11-09 09:30:31.270,5.005,3000
2020-11-09 09:30:31.270,5.005,132400
2020-11-09 09:30:31.360,5.005,182600
2020-11-09 09:30:31.610,5.005,19200
2020-11-09 09:30:31.730,5.005,2000
2020-11-09 09:30:31.800,5.005,15000
2020-11-09 09:30:32.000,5.005,36200
2020-11-09 09:30:32.110,5.005,1000
2020-11-09 09:30:32.140,5.005,500
2020-11-09 09:30:32.170,5.005,400
2020-11-09 09:30:32.620,5.005,10000
2020-11-09 09:30:33.100,5.005,200
2020-11-09 09:30:33.130,5.006,600
2020-11-09 09:30:33.250,5.005,5000
2020-11-09 09:30:33.340,5.005,500
2020-11-09 09:30:33.400,5.005,1500
2020-11-09 09:30:33.400,5.003,1900
2020-11-09 09:30:33.400,5.002,11600
2020-11-09 09:30:33.470,5.006,9400
2020-11-09 09:30:33.470,5.006,1000
2020-11-09 09:30:33.470,5.006,54600
2020-11-09 09:30:33.470,5.006,2000
2020-11-09 09:30:33.470,5.006,100
2020-11-09 09:30:33.470,5.006,2000
2020-11-09 09:30:33.470,5.006,30000
2020-11-09 09:30:33.470,5.007,500
2020-11-09 09:30:33.470,5.007,1000
2020-11-09 09:30:33.470,5.007,17600
2020-11-09 09:30:33.530,5.005,100
2020-11-09 09:30:33.560,5.007,2400
2020-11-09 09:30:33.560,5.007,10000
2020-11-09 09:30:33.560,5.007,500
2020-11-09 09:30:33.560,5.007,900
2020-11-09 09:30:34.070,5.007,1500
2020-11-09 09:30:34.270,5.007,1000
2020-11-09 09:30:34.560,5.007,500
2020-11-09 09:30:34.620,5.007,200
2020-11-09 09:30:34.840,5.007,30000
2020-11-09 09:30:34.990,5.007,50000
2020-11-09 09:30:35.680,5.007,10000
2020-11-09 09:30:35.680,5.007,10000
2020-11-09 09:30:35.730,5.007,183000
2020-11-09 09:30:35.730,5.006,27900
2020-11-09 09:30:35.730,5.006,1700
2020-11-09 09:30:35.730,5.005,2900
2020-11-09 09:30:35.730,5.005,16900
2020-11-09 09:30:35.730,5.005,6400
2020-11-09 09:30:35.730,5.005,11000
2020-11-09 09:30:35.730,5.004,12900
2020-11-09 09:30:35.730,5.004,5900
2020-11-09 09:30:35.730,5.004,2800
2020-11-09 09:30:36.020,5.004,15500
2020-11-09 09:30:36.020,5.004,200
2020-11-09 09:30:36.080,5.006,7700
2020-11-09 09:30:36.080,5.006,10000
2020-11-09 09:30:36.080,5.006,500
2020-11-09 09:30:36.150,5.006,142300
2020-11-09 09:30:36.750,5.006,10000
2020-11-09 09:30:36.780,5.006,600
2020-11-09 09:30:36.930,5.006,100
2020-11-09 09:30:37.000,5.007,12200
2020-11-09 09:30:37.000,5.008,10000
2020-11-09 09:30:37.000,5.008,52100
2020-11-09 09:30:37.000,5.006,5000
2020-11-09 09:30:37.690,5.006,1000
2020-11-09 09:30:37.840,5.006,2000
2020-11-09 09:30:38.220,5.007,1000
2020-11-09 09:30:38.220,5.007,300
2020-11-09 09:30:38.310,5.007,1600
2020-11-09 09:30:38.310,5.006,1400
2020-11-09 09:30:38.460,5.006,1000
2020-11-09 09:30:38.800,5.006,500
2020-11-09 09:30:38.860,5.006,7000
2020-11-09 09:30:39.200,5.006,50000
2020-11-09 09:30:39.200,5.006,1100
2020-11-09 09:30:39.520,5.007,1500
2020-11-09 09:30:39.520,5.008,500
2020-11-09 09:30:39.520,5.009,2100
2020-11-09 09:30:39.520,5.009,2000
2020-11-09 09:30:39.520,5.009,3900
2020-11-09 09:30:39.900,5.006,6400
2020-11-09 09:30:40.080,5.006,100
2020-11-09 09:30:40.110,5.006,400
2020-11-09 09:30:40.270,5.006,3000
2020-11-09 09:30:40.350,5.007,100
2020-11-09 09:30:40.350,5.008,500
2020-11-09 09:30:40.350,5.009,9400
2020-11-09 09:30:40.370,5.008,2000
2020-11-09 09:30:40.600,5.008,100
2020-11-09 09:30:40.690,5.008,76300
2020-11-09 09:30:40.820,5.007,36800
2020-11-09 09:30:40.850,5.007,5000
2020-11-09 09:30:41.180,5.007,4900
2020-11-09 09:30:41.180,5.008,292400
2020-11-09 09:30:41.240,5.007,200
2020-11-09 09:30:41.820,5.006,31600
2020-11-09 09:30:41.820,5.006,1000
2020-11-09 09:30:41.820,5.006,14400
2020-11-09 09:30:41.820,5.005,10000
2020-11-09 09:30:41.820,5.004,60000
2020-11-09 09:30:41.820,5.004,100
2020-11-09 09:30:41.880,5.004,20000
2020-11-09 09:30:42.000,5.004,3000
2020-11-09 09:30:42.130,5.004,139000
2020-11-09 09:30:42.530,5.007,500
2020-11-09 09:30:42.680,5.005,1500
2020-11-09 09:30:42.740,5.005,1500
2020-11-09 09:30:42.840,5.004,1200
2020-11-09 09:30:43.050,5.004,1000
2020-11-09 09:30:43.050,5.005,100
2020-11-09 09:30:43.180,5.005,6900
2020-11-09 09:30:43.180,5.006,100
2020-11-09 09:30:43.180,5.007,700
2020-11-09 09:30:43.180,5.007,1700
2020-11-09 09:30:43.270,5.007,4000
2020-11-09 09:30:43.560,5.005,6900
2020-11-09 09:30:43.640,5.005,14000
2020-11-09 09:30:43.640,5.007,1000
2020-11-09 09:30:43.750,5.006,2000
2020-11-09 09:30:44.110,5.006,100
2020-11-09 09:30:44.230,5.004,500
2020-11-09 09:30:44.300,5.006,100
2020-11-09 09:30:44.360,5.006,22800
2020-11-09 09:30:44.360,5.006,500
2020-11-09 09:30:44.360,5.007,40500
2020-11-09 09:30:44.420,5.004,5000
2020-11-09 09:30:44.640,5.007,9400
2020-11-09 09:30:44.860,5.007,60000
2020-11-09 09:30:44.980,5.006,2000
2020-11-09 09:30:45.280,5.006,1000
2020-11-09 09:30:45.280,5.004,1100
2020-11-09 09:30:46.070,5.005,200
2020-11-09 09:30:46.170,5.005,1000
2020-11-09 09:30:46.390,5.004,800
2020-11-09 09:30:46.390,5.005,200
2020-11-09 09:30:46.420,5.005,8600
2020-11-09 09:30:46.420,5.005,30000
2020-11-09 09:30:46.420,5.006,14500
2020-11-09 09:30:46.420,5.006,5000
2020-11-09 09:30:46.420,5.006,400
2020-11-09 09:30:46.420,5.007,238900
2020-11-09 09:30:46.710,5.006,3100
2020-11-09 09:30:47.630,5.006,4900
2020-11-09 09:30:48.930,5.005,200
2020-11-09 09:30:48.930,5.005,100
2020-11-09 09:30:48.990,5.004,59200
2020-11-09 09:30:48.990,5.004,21400
2020-11-09 09:30:49.520,5.004,6300
2020-11-09 09:30:50.080,5.004,2000
2020-11-09 09:30:51.040,5.004,15000
2020-11-09 09:30:51.110,5.004,10000
2020-11-09 09:30:51.200,5.006,3800
2020-11-09 09:30:51.400,5.004,2000
2020-11-09 09:30:51.460,5.006,1300
2020-11-09 09:30:51.560,5.006,100
2020-11-09 09:30:52.390,5.006,23100
2020-11-09 09:30:52.390,5.006,10000
2020-11-09 09:30:52.390,5.006,500
2020-11-09 09:30:52.390,5.006,25000
2020-11-09 09:30:52.390,5.006,5000
2020-11-09 09:30:52.390,5.006,156100
2020-11-09 09:30:52.390,5.006,5000
2020-11-09 09:30:52.390,5.006,36300
2020-11-09 09:30:52.390,5.007,339000
2020-11-09 09:30:52.420,5.005,20000
2020-11-09 09:30:53.010,5.005,277300
2020-11-09 09:30:53.010,5.004,31000
2020-11-09 09:30:53.010,5.004,20000
2020-11-09 09:30:53.200,5.004,20000
2020-11-09 09:30:53.450,5.004,5000
2020-11-09 09:30:53.670,5.004,216300
2020-11-09 09:30:53.670,5.004,1300
2020-11-09 09:30:53.670,5.004,1000
2020-11-09 09:30:53.670,5.006,900
2020-11-09 09:30:53.850,5.006,5000
2020-11-09 09:30:54.280,5.006,10000
2020-11-09 09:30:54.710,5.005,3400
2020-11-09 09:30:54.710,5.005,1600
2020-11-09 09:30:54.830,5.005,1000
2020-11-09 09:30:54.920,5.006,1200
2020-11-09 09:30:55.140,5.005,300000
2020-11-09 09:30:55.200,5.006,1800
2020-11-09 09:30:55.200,5.006,200
2020-11-09 09:30:55.290,5.005,500
2020-11-09 09:30:55.290,5.006,300
2020-11-09 09:30:55.290,5.006,100
2020-11-09 09:30:55.450,5.006,15600
2020-11-09 09:30:55.450,5.005,400
2020-11-09 09:30:55.720,5.006,200
2020-11-09 09:30:55.720,5.006,24800
2020-11-09 09:30:55.780,5.007,2300
2020-11-09 09:30:56.030,5.006,100
2020-11-09 09:30:56.140,5.007,5000
2020-11-09 09:30:56.140,5.006,161600
2020-11-09 09:30:56.300,5.006,2000
2020-11-09 09:30:56.430,5.006,30000
2020-11-09 09:30:56.530,5.007,198200
2020-11-09 09:30:56.530,5.007,1800
2020-11-09 09:30:56.530,5.007,100
2020-11-09 09:30:56.530,5.007,3100
2020-11-09 09:30:56.530,5.007,20000
2020-11-09 09:30:56.530,5.007,21000
2020-11-09 09:30:56.530,5.007,20000
2020-11-09 09:30:56.530,5.007,1300
2020-11-09 09:30:56.530,5.007,300
2020-11-09 09:30:56.530,5.007,31600
2020-11-09 09:30:56.750,5.007,68400
2020-11-09 09:30:56.750,5.007,20000
2020-11-09 09:30:56.750,5.007,32800
2020-11-09 09:30:56.930,5.005,500
2020-11-09 09:30:56.990,5.007,10400
2020-11-09 09:30:57.170,5.007,19000
2020-11-09 09:30:57.320,5.005,6500
2020-11-09 09:30:57.320,5.005,10000
2020-11-09 09:30:57.470,5.005,100
2020-11-09 09:30:57.590,5.006,100
2020-11-09 09:30:57.870,5.006,5000
2020-11-09 09:30:58.570,5.007,1000
2020-11-09 09:30:58.570,5.007,800
2020-11-09 09:30:59.290,5.005,10000
2020-11-09 09:30:59.770,5.007,1200
2020-11-09 09:30:59.770,5.007,2800
2020-11-09 09:31:00.040,5.007,400
2020-11-09 09:31:00.170,5.005,1200
2020-11-09 09:31:00.420,5.005,1000
2020-11-09 09:31:00.520,5.005,46500
2020-11-09 09:31:00.990,5.006,1000
2020-11-09 09:31:00.990,5.006,300
2020-11-09 09:31:01.270,5.006,3000
2020-11-09 09:31:01.370,5.006,700
2020-11-09 09:31:01.370,5.006,4000
2020-11-09 09:31:01.400,5.007,1000
2020-11-09 09:31:01.400,5.007,1000
2020-11-09 09:31:01.430,5.006,100
2020-11-09 09:31:01.630,5.006,2600
2020-11-09 09:31:01.730,5.006,10000
2020-11-09 09:31:01.800,5.007,14800
2020-11-09 09:31:01.800,5.007,18800
2020-11-09 09:31:01.800,5.007,200
2020-11-09 09:31:01.800,5.007,2000
2020-11-09 09:31:01.800,5.007,400
2020-11-09 09:31:01.800,5.007,9000
2020-11-09 09:31:01.860,5.007,200
2020-11-09 09:31:02.130,5.007,5000
2020-11-09 09:31:02.190,5.007,2000
2020-11-09 09:31:02.260,5.007,400
2020-11-09 09:31:02.510,5.007,500
2020-11-09 09:31:02.630,5.007,5000
2020-11-09 09:31:02.700,5.007,1000
2020-11-09 09:31:02.950,5.007,4000
2020-11-09 09:31:02.980,5.007,10000
2020-11-09 09:31:03.070,5.007,1000
2020-11-09 09:31:03.370,5.007,25000
2020-11-09 09:31:03.400,5.007,4000
2020-11-09 09:31:03.400,5.007,500
2020-11-09 09:31:03.470,5.007,2000
2020-11-09 09:31:03.530,5.007,5000
2020-11-09 09:31:03.530,5.008,100
2020-11-09 09:31:03.530,5.008,1000
2020-11-09 09:31:03.530,5.008,100000
2020-11-09 09:31:03.530,5.008,10000
2020-11-09 09:31:03.530,5.008,500
2020-11-09 09:31:03.530,5.008,1100
2020-11-09 09:31:03.530,5.008,1600
2020-11-09 09:31:03.530,5.008,20000
2020-11-09 09:31:03.530,5.008,300
2020-11-09 09:31:03.530,5.008,2000
2020-11-09 09:31:03.530,5.008,30000
2020-11-09 09:31:03.530,5.008,76500
2020-11-09 09:31:03.530,5.008,35400
2020-11-09 09:31:03.530,5.008,5000
2020-11-09 09:31:03.530,5.008,50000
2020-11-09 09:31:03.530,5.008,12000
2020-11-09 09:31:03.530,5.008,100
2020-11-09 09:31:03.530,5.008,10500
2020-11-09 09:31:03.530,5.008,200
2020-11-09 09:31:03.530,5.008,100
2020-11-09 09:31:03.530,5.008,26400
2020-11-09 09:31:03.530,5.008,300
2020-11-09 09:31:03.530,5.008,1000
2020-11-09 09:31:03.530,5.008,51000
2020-11-09 09:31:03.950,5.008,10000
2020-11-09 09:31:04.050,5.008,4200
2020-11-09 09:31:04.290,5.008,1000
2020-11-09 09:31:04.290,5.008,56200
2020-11-09 09:31:04.350,5.008,1700
2020-11-09 09:31:04.500,5.008,3900
2020-11-09 09:31:05.050,5.008,500
2020-11-09 09:31:05.050,5.009,5500
2020-11-09 09:31:05.050,5.009,300
2020-11-09 09:31:05.050,5.009,3100
2020-11-09 09:31:05.150,5.007,10000
2020-11-09 09:31:05.180,5.007,1000
2020-11-09 09:31:05.330,5.007,500
2020-11-09 09:31:05.730,5.007,4000
2020-11-09 09:31:05.840,5.007,5000
2020-11-09 09:31:05.990,5.007,300
2020-11-09 09:31:06.260,5.007,10000
2020-11-09 09:31:06.510,5.008,900
2020-11-09 09:31:06.510,5.008,1800
2020-11-09 09:31:06.600,5.008,2700
2020-11-09 09:31:06.600,5.008,5000
2020-11-09 09:31:06.760,5.008,2600
2020-11-09 09:31:07.410,5.008,400
2020-11-09 09:31:07.670,5.007,3000
2020-11-09 09:31:07.700,5.009,1900
2020-11-09 09:31:07.700,5.009,3100
2020-11-09 09:31:07.890,5.007,400
2020-11-09 09:31:08.040,5.007,3500
2020-11-09 09:31:08.190,5.008,1100
2020-11-09 09:31:08.320,5.008,8900
2020-11-09 09:31:08.320,5.009,12100
2020-11-09 09:31:08.380,5.007,400
2020-11-09 09:31:08.420,5.007,30000
2020-11-09 09:31:08.510,5.008,5000
2020-11-09 09:31:08.730,5.008,100
2020-11-09 09:31:09.130,5.008,400
2020-11-09 09:31:09.490,5.008,3900
2020-11-09 09:31:09.490,5.007,1000
2020-11-09 09:31:09.490,5.007,5000
2020-11-09 09:31:09.650,5.007,5500
2020-11-09 09:31:09.710,5.007,400
2020-11-09 09:31:09.980,5.007,10000
2020-11-09 09:31:10.260,5.008,300
2020-11-09 09:31:10.260,5.007,2800
2020-11-09 09:31:10.590,5.008,1000
2020-11-09 09:31:10.820,5.007,10000
2020-11-09 09:31:10.970,5.007,83800
2020-11-09 09:31:10.970,5.007,6000
2020-11-09 09:31:10.970,5.007,2000
2020-11-09 09:31:10.970,5.007,100000
2020-11-09 09:31:10.970,5.007,1500
2020-11-09 09:31:10.970,5.007,44500
2020-11-09 09:31:11.420,5.007,700
2020-11-09 09:31:11.700,5.008,8700
2020-11-09 09:31:11.700,5.008,1300
2020-11-09 09:31:12.280,5.008,1000
2020-11-09 09:31:13.300,5.008,1500
2020-11-09 09:31:13.810,5.007,2000
2020-11-09 09:31:14.900,5.007,225600
2020-11-09 09:31:14.990,5.008,1200
2020-11-09 09:31:14.990,5.008,700
2020-11-09 09:31:14.990,5.008,500
2020-11-09 09:31:14.990,5.008,100
2020-11-09 09:31:14.990,5.008,1000
2020-11-09 09:31:14.990,5.008,100
2020-11-09 09:31:14.990,5.008,1000
2020-11-09 09:31:14.990,5.008,100
2020-11-09 09:31:14.990,5.008,200
2020-11-09 09:31:14.990,5.008,3200
2020-11-09 09:31:14.990,5.008,1000
2020-11-09 09:31:14.990,5.008,2500
2020-11-09 09:31:14.990,5.008,700
2020-11-09 09:31:14.990,5.008,4000
2020-11-09 09:31:14.990,5.009,65000
2020-11-09 09:31:14.990,5.009,7000
2020-11-09 09:31:14.990,5.009,5000
2020-11-09 09:31:14.990,5.009,5000
2020-11-09 09:31:14.990,5.009,54600
2020-11-09 09:31:14.990,5.009,500
2020-11-09 09:31:14.990,5.009,3000
2020-11-09 09:31:14.990,5.009,21300
2020-11-09 09:31:14.990,5.009,100
2020-11-09 09:31:14.990,5.009,7000
2020-11-09 09:31:14.990,5.009,3000
2020-11-09 09:31:14.990,5.009,9000
2020-11-09 09:31:14.990,5.009,300
2020-11-09 09:31:14.990,5.009,2900
2020-11-09 09:31:14.990,5.009,600
2020-11-09 09:31:15.750,5.008,5000
2020-11-09 09:31:15.750,5.007,1100
2020-11-09 09:31:15.820,5.008,5100
2020-11-09 09:31:15.820,5.009,6400
2020-11-09 09:31:15.820,5.009,100
2020-11-09 09:31:15.820,5.009,5000
2020-11-09 09:31:15.820,5.009,2000
2020-11-09 09:31:15.820,5.009,300
2020-11-09 09:31:15.820,5.009,278500
2020-11-09 09:31:15.820,5.007,1500
2020-11-09 09:31:15.820,5.007,5000
2020-11-09 09:31:16.000,5.008,400
2020-11-09 09:31:16.090,5.007,7200
2020-11-09 09:31:16.340,5.008,2000
2020-11-09 09:31:16.340,5.007,2200
2020-11-09 09:31:16.470,5.008,1500
2020-11-09 09:31:16.590,5.007,900
2020-11-09 09:31:16.620,5.008,4600
2020-11-09 09:31:16.620,5.008,1000
2020-11-09 09:31:16.620,5.008,4500
2020-11-09 09:31:16.620,5.008,4500
2020-11-09 09:31:16.660,5.007,6600
2020-11-09 09:31:16.660,5.007,100
2020-11-09 09:31:16.660,5.007,4000
2020-11-09 09:31:16.660,5.007,10000
2020-11-09 09:31:16.660,5.007,4400
2020-11-09 09:31:16.690,5.007,100
2020-11-09 09:31:16.830,5.008,200
2020-11-09 09:31:16.920,5.007,6300
2020-11-09 09:31:16.920,5.007,500
2020-11-09 09:31:16.980,5.007,200
2020-11-09 09:31:17.010,5.007,16100
2020-11-09 09:31:17.010,5.007,5000
2020-11-09 09:31:17.010,5.007,100
2020-11-09 09:31:17.010,5.007,200
2020-11-09 09:31:17.010,5.007,4400
2020-11-09 09:31:17.010,5.007,1200
2020-11-09 09:31:17.010,5.007,800
2020-11-09 09:31:17.010,5.007,10000
2020-11-09 09:31:17.010,5.007,100
2020-11-09 09:31:17.010,5.007,10000
2020-11-09 09:31:17.070,5.006,3500
2020-11-09 09:31:17.160,5.007,3000
2020-11-09 09:31:17.160,5.007,50400
2020-11-09 09:31:17.290,5.007,2000
2020-11-09 09:31:17.680,5.007,2000
2020-11-09 09:31:17.800,5.007,100
2020-11-09 09:31:18.350,5.007,100
2020-11-09 09:31:18.420,5.006,5200
2020-11-09 09:31:18.500,5.006,200
2020-11-09 09:31:18.690,5.007,13700
2020-11-09 09:31:18.910,5.006,13500
2020-11-09 09:31:18.910,5.006,1900
2020-11-09 09:31:18.910,5.006,100
2020-11-09 09:31:19.060,5.006,1000
2020-11-09 09:31:19.150,5.006,8000
2020-11-09 09:31:19.420,5.006,200
2020-11-09 09:31:19.480,5.006,300
2020-11-09 09:31:19.480,5.007,4700
2020-11-09 09:31:19.750,5.007,118900
2020-11-09 09:31:20.090,5.006,500
2020-11-09 09:31:20.310,5.005,500
2020-11-09 09:31:20.310,5.006,4700
2020-11-09 09:31:20.310,5.007,54600
2020-11-09 09:31:20.790,5.007,2600
2020-11-09 09:31:20.790,5.007,200
2020-11-09 09:31:20.790,5.007,5000
2020-11-09 09:31:20.790,5.007,5000
2020-11-09 09:31:20.790,5.007,2000
2020-11-09 09:31:20.790,5.007,1200
2020-11-09 09:31:20.790,5.007,400
2020-11-09 09:31:20.790,5.007,8000
2020-11-09 09:31:20.790,5.007,33600
2020-11-09 09:31:20.790,5.008,82100
2020-11-09 09:31:22.040,5.007,1000
2020-11-09 09:31:22.040,5.007,7900
2020-11-09 09:31:22.290,5.007,900
2020-11-09 09:31:22.660,5.007,900
2020-11-09 09:31:22.970,5.008,6000
2020-11-09 09:31:23.180,5.007,10000
2020-11-09 09:31:23.330,5.007,2900
2020-11-09 09:31:23.520,5.008,4400
2020-11-09 09:31:23.720,5.007,3000
2020-11-09 09:31:23.750,5.008,50000
2020-11-09 09:31:23.970,5.007,2000
2020-11-09 09:31:24.210,5.008,20000
2020-11-09 09:31:24.390,5.008,1000
2020-11-09 09:31:24.490,5.007,1200
2020-11-09 09:31:24.740,5.007,2900
2020-11-09 09:31:24.860,5.007,900
2020-11-09 09:31:24.860,5.007,100
2020-11-09 09:31:24.860,5.007,300
2020-11-09 09:31:25.040,5.007,30000
2020-11-09 09:31:25.130,5.007,9900
2020-11-09 09:31:25.130,5.007,15000
2020-11-09 09:31:25.350,5.008,100
2020-11-09 09:31:25.470,5.007,10000
2020-11-09 09:31:25.470,5.007,300
2020-11-09 09:31:26.020,5.007,10000
2020-11-09 09:31:26.080,5.007,1000
2020-11-09 09:31:26.280,5.007,1000
2020-11-09 09:31:26.350,5.007,15000
2020-11-09 09:31:26.470,5.007,3000
2020-11-09 09:31:26.470,5.007,2000
2020-11-09 09:31:26.600,5.007,100
2020-11-09 09:31:26.630,5.007,10000
2020-11-09 09:31:26.660,5.007,2000
2020-11-09 09:31:26.850,5.007,7600
2020-11-09 09:31:26.970,5.007,7000
2020-11-09 09:31:27.160,5.007,200
2020-11-09 09:31:27.260,5.007,1000
2020-11-09 09:31:27.600,5.007,1000
2020-11-09 09:31:27.600,5.007,3000
2020-11-09 09:31:28.020,5.007,25000
2020-11-09 09:31:28.040,5.008,9400
2020-11-09 09:31:28.040,5.008,4500
2020-11-09 09:31:28.110,5.008,16000
2020-11-09 09:31:28.170,5.007,142900
2020-11-09 09:31:28.170,5.007,10000
2020-11-09 09:31:28.170,5.007,1000
2020-11-09 09:31:28.170,5.007,200
2020-11-09 09:31:28.170,5.007,300
2020-11-09 09:31:28.560,5.005,6000
2020-11-09 09:31:28.720,5.005,200
2020-11-09 09:31:29.510,5.007,1600
2020-11-09 09:31:29.720,5.007,297400
2020-11-09 09:31:30.010,5.004,2800
2020-11-09 09:31:30.630,5.004,2000
2020-11-09 09:31:30.630,5.004,2000
2020-11-09 09:31:31.120,5.007,87300
2020-11-09 09:31:31.440,5.007,100
2020-11-09 09:31:32.310,5.005,100
2020-11-09 09:31:32.760,5.005,5900
2020-11-09 09:31:32.760,5.006,500
2020-11-09 09:31:32.760,5.007,6400
2020-11-09 09:31:33.330,5.007,10000
2020-11-09 09:31:34.210,5.006,500
2020-11-09 09:31:34.270,5.006,2000
2020-11-09 09:31:34.830,5.007,3900
2020-11-09 09:31:34.910,5.007,1200
2020-11-09 09:31:34.940,5.007,297300
2020-11-09 09:31:35.370,5.006,1500
2020-11-09 09:31:35.460,5.006,5000
2020-11-09 09:31:35.710,5.006,100
2020-11-09 09:31:35.770,5.007,1000
2020-11-09 09:31:36.030,5.006,500
2020-11-09 09:31:36.030,5.006,10400
2020-11-09 09:31:36.090,5.006,100
2020-11-09 09:31:36.370,5.006,300
2020-11-09 09:31:36.800,5.005,2000
2020-11-09 09:31:37.050,5.005,100
2020-11-09 09:31:37.420,5.004,11500
2020-11-09 09:31:37.490,5.005,900
2020-11-09 09:31:37.490,5.005,500
2020-11-09 09:31:37.490,5.006,4600
2020-11-09 09:31:37.640,5.006,2000
2020-11-09 09:31:37.880,5.005,2000
2020-11-09 09:31:37.960,5.005,200
2020-11-09 09:31:37.960,5.006,300
2020-11-09 09:31:37.960,5.006,8600
2020-11-09 09:31:38.080,5.004,13000
2020-11-09 09:31:38.680,5.004,500
2020-11-09 09:31:39.210,5.006,1100
2020-11-09 09:31:39.600,5.004,10200
2020-11-09 09:31:39.810,5.005,100
2020-11-09 09:31:40.210,5.004,2000
2020-11-09 09:31:40.360,5.005,100
2020-11-09 09:31:40.480,5.005,1100
2020-11-09 09:31:40.690,5.005,700
2020-11-09 09:31:40.690,5.006,2600
2020-11-09 09:31:40.690,5.006,9700
2020-11-09 09:31:40.690,5.006,3800
2020-11-09 09:31:40.690,5.006,5000
2020-11-09 09:31:40.690,5.006,2000
2020-11-09 09:31:40.690,5.006,200
2020-11-09 09:31:40.690,5.006,1600
2020-11-09 09:31:40.930,5.005,2000
2020-11-09 09:31:41.080,5.004,56000
2020-11-09 09:31:41.080,5.004,1000
2020-11-09 09:31:41.080,5.004,2000
2020-11-09 09:31:41.200,5.003,1000
2020-11-09 09:31:41.200,5.003,60000
2020-11-09 09:31:41.380,5.003,25000
2020-11-09 09:31:41.380,5.004,15000
2020-11-09 09:31:41.380,5.004,45000
2020-11-09 09:31:41.500,5.004,500
2020-11-09 09:31:41.560,5.002,20000
2020-11-09 09:31:41.560,5.002,10000
2020-11-09 09:31:42.610,5.003,3800
2020-11-09 09:31:42.980,5.004,900
2020-11-09 09:31:43.080,5.003,600
2020-11-09 09:31:43.150,5.003,200
2020-11-09 09:31:43.420,5.004,10000
2020-11-09 09:31:44.090,5.004,53100
2020-11-09 09:31:44.310,5.004,1200
2020-11-09 09:31:44.910,5.004,12000
2020-11-09 09:31:45.030,5.004,100
2020-11-09 09:31:45.400,5.004,103200
2020-11-09 09:31:45.400,5.004,1300
2020-11-09 09:31:45.400,5.004,1100
2020-11-09 09:31:45.400,5.005,10000
2020-11-09 09:31:45.400,5.005,30000
2020-11-09 09:31:45.400,5.005,5300
2020-11-09 09:31:45.400,5.005,500
2020-11-09 09:31:45.400,5.005,2000
2020-11-09 09:31:45.400,5.005,1000
2020-11-09 09:31:45.400,5.005,6300
2020-11-09 09:31:45.400,5.005,3900
2020-11-09 09:31:45.400,5.006,53800
2020-11-09 09:31:46.190,5.004,500
2020-11-09 09:31:46.500,5.002,1000
2020-11-09 09:31:46.560,5.002,5000
2020-11-09 09:31:46.850,5.002,5300
2020-11-09 09:31:47.140,5.002,1300
2020-11-09 09:31:47.170,5.003,10000
2020-11-09 09:31:47.170,5.002,27400
2020-11-09 09:31:47.170,5.002,60000
2020-11-09 09:31:47.170,5.001,300
2020-11-09 09:31:47.170,5.001,5900
2020-11-09 09:31:47.170,5.001,5000
2020-11-09 09:31:47.170,5.001,1000
2020-11-09 09:31:47.170,5.001,6000
2020-11-09 09:31:47.170,5.001,5000
2020-11-09 09:31:47.170,5.001,5000
2020-11-09 09:31:47.170,5.0,500
2020-11-09 09:31:47.170,5.0,4000
2020-11-09 09:31:47.170,5.0,28000
2020-11-09 09:31:47.170,5.0,8800
2020-11-09 09:31:47.170,5.0,2400
2020-11-09 09:31:47.170,5.0,200
2020-11-09 09:31:47.170,5.0,40500
2020-11-09 09:31:47.320,5.0,3000
2020-11-09 09:31:48.040,5.001,7100
2020-11-09 09:31:48.040,5.001,1700
2020-11-09 09:31:48.290,5.002,10000
2020-11-09 09:31:48.420,5.003,27600
2020-11-09 09:31:48.420,5.003,38300
2020-11-09 09:31:48.420,5.004,9500
2020-11-09 09:31:48.420,5.004,4600
2020-11-09 09:31:49.450,5.002,200
2020-11-09 09:31:49.630,5.0,5000
2020-11-09 09:31:49.810,5.0,1500
2020-11-09 09:31:49.810,5.0,3500
2020-11-09 09:31:50.440,5.002,1800
2020-11-09 09:31:50.440,5.003,100
2020-11-09 09:31:50.440,5.003,4100
2020-11-09 09:31:50.830,5.003,100
2020-11-09 09:31:50.830,5.001,5000
2020-11-09 09:31:50.930,5.001,5000
2020-11-09 09:31:51.650,5.002,100
2020-11-09 09:31:52.570,5.002,200
2020-11-09 09:31:52.700,5.002,700
2020-11-09 09:31:52.700,5.002,600
2020-11-09 09:31:53.540,5.001,1000
2020-11-09 09:31:53.870,5.002,4400
2020-11-09 09:31:53.870,5.002,1000
2020-11-09 09:31:53.870,5.002,500
2020-11-09 09:31:53.870,5.002,4100
2020-11-09 09:31:54.780,5.002,900
2020-11-09 09:31:54.780,5.002,100
2020-11-09 09:31:54.780,5.002,20000
2020-11-09 09:31:54.780,5.002,1000
2020-11-09 09:31:54.780,5.002,3000
2020-11-09 09:31:54.780,5.002,1000
2020-11-09 09:31:54.780,5.002,4000
2020-11-09 09:31:54.780,5.003,800
2020-11-09 09:31:54.780,5.003,10000
2020-11-09 09:31:54.780,5.003,1000
2020-11-09 09:31:54.780,5.003,10000
2020-11-09 09:31:54.780,5.003,500
2020-11-09 09:31:54.780,5.003,200
2020-11-09 09:31:54.780,5.003,9000
2020-11-09 09:31:54.780,5.003,800
2020-11-09 09:31:54.780,5.004,25400
2020-11-09 09:31:54.780,5.004,5000
2020-11-09 09:31:54.780,5.004,5500
2020-11-09 09:31:54.780,5.004,10000
2020-11-09 09:31:54.780,5.004,9900
2020-11-09 09:31:54.780,5.004,100
2020-11-09 09:31:55.400,5.001,5000
2020-11-09 09:31:55.400,5.002,200
2020-11-09 09:31:55.740,5.001,500
2020-11-09 09:31:55.800,5.001,1000
2020-11-09 09:31:56.070,5.001,23500
2020-11-09 09:31:56.070,5.001,60000
2020-11-09 09:31:56.430,5.0,1000
2020-11-09 09:31:56.430,5.001,5000
2020-11-09 09:31:56.650,5.0,3000
2020-11-09 09:31:56.890,5.0,100
2020-11-09 09:31:57.040,5.0,2000
2020-11-09 09:31:57.040,5.001,60000
2020-11-09 09:31:57.070,5.0,400
2020-11-09 09:31:57.070,5.0,600
2020-11-09 09:31:57.070,5.0,14000
2020-11-09 09:31:57.620,5.0,6000
2020-11-09 09:31:57.620,5.0,300
2020-11-09 09:31:57.620,5.0,493700
2020-11-09 09:31:58.260,5.0,47400
2020-11-09 09:31:58.580,5.001,2000
2020-11-09 09:31:58.580,5.0,3500
2020-11-09 09:31:58.690,5.0,4400
2020-11-09 09:31:58.860,5.0,10000
2020-11-09 09:31:59.010,5.001,1000
2020-11-09 09:31:59.140,5.001,8000
2020-11-09 09:31:59.350,5.0,200
2020-11-09 09:31:59.350,5.0,3400
2020-11-09 09:31:59.500,5.0,20000
2020-11-09 09:31:59.540,5.001,40500
2020-11-09 09:31:59.540,5.001,2000
2020-11-09 09:31:59.540,5.001,1900
2020-11-09 09:31:59.540,5.001,5000
2020-11-09 09:31:59.540,5.001,10000
2020-11-09 09:31:59.540,5.001,6000
2020-11-09 09:31:59.540,5.001,500
2020-11-09 09:31:59.540,5.001,25200
2020-11-09 09:31:59.540,5.001,500
2020-11-09 09:31:59.540,5.001,2000
2020-11-09 09:31:59.730,5.001,1800
2020-11-09 09:31:59.880,5.001,40000
2020-11-09 09:31:59.970,5.001,5000
2020-11-09 09:31:59.970,5.002,200
2020-11-09 09:32:00.040,5.001,100
2020-11-09 09:32:00.170,5.002,2000
2020-11-09 09:32:00.730,5.0,3000
2020-11-09 09:32:00.730,5.002,100
2020-11-09 09:32:00.800,5.0,1200
2020-11-09 09:32:00.980,5.0,10000
2020-11-09 09:32:01.040,5.0,500
2020-11-09 09:32:01.040,5.0,300
2020-11-09 09:32:01.040,5.0,100000
2020-11-09 09:32:01.240,5.0,3000
2020-11-09 09:32:01.330,5.0,2000
2020-11-09 09:32:01.370,5.001,600
2020-11-09 09:32:01.430,5.001,400
2020-11-09 09:32:01.430,5.001,2000
2020-11-09 09:32:01.430,5.001,5000
2020-11-09 09:32:01.430,5.002,100
2020-11-09 09:32:01.430,5.002,500
2020-11-09 09:32:01.620,5.0,5000
2020-11-09 09:32:01.930,5.001,1000
2020-11-09 09:32:02.080,5.001,100
2020-11-09 09:32:02.310,5.002,200
2020-11-09 09:32:02.310,5.002,700
2020-11-09 09:32:02.630,5.002,18600
2020-11-09 09:32:02.630,5.002,1000
2020-11-09 09:32:02.630,5.002,2000
2020-11-09 09:32:02.630,5.002,1000
2020-11-09 09:32:02.630,5.002,5000
2020-11-09 09:32:02.630,5.002,1000
2020-11-09 09:32:02.630,5.002,500
2020-11-09 09:32:02.630,5.002,7500
2020-11-09 09:32:02.630,5.002,100
2020-11-09 09:32:02.630,5.002,57600
2020-11-09 09:32:02.630,5.002,7300
2020-11-09 09:32:02.630,5.002,500
2020-11-09 09:32:02.630,5.002,195300
2020-11-09 09:32:02.790,5.002,300
2020-11-09 09:32:03.170,5.002,400
2020-11-09 09:32:03.260,5.001,3200
2020-11-09 09:32:03.260,5.001,500
2020-11-09 09:32:03.800,5.001,500
2020-11-09 09:32:04.020,5.002,128700
2020-11-09 09:32:04.020,5.002,1400
2020-11-09 09:32:04.020,5.002,1000
2020-11-09 09:32:04.020,5.002,500
2020-11-09 09:32:04.020,5.002,2000
2020-11-09 09:32:04.020,5.002,2100
2020-11-09 09:32:04.510,5.003,200
2020-11-09 09:32:04.510,5.003,800
2020-11-09 09:32:04.760,5.002,300
2020-11-09 09:32:04.760,5.001,300
2020-11-09 09:32:05.440,5.001,2200
2020-11-09 09:32:06.140,5.002,3000
2020-11-09 09:32:06.360,5.002,3100
2020-11-09 09:32:06.390,5.002,1200
2020-11-09 09:32:06.560,5.002,1300
2020-11-09 09:32:06.660,5.002,2000
2020-11-09 09:32:06.860,5.002,4000
2020-11-09 09:32:06.960,5.002,10000
2020-11-09 09:32:06.960,5.002,3400
2020-11-09 09:32:06.960,5.002,10000
2020-11-09 09:32:06.960,5.001,2000
2020-11-09 09:32:06.960,5.001,1500
2020-11-09 09:32:06.960,5.001,3100
2020-11-09 09:32:07.860,5.001,2000
2020-11-09 09:32:07.950,5.002,2000
2020-11-09 09:32:08.260,5.003,100
2020-11-09 09:32:08.640,5.002,1000
2020-11-09 09:32:08.910,5.002,50000
2020-11-09 09:32:09.160,5.002,3000
2020-11-09 09:32:09.200,5.002,4000
2020-11-09 09:32:09.200,5.002,8000
2020-11-09 09:32:09.390,5.002,3700
2020-11-09 09:32:09.620,5.003,4500
2020-11-09 09:32:10.140,5.002,1200
2020-11-09 09:32:10.620,5.002,1000
2020-11-09 09:32:10.700,5.003,2000
2020-11-09 09:32:10.810,5.002,1000
2020-11-09 09:32:11.150,5.002,200
2020-11-09 09:32:11.240,5.002,3900
2020-11-09 09:32:11.240,5.002,10000
2020-11-09 09:32:11.640,5.002,42700
2020-11-09 09:32:11.640,5.002,2500
2020-11-09 09:32:11.640,5.001,297400
2020-11-09 09:32:11.640,5.001,2100
2020-11-09 09:32:11.640,5.001,99900
2020-11-09 09:32:11.730,5.003,700
2020-11-09 09:32:11.850,5.003,31900
2020-11-09 09:32:11.850,5.003,2000
2020-11-09 09:32:11.850,5.003,3000
2020-11-09 09:32:11.850,5.003,1000
2020-11-09 09:32:11.850,5.003,2000
2020-11-09 09:32:11.850,5.003,600
2020-11-09 09:32:11.850,5.003,5000
2020-11-09 09:32:11.850,5.003,1000
2020-11-09 09:32:11.850,5.003,100
2020-11-09 09:32:11.850,5.003,1500
2020-11-09 09:32:11.850,5.003,1400
2020-11-09 09:32:11.850,5.003,600
2020-11-09 09:32:11.880,5.003,8300
2020-11-09 09:32:12.220,5.001,20000
2020-11-09 09:32:12.410,5.001,92500
2020-11-09 09:32:12.700,5.002,400
2020-11-09 09:32:12.880,5.002,100
2020-11-09 09:32:13.020,5.002,20000
2020-11-09 09:32:13.340,5.002,39900
2020-11-09 09:32:13.900,5.002,40100
2020-11-09 09:32:13.900,5.002,1300
2020-11-09 09:32:13.900,5.003,11700
2020-11-09 09:32:13.900,5.003,10000
2020-11-09 09:32:14.110,5.003,4000
2020-11-09 09:32:14.140,5.003,30000
2020-11-09 09:32:14.240,5.004,10000
2020-11-09 09:32:14.390,5.003,3000
2020-11-09 09:32:14.830,5.003,4000
2020-11-09 09:32:15.110,5.003,200
2020-11-09 09:32:15.490,5.003,5700
2020-11-09 09:32:15.490,5.002,300
2020-11-09 09:32:15.490,5.002,15100
2020-11-09 09:32:15.490,5.002,500
2020-11-09 09:32:15.740,5.002,6000
2020-11-09 09:32:16.090,5.002,10000
2020-11-09 09:32:16.250,5.002,4400
2020-11-09 09:32:16.440,5.003,100
2020-11-09 09:32:16.750,5.002,3000
2020-11-09 09:32:17.000,5.002,700
2020-11-09 09:32:17.000,5.002,5000
2020-11-09 09:32:17.000,5.001,100
2020-11-09 09:32:17.130,5.001,25000
2020-11-09 09:32:19.070,5.001,10000
2020-11-09 09:32:19.500,5.001,16600
2020-11-09 09:32:19.500,5.001,2000
2020-11-09 09:32:19.960,5.001,2500
2020-11-09 09:32:19.990,5.001,800
2020-11-09 09:32:20.180,5.001,6700
2020-11-09 09:32:20.180,5.001,700
2020-11-09 09:32:20.180,5.001,2000
2020-11-09 09:32:20.180,5.001,600
2020-11-09 09:32:20.730,5.0,2600
2020-11-09 09:32:20.880,5.0,500
2020-11-09 09:32:20.880,5.0,1000
2020-11-09 09:32:22.080,5.001,1400
2020-11-09 09:32:22.080,5.001,1000
2020-11-09 09:32:22.080,5.001,2200
2020-11-09 09:32:22.240,5.001,300
2020-11-09 09:32:22.360,5.001,100
2020-11-09 09:32:22.360,5.002,4900
2020-11-09 09:32:22.970,5.001,2400
2020-11-09 09:32:23.670,5.0,6000
2020-11-09 09:32:24.370,5.0,10000
2020-11-09 09:32:24.710,5.001,1000
2020-11-09 09:32:25.060,5.0,500
2020-11-09 09:32:25.250,5.0,9400
2020-11-09 09:32:25.250,5.0,300
2020-11-09 09:32:25.280,5.0,300
2020-11-09 09:32:25.370,5.001,500
2020-11-09 09:32:25.490,5.001,2000
2020-11-09 09:32:25.760,5.001,4100
2020-11-09 09:32:25.760,5.001,20000
2020-11-09 09:32:25.760,5.001,20000
2020-11-09 09:32:25.760,5.001,6000
2020-11-09 09:32:25.760,5.001,30900
2020-11-09 09:32:25.760,5.001,131900
2020-11-09 09:32:25.760,5.001,102100
2020-11-09 09:32:25.940,5.001,9800
2020-11-09 09:32:26.000,5.001,88100
2020-11-09 09:32:26.000,5.001,10000
2020-11-09 09:32:26.580,5.002,5100
2020-11-09 09:32:26.580,5.002,2000
2020-11-09 09:32:26.580,5.002,10100
2020-11-09 09:32:26.580,5.002,1000
2020-11-09 09:32:26.580,5.002,20000
2020-11-09 09:32:26.580,5.002,4100
2020-11-09 09:32:26.580,5.002,1000
2020-11-09 09:32:26.580,5.002,2000
2020-11-09 09:32:26.580,5.002,3000
2020-11-09 09:32:26.580,5.002,20700
2020-11-09 09:32:26.580,5.002,2000
2020-11-09 09:32:26.580,5.002,2500
2020-11-09 09:32:26.860,5.002,1000
2020-11-09 09:32:26.940,5.003,19900
2020-11-09 09:32:26.940,5.003,20400
2020-11-09 09:32:26.940,5.003,10000
2020-11-09 09:32:26.940,5.003,200
2020-11-09 09:32:26.940,5.003,2500
2020-11-09 09:32:26.940,5.003,129700
2020-11-09 09:32:26.940,5.003,500
2020-11-09 09:32:26.940,5.003,3000
2020-11-09 09:32:26.940,5.003,10000
2020-11-09 09:32:26.940,5.003,50000
2020-11-09 09:32:26.940,5.003,2000
2020-11-09 09:32:26.940,5.003,2000
2020-11-09 09:32:26.940,5.003,20000
2020-11-09 09:32:26.940,5.003,10000
2020-11-09 09:32:26.940,5.003,19800
2020-11-09 09:32:27.000,5.002,2000
2020-11-09 09:32:27.230,5.002,2000
2020-11-09 09:32:27.260,5.002,6000
2020-11-09 09:32:27.330,5.002,5000
2020-11-09 09:32:27.450,5.002,5600
2020-11-09 09:32:28.450,5.003,2600
2020-11-09 09:32:28.900,5.002,4000
2020-11-09 09:32:29.110,5.002,198200
2020-11-09 09:32:29.110,5.002,1800
2020-11-09 09:32:29.300,5.003,7400
2020-11-09 09:32:29.300,5.003,3000
2020-11-09 09:32:29.580,5.003,100
2020-11-09 09:32:29.610,5.003,300
2020-11-09 09:32:29.610,5.003,3600
2020-11-09 09:32:30.080,5.003,4000
2020-11-09 09:32:30.140,5.003,1000
2020-11-09 09:32:30.510,5.003,200
2020-11-09 09:32:30.660,5.003,2000
2020-11-09 09:32:30.790,5.003,1500
2020-11-09 09:32:31.060,5.002,100
2020-11-09 09:32:31.260,5.004,6200
2020-11-09 09:32:31.260,5.004,3000
2020-11-09 09:32:31.260,5.004,20000
2020-11-09 09:32:31.260,5.004,500
2020-11-09 09:32:31.260,5.004,1000
2020-11-09 09:32:31.260,5.004,10000
2020-11-09 09:32:31.260,5.004,3000
2020-11-09 09:32:31.260,5.004,3000
2020-11-09 09:32:31.260,5.004,4000
2020-11-09 09:32:31.260,5.004,20000
2020-11-09 09:32:31.260,5.004,20000
2020-11-09 09:32:31.260,5.004,200
2020-11-09 09:32:31.260,5.004,1000
2020-11-09 09:32:31.260,5.004,6000
2020-11-09 09:32:31.260,5.004,70600
2020-11-09 09:32:31.260,5.004,8100
2020-11-09 09:32:31.260,5.004,7000
2020-11-09 09:32:31.260,5.005,4000
2020-11-09 09:32:31.260,5.005,21500
2020-11-09 09:32:31.260,5.005,10000
2020-11-09 09:32:31.260,5.005,5000
2020-11-09 09:32:31.260,5.005,1000
2020-11-09 09:32:31.260,5.005,16300
2020-11-09 09:32:31.260,5.005,10000
2020-11-09 09:32:31.260,5.005,500
2020-11-09 09:32:31.260,5.005,1000
2020-11-09 09:32:31.260,5.005,3000
2020-11-09 09:32:31.260,5.005,1000
2020-11-09 09:32:31.260,5.005,2500
2020-11-09 09:32:31.260,5.005,2000
2020-11-09 09:32:31.260,5.005,15500
2020-11-09 09:32:31.440,5.002,100
2020-11-09 09:32:31.440,5.002,5000
2020-11-09 09:32:31.600,5.002,100000
2020-11-09 09:32:31.660,5.003,1000
2020-11-09 09:32:32.170,5.002,200
2020-11-09 09:32:32.450,5.002,52000
2020-11-09 09:32:32.670,5.002,6900
2020-11-09 09:32:32.750,5.002,10000
2020-11-09 09:32:32.820,5.002,1000
2020-11-09 09:32:32.820,5.002,5000
2020-11-09 09:32:32.820,5.002,5000
2020-11-09 09:32:32.840,5.002,70000
2020-11-09 09:32:32.990,5.002,400
2020-11-09 09:32:33.300,5.002,2000
2020-11-09 09:32:33.330,5.002,2000
2020-11-09 09:32:33.430,5.003,6000
2020-11-09 09:32:33.860,5.005,300
2020-11-09 09:32:35.260,5.003,500
2020-11-09 09:32:35.450,5.003,13500
2020-11-09 09:32:35.450,5.003,2000
2020-11-09 09:32:35.450,5.002,24500
2020-11-09 09:32:35.780,5.002,200
2020-11-09 09:32:35.900,5.003,100
2020-11-09 09:32:35.940,5.003,900
2020-11-09 09:32:35.940,5.003,5000
2020-11-09 09:32:36.770,5.003,4100
2020-11-09 09:32:36.770,5.003,100
2020-11-09 09:32:36.770,5.003,800
2020-11-09 09:32:36.840,5.003,3000
2020-11-09 09:32:36.840,5.002,7000
2020-11-09 09:32:37.080,5.003,17400
2020-11-09 09:32:37.140,5.003,800
2020-11-09 09:32:37.170,5.003,10000
2020-11-09 09:32:37.270,5.005,20000
2020-11-09 09:32:37.570,5.003,100000
2020-11-09 09:32:37.700,5.003,5000
2020-11-09 09:32:38.580,5.003,12000
2020-11-09 09:32:39.150,5.004,1500
2020-11-09 09:32:39.150,5.005,15500
2020-11-09 09:32:39.150,5.005,8000
2020-11-09 09:32:39.150,5.005,5000
2020-11-09 09:32:39.150,5.005,100
2020-11-09 09:32:39.150,5.005,400
2020-11-09 09:32:39.150,5.005,3000
2020-11-09 09:32:39.150,5.005,300
2020-11-09 09:32:39.150,5.005,3000
2020-11-09 09:32:39.150,5.005,1000
2020-11-09 09:32:39.150,5.005,2200
2020-11-09 09:32:39.240,5.003,5000
2020-11-09 09:32:39.440,5.003,5500
2020-11-09 09:32:39.630,5.003,1000
2020-11-09 09:32:39.690,5.003,1000
2020-11-09 09:32:39.750,5.003,2000
2020-11-09 09:32:39.960,5.003,1000
2020-11-09 09:32:40.090,5.004,1100
2020-11-09 09:32:40.090,5.004,5000
2020-11-09 09:32:40.090,5.004,7200
2020-11-09 09:32:40.160,5.004,400
2020-11-09 09:32:40.490,5.003,32300
2020-11-09 09:32:40.520,5.004,4600
2020-11-09 09:32:40.520,5.004,1300
2020-11-09 09:32:40.790,5.004,4100
2020-11-09 09:32:40.830,5.004,29300
2020-11-09 09:32:41.670,5.005,3400
2020-11-09 09:32:41.700,5.004,12800
2020-11-09 09:32:42.220,5.004,2000
2020-11-09 09:32:42.340,5.004,1000
2020-11-09 09:32:42.590,5.005,33400
2020-11-09 09:32:42.590,5.005,200
2020-11-09 09:32:42.590,5.005,2700
2020-11-09 09:32:42.590,5.005,200
2020-11-09 09:32:42.590,5.005,2100
2020-11-09 09:32:42.590,5.005,8000
2020-11-09 09:32:42.590,5.005,1000
2020-11-09 09:32:42.590,5.005,4900
2020-11-09 09:32:42.590,5.005,20000
2020-11-09 09:32:42.590,5.005,1000
2020-11-09 09:32:42.590,5.005,3000
2020-11-09 09:32:42.590,5.005,1000
2020-11-09 09:32:42.590,5.005,7900
2020-11-09 09:32:42.620,5.005,1000
2020-11-09 09:32:42.800,5.005,100
2020-11-09 09:32:43.110,5.005,10000
2020-11-09 09:32:43.280,5.005,7000
2020-11-09 09:32:43.280,5.005,5000
2020-11-09 09:32:43.560,5.006,100
2020-11-09 09:32:43.560,5.006,3900
2020-11-09 09:32:44.100,5.005,300
2020-11-09 09:32:44.100,5.005,2000
2020-11-09 09:32:44.100,5.005,10100
2020-11-09 09:32:44.220,5.006,3000
2020-11-09 09:32:44.220,5.006,3100
2020-11-09 09:32:44.220,5.006,1000
2020-11-09 09:32:44.220,5.006,4900
2020-11-09 09:32:44.450,5.005,200
2020-11-09 09:32:44.690,5.005,100
2020-11-09 09:32:44.900,5.006,100
2020-11-09 09:32:44.900,5.006,5900
2020-11-09 09:32:45.140,5.005,2000
2020-11-09 09:32:45.500,5.005,800
2020-11-09 09:32:46.120,5.005,2300
2020-11-09 09:32:46.280,5.005,100
2020-11-09 09:32:46.460,5.005,300
2020-11-09 09:32:46.490,5.005,100
2020-11-09 09:32:46.610,5.006,1000
2020-11-09 09:32:46.910,5.005,1000
2020-11-09 09:32:47.030,5.005,2000
2020-11-09 09:32:47.270,5.006,3100
2020-11-09 09:32:47.270,5.006,500
2020-11-09 09:32:47.270,5.006,10900
2020-11-09 09:32:47.270,5.006,30200
2020-11-09 09:32:47.270,5.006,100
2020-11-09 09:32:47.270,5.006,100
2020-11-09 09:32:47.270,5.006,10000
2020-11-09 09:32:47.270,5.006,700
2020-11-09 09:32:47.270,5.006,30000
2020-11-09 09:32:47.270,5.006,3000
2020-11-09 09:32:47.270,5.006,2000
2020-11-09 09:32:47.270,5.006,5200
2020-11-09 09:32:47.270,5.006,100
2020-11-09 09:32:47.270,5.006,200
2020-11-09 09:32:47.270,5.006,500
2020-11-09 09:32:47.270,5.006,40000
2020-11-09 09:32:47.270,5.006,400
2020-11-09 09:32:47.270,5.006,1000
2020-11-09 09:32:47.270,5.006,10000
2020-11-09 09:32:47.420,5.007,200
2020-11-09 09:32:47.420,5.007,1000
2020-11-09 09:32:47.420,5.007,2800
2020-11-09 09:32:47.420,5.006,3000
2020-11-09 09:32:47.620,5.006,11200
2020-11-09 09:32:47.620,5.006,5000
2020-11-09 09:32:47.650,5.006,200
2020-11-09 09:32:48.270,5.007,2200
2020-11-09 09:32:48.270,5.007,600
2020-11-09 09:32:48.430,5.007,1400
2020-11-09 09:32:48.430,5.007,100000
2020-11-09 09:32:48.430,5.007,40000
2020-11-09 09:32:48.430,5.007,1000
2020-11-09 09:32:48.430,5.007,1000
2020-11-09 09:32:48.430,5.007,50000
2020-11-09 09:32:48.430,5.007,5000
2020-11-09 09:32:48.430,5.007,2000
2020-11-09 09:32:48.430,5.007,400
2020-11-09 09:32:48.430,5.007,300
2020-11-09 09:32:48.430,5.007,20000
2020-11-09 09:32:48.430,5.007,5000
2020-11-09 09:32:48.430,5.007,2300
2020-11-09 09:32:48.430,5.007,11600
2020-11-09 09:32:48.430,5.007,60000
2020-11-09 09:32:48.460,5.006,13300
2020-11-09 09:32:48.830,5.006,1500
2020-11-09 09:32:48.860,5.007,40000
2020-11-09 09:32:48.860,5.007,20000
2020-11-09 09:32:48.860,5.007,100
2020-11-09 09:32:48.860,5.007,9900
2020-11-09 09:32:49.420,5.006,3000
2020-11-09 09:32:49.690,5.006,30000
2020-11-09 09:32:49.870,5.007,100
2020-11-09 09:32:49.870,5.007,4800
2020-11-09 09:32:49.870,5.007,15100
2020-11-09 09:32:50.020,5.007,19900
2020-11-09 09:32:50.170,5.006,3000
2020-11-09 09:32:50.260,5.006,15000
2020-11-09 09:32:50.450,5.006,200
2020-11-09 09:32:50.580,5.006,1000
2020-11-09 09:32:50.850,5.006,2000
2020-11-09 09:32:51.220,5.006,2400
2020-11-09 09:32:51.610,5.006,1100
2020-11-09 09:32:51.830,5.007,15000
2020-11-09 09:32:51.830,5.007,500
2020-11-09 09:32:51.830,5.007,500
2020-11-09 09:32:51.830,5.007,6200
2020-11-09 09:32:51.830,5.007,2100
2020-11-09 09:32:51.830,5.007,200
2020-11-09 09:32:52.160,5.006,1800
2020-11-09 09:32:52.610,5.007,9800
2020-11-09 09:32:52.610,5.007,200
2020-11-09 09:32:52.690,5.006,100
2020-11-09 09:32:52.720,5.006,2000
2020-11-09 09:32:53.100,5.006,2000
2020-11-09 09:32:53.100,5.006,500
2020-11-09 09:32:53.560,5.007,5000
2020-11-09 09:32:53.590,5.006,20000
2020-11-09 09:32:53.900,5.006,1000
2020-11-09 09:32:54.120,5.006,300
2020-11-09 09:32:54.430,5.006,13700
2020-11-09 09:32:54.550,5.006,1000
2020-11-09 09:32:54.950,5.007,200
2020-11-09 09:32:55.270,5.006,2000
2020-11-09 09:32:55.350,5.006,1000
2020-11-09 09:32:55.470,5.006,1000
2020-11-09 09:32:55.500,5.006,11100
2020-11-09 09:32:55.500,5.006,104300
2020-11-09 09:32:55.500,5.006,100
2020-11-09 09:32:55.500,5.006,16100
2020-11-09 09:32:55.500,5.006,288400
2020-11-09 09:32:55.560,5.007,1400
2020-11-09 09:32:55.560,5.006,100
2020-11-09 09:32:55.590,5.006,8800
2020-11-09 09:32:55.590,5.006,1200
2020-11-09 09:32:55.980,5.006,100
2020-11-09 09:32:56.700,5.007,3200
2020-11-09 09:32:56.700,5.007,10000
2020-11-09 09:32:56.700,5.007,10000
2020-11-09 09:32:56.700,5.007,10000
2020-11-09 09:32:56.700,5.007,1800
2020-11-09 09:32:56.700,5.007,500
2020-11-09 09:32:56.700,5.007,100
2020-11-09 09:32:56.700,5.007,5000
2020-11-09 09:32:56.700,5.007,100
2020-11-09 09:32:56.980,5.007,5000
2020-11-09 09:32:57.010,5.007,3500
2020-11-09 09:32:57.070,5.007,3000
2020-11-09 09:32:57.280,5.007,100
2020-11-09 09:32:57.320,5.008,300
2020-11-09 09:32:57.320,5.008,400
2020-11-09 09:32:57.320,5.008,10000
2020-11-09 09:32:57.320,5.008,1200
2020-11-09 09:32:57.320,5.008,1000
2020-11-09 09:32:57.320,5.008,5000
2020-11-09 09:32:57.320,5.008,1000
2020-11-09 09:32:57.320,5.008,10000
2020-11-09 09:32:57.320,5.008,500
2020-11-09 09:32:57.320,5.008,600
2020-11-09 09:32:57.940,5.008,10400
2020-11-09 09:32:57.940,5.008,200
2020-11-09 09:32:57.940,5.008,3000
2020-11-09 09:32:57.940,5.008,2000
2020-11-09 09:32:57.940,5.008,5000
2020-11-09 09:32:57.940,5.008,5000
2020-11-09 09:32:57.940,5.008,5000
2020-11-09 09:32:57.940,5.008,5000
2020-11-09 09:32:57.940,5.008,800
2020-11-09 09:32:57.940,5.008,21600
2020-11-09 09:32:57.940,5.008,3000
2020-11-09 09:32:57.940,5.008,200
2020-11-09 09:32:57.940,5.008,3500
2020-11-09 09:32:57.940,5.008,700
2020-11-09 09:32:57.940,5.008,5000
2020-11-09 09:32:57.940,5.008,500
2020-11-09 09:32:57.940,5.008,5000
2020-11-09 09:32:57.940,5.008,10000
2020-11-09 09:32:57.940,5.008,2000
2020-11-09 09:32:58.000,5.008,20000
2020-11-09 09:32:58.190,5.008,2000
2020-11-09 09:32:58.660,5.008,5000
2020-11-09 09:32:58.960,5.008,100
2020-11-09 09:32:59.000,5.008,2500
2020-11-09 09:32:59.620,5.008,800
2020-11-09 09:32:59.960,5.008,4000
2020-11-09 09:33:00.060,5.008,200
2020-11-09 09:33:00.210,5.008,20000
2020-11-09 09:33:00.240,5.008,5000
2020-11-09 09:33:02.020,5.008,16000
2020-11-09 09:33:02.110,5.008,1600
2020-11-09 09:33:02.450,5.008,8200
2020-11-09 09:33:02.770,5.009,21500
2020-11-09 09:33:02.770,5.009,3000
2020-11-09 09:33:02.770,5.009,1000
2020-11-09 09:33:02.770,5.009,500
2020-11-09 09:33:02.770,5.009,21500
2020-11-09 09:33:02.770,5.009,1000
2020-11-09 09:33:02.770,5.009,30000
2020-11-09 09:33:02.770,5.009,100
2020-11-09 09:33:02.770,5.009,2000
2020-11-09 09:33:02.770,5.009,5000
2020-11-09 09:33:02.770,5.009,1000
2020-11-09 09:33:02.770,5.009,500
2020-11-09 09:33:02.770,5.009,3300
2020-11-09 09:33:02.770,5.009,5000
2020-11-09 09:33:02.770,5.009,1100
2020-11-09 09:33:02.770,5.009,1100
2020-11-09 09:33:02.770,5.009,2000
2020-11-09 09:33:02.770,5.009,3000
2020-11-09 09:33:02.770,5.009,300
2020-11-09 09:33:02.770,5.009,5000
2020-11-09 09:33:02.770,5.009,3000
2020-11-09 09:33:03.160,5.009,2000
2020-11-09 09:33:03.610,5.009,2000
2020-11-09 09:33:03.980,5.009,8100
2020-11-09 09:33:04.390,5.01,12100
2020-11-09 09:33:04.390,5.01,500
2020-11-09 09:33:04.390,5.01,200
2020-11-09 09:33:04.390,5.01,1300
2020-11-09 09:33:04.390,5.01,500
2020-11-09 09:33:04.390,5.01,43000
