ExChangeId,ChannelNo,SeqNo,SecurityID,Trade2_Order1,TradeDate,UpdateTime,Price,Volume,TrdMoney,OrdSide,OrdType,TrdBSFlag,TrdBuyNo,TrdSellNo
1,1,40634,510360,2,20201109,93002730,1.647000,3000,4941.000000,-,-,B,209499,162225
1,1,43922,510360,2,20201109,93003310,1.647000,500,823.500000,-,-,B,218546,162225
1,1,44616,510360,2,20201109,93003590,1.647000,500,823.500000,-,-,B,220631,162225
1,1,47834,510360,2,20201109,93004100,1.647000,1000,1647.000000,-,-,B,228811,162225
1,1,47835,510360,2,20201109,93004100,1.648000,59600,98220.800000,-,-,B,228811,164480
1,1,50306,510360,2,20201109,93004690,1.648000,50000,82400.000000,-,-,B,235940,164480
1,1,50917,510360,2,20201109,93004820,1.648000,3900,6427.200000,-,-,B,237808,164480
1,1,57099,510360,2,20201109,93006080,1.648000,36500,60152.000000,-,-,B,254886,164480
1,1,57100,510360,2,20201109,93006080,1.649000,200000,329800.000000,-,-,B,254886,173035
1,1,57101,510360,2,20201109,93006080,1.650000,1000,1650.000000,-,-,B,254886,185790
1,1,57102,510360,2,20201109,93006080,1.651000,10000,16510.000000,-,-,B,254886,96242
1,1,57103,510360,2,20201109,93006080,1.653000,600,991.800000,-,-,B,254886,140109
1,1,57104,510360,2,20201109,93006080,1.660000,6100,10126.000000,-,-,B,254886,114884
1,1,75974,510360,2,20201109,93014970,1.663000,100,166.300000,-,-,S,294357,300240
1,1,87340,510360,2,20201109,93024860,1.663000,100,166.300000,-,-,S,311709,317696
1,1,88270,510360,2,20201109,93025630,1.663000,1100,1829.300000,-,-,S,311709,318849
1,1,93836,510360,2,20201109,93030600,1.664000,1700,2828.800000,-,-,B,327110,318160
1,1,102771,510360,2,20201109,93038740,1.664000,3000,4992.000000,-,-,S,337910,340316
1,1,124276,510360,2,20201109,93059050,1.663000,3100,5155.300000,-,-,S,323419,372523
1,1,163894,510360,2,20201109,93135430,1.663000,4400,7317.200000,-,-,S,323419,430283
1,1,163895,510360,2,20201109,93135430,1.663000,1000,1663.000000,-,-,S,410830,430283
1,1,166469,510360,2,20201109,93138170,1.665000,1000,1665.000000,-,-,B,434220,344277
1,1,166470,510360,2,20201109,93138170,1.666000,4900,8163.400000,-,-,B,434220,135528
1,1,170793,510360,2,20201109,93142710,1.662000,100,166.200000,-,-,S,432060,441229
1,1,192883,510360,2,20201109,93209120,1.663000,10000,16630.000000,-,-,B,477520,441533
1,1,207731,510360,2,20201109,93227240,1.663000,600000,997800.000000,-,-,S,499717,500711
1,1,208244,510360,2,20201109,93227820,1.663000,28700,47728.100000,-,-,S,499717,501684
1,1,228210,510360,2,20201109,93252400,1.663000,1500,2494.500000,-,-,S,529961,534154
1,1,229066,510360,2,20201109,93253880,1.664000,7000,11648.000000,-,-,B,535706,454390
1,1,241124,510360,2,20201109,93305520,1.665000,500,832.500000,-,-,B,553101,447958
1,1,241125,510360,2,20201109,93305520,1.665000,600000,999000.000000,-,-,B,553101,510242
1,1,241376,510360,2,20201109,93305910,1.665000,298000,496170.000000,-,-,S,553101,553581
1,1,243724,510360,2,20201109,93307830,1.664000,500,832.000000,-,-,S,538170,557333
1,1,243725,510360,2,20201109,93307830,1.664000,500,832.000000,-,-,S,556277,557333
1,1,254031,510360,2,20201109,93318940,1.666000,600,999.600000,-,-,B,573439,135528
1,1,254536,510360,2,20201109,93319580,1.666000,10000,16660.000000,-,-,B,574187,135528
1,1,264391,510360,2,20201109,93332060,1.666000,4500,7497.000000,-,-,B,590854,135528
1,1,264392,510360,2,20201109,93332060,1.666000,1000,1666.000000,-,-,B,590854,576715
1,1,283148,510360,2,20201109,93356940,1.666000,200,333.200000,-,-,S,590854,622628
1,1,291301,510360,2,20201109,93406630,1.666000,1000,1666.000000,-,-,S,590854,635477
1,1,318808,510360,2,20201109,93441290,1.668000,4500,7506.000000,-,-,B,680592,566181
1,1,321267,510360,2,20201109,93444480,1.666000,300,499.800000,-,-,S,590854,684523
1,1,321268,510360,2,20201109,93444480,1.666000,800,1332.800000,-,-,S,598445,684523
1,1,334152,510360,2,20201109,93501100,1.668000,5400,9007.200000,-,-,B,705036,566181
1,1,353429,510360,2,20201109,93522460,1.666000,100,166.600000,-,-,S,598445,735234
1,1,357214,510360,2,20201109,93527310,1.666000,9100,15160.600000,-,-,S,598445,741561
1,1,357215,510360,2,20201109,93527310,1.666000,20000,33320.000000,-,-,S,668964,741561
1,1,368294,510360,2,20201109,93540570,1.663000,7400,12306.200000,-,-,S,721293,759951
1,1,371143,510360,2,20201109,93544550,1.663000,100,166.300000,-,-,S,721293,764929
1,1,371157,510360,2,20201109,93544590,1.666000,1100,1832.600000,-,-,B,764968,741561
1,1,386791,510360,2,20201109,93603760,1.662000,70900,117835.800000,-,-,S,741560,790442
1,1,388176,510360,2,20201109,93605240,1.662000,4500,7479.000000,-,-,S,741560,792317
1,1,399136,510360,2,20201109,93618960,1.662000,1600,2659.200000,-,-,S,808486,809769
1,1,432019,510360,2,20201109,93703460,1.663000,600,997.800000,-,-,S,848993,864058
1,1,473163,510360,2,20201109,93802640,1.660000,100,166.000000,-,-,S,808996,931053
1,1,474217,510360,2,20201109,93804010,1.662000,1200,1994.400000,-,-,B,932693,927199
1,1,477787,510360,2,20201109,93809150,1.661000,5000,8305.000000,-,-,S,934180,938479
1,1,485601,510360,2,20201109,93820480,1.661000,3000,4983.000000,-,-,S,947252,950863
1,1,509077,510360,2,20201109,93851360,1.662000,800,1329.600000,-,-,S,958358,985021
1,1,531137,510360,2,20201109,93922200,1.663000,300,498.900000,-,-,S,1018450,1019105
1,1,531735,510360,2,20201109,93923520,1.665000,700,1165.500000,-,-,B,1020293,985417
1,1,532939,510360,2,20201109,93925040,1.665000,500,832.500000,-,-,B,1022141,985417
1,1,542263,510360,2,20201109,93938620,1.665000,100,166.500000,-,-,B,1036125,1024030
1,1,544225,510360,2,20201109,93941240,1.665000,2900,4828.500000,-,-,S,1036125,1038785
1,1,565402,510360,2,20201109,94011590,1.665000,2100,3496.500000,-,-,B,1072260,1038785
1,1,565403,510360,2,20201109,94011590,1.665000,100,166.500000,-,-,B,1072260,1041294
1,1,576545,510360,2,20201109,94027670,1.665000,600,999.000000,-,-,S,1072260,1090397
1,1,580848,510360,2,20201109,94032540,1.665000,2400,3996.000000,-,-,B,1096482,1090397
1,1,626858,510360,2,20201109,94138560,1.666000,30000,49980.000000,-,-,S,1116096,1168617
1,1,626859,510360,2,20201109,94138560,1.666000,887200,1478075.200000,-,-,S,1168223,1168617
1,1,630489,510360,2,20201109,94143410,1.666000,100,166.600000,-,-,B,1174105,1168617
1,1,636988,510360,2,20201109,94151960,1.666000,72700,121118.200000,-,-,B,1183751,1168617
1,1,636989,510360,2,20201109,94151960,1.666000,10000,16660.000000,-,-,B,1183751,1168618
1,1,638379,510360,2,20201109,94153400,1.668000,1000,1668.000000,-,-,B,1185594,595946
1,1,638380,510360,2,20201109,94153400,1.668000,500,834.000000,-,-,B,1185594,691867
1,1,638381,510360,2,20201109,94153400,1.668000,1500,2502.000000,-,-,B,1185594,713147
1,1,638382,510360,2,20201109,94153400,1.668000,100,166.800000,-,-,B,1185594,1026823
1,1,638383,510360,2,20201109,94153400,1.668000,100,166.800000,-,-,B,1185594,1045519
1,1,640862,510360,2,20201109,94156480,1.668000,1100,1834.800000,-,-,S,1185594,1188961
1,1,642083,510360,2,20201109,94158090,1.669000,8100,13518.900000,-,-,B,1191017,1173649
1,1,652316,510360,2,20201109,94212310,1.669000,5700,9513.300000,-,-,B,1206510,1173649
1,1,652322,510360,2,20201109,94212310,1.669000,10000,16690.000000,-,-,B,1206541,1173649
1,1,673163,510360,2,20201109,94244280,1.666000,1000,1666.000000,-,-,S,1185208,1238475
1,1,674119,510360,2,20201109,94245850,1.668000,10000,16680.000000,-,-,B,1240063,1225963
1,1,685511,510360,2,20201109,94305540,1.666000,1900,3165.400000,-,-,S,1185208,1258629
1,1,685512,510360,2,20201109,94305540,1.666000,5000,8330.000000,-,-,S,1192643,1258629
1,1,761102,510360,2,20201109,94511770,1.666000,2500,4165.000000,-,-,S,1356306,1378031
1,1,761103,510360,2,20201109,94511770,1.666000,7500,12495.000000,-,-,S,1376522,1378031
1,1,772321,510360,2,20201109,94527590,1.667000,19700,32839.900000,-,-,S,1395347,1395802
1,1,777900,510360,2,20201109,94535620,1.667000,600,1000.200000,-,-,S,1395347,1404197
1,1,788388,510360,2,20201109,94549150,1.669000,1500,2503.500000,-,-,B,1419293,1206714
1,1,788759,510360,2,20201109,94549710,1.669000,600,1001.400000,-,-,B,1419771,1206714
1,1,788797,510360,2,20201109,94549780,1.669000,600,1001.400000,-,-,B,1419869,1206714
1,1,791334,510360,2,20201109,94553080,1.669000,3300,5507.700000,-,-,B,1423448,1206714
1,1,791335,510360,2,20201109,94553080,1.669000,1000,1669.000000,-,-,B,1423448,1262325
1,1,791336,510360,2,20201109,94553080,1.669000,10000,16690.000000,-,-,B,1423448,1417350
1,1,843395,510360,2,20201109,94708920,1.669000,10000,16690.000000,-,-,B,1501974,1484666
1,1,856154,510360,2,20201109,94732170,1.669000,10000,16690.000000,-,-,B,1523479,1484666
1,1,870235,510360,2,20201109,94758880,1.667000,1000,1667.000000,-,-,S,1543420,1546119
1,1,929982,510360,2,20201109,94958730,1.667000,4000,6668.000000,-,-,S,1543420,1643530
1,1,929983,510360,2,20201109,94958730,1.667000,2000,3334.000000,-,-,S,1604340,1643530
1,1,995736,510360,2,20201109,95200880,1.665000,1300,2164.500000,-,-,S,1330821,1746842
1,1,1002217,510360,2,20201109,95212170,1.665000,8700,14485.500000,-,-,S,1330821,1757048
1,1,1006432,510360,2,20201109,95220460,1.664000,500,832.000000,-,-,S,1339930,1763535
1,1,1018485,510360,2,20201109,95249120,1.664000,9500,15808.000000,-,-,S,1339930,1783102
1,1,1027158,510360,2,20201109,95308290,1.663000,500,831.500000,-,-,S,1739492,1797430
1,1,1029578,510360,2,20201109,95313830,1.666000,1100,1832.600000,-,-,B,1801571,1785329
1,1,1092948,510360,2,20201109,95538410,1.666000,2000,3332.000000,-,-,B,1901227,1826687
1,1,1105048,510360,2,20201109,95605730,1.666000,1000,1666.000000,-,-,S,1901227,1919545
1,1,1128684,510360,2,20201109,95652680,1.668000,500,834.000000,-,-,B,1953144,1738614
1,1,1154875,510360,2,20201109,95751260,1.667000,100,166.700000,-,-,B,1993537,1985616
1,1,1156896,510360,2,20201109,95756030,1.667000,8000,13336.000000,-,-,B,1996807,1985616
1,1,1166788,510360,2,20201109,95821260,1.667000,100,166.700000,-,-,B,2013639,1985616
1,1,1167350,510360,2,20201109,95823250,1.667000,1000,1667.000000,-,-,B,2014797,1985616
1,1,1194050,510360,2,20201109,95934140,1.666000,5000,8330.000000,-,-,S,1901227,2058160
1,1,1198461,510360,2,20201109,95946770,1.666000,100,166.600000,-,-,B,2065189,2062595
1,1,1255947,510360,2,20201109,100143790,1.667000,3000,5001.000000,-,-,B,2152249,2093135
1,1,1270798,510360,2,20201109,100221050,1.668000,5000,8340.000000,-,-,B,2175716,1738614
1,1,1302176,510360,2,20201109,100337980,1.667000,7000,11669.000000,-,-,S,2152249,2222491
1,1,1315517,510360,2,20201109,100407870,1.665000,100,166.500000,-,-,S,2092165,2240520
1,1,1357679,510360,2,20201109,100540040,1.667000,500,833.500000,-,-,B,2300398,2222491
1,1,1373246,510360,2,20201109,100621170,1.667000,60000,100020.000000,-,-,B,2325458,2222491
1,1,1392371,510360,2,20201109,100714980,1.667000,4500,7501.500000,-,-,B,2356882,2222491
1,1,1406866,510360,2,20201109,100754120,1.666000,1100,1832.600000,-,-,S,2359067,2380184
1,1,1420373,510360,2,20201109,100834300,1.667000,600,1000.200000,-,-,B,2402628,2222491
1,1,1429401,510360,2,20201109,100901710,1.666000,4900,8163.400000,-,-,S,2359067,2417393
1,1,1429402,510360,2,20201109,100901710,1.666000,200,333.200000,-,-,S,2414562,2417393
1,1,1450730,510360,2,20201109,101005280,1.667000,4200,7001.400000,-,-,B,2451842,2222491
1,1,1459205,510360,2,20201109,101018100,1.667000,885700,1476461.900000,-,-,B,2462786,2222491
1,1,1460986,510360,2,20201109,101020110,1.667000,3600,6001.200000,-,-,B,2464535,2222491
1,1,1461247,510360,2,20201109,101020670,1.667000,3600,6001.200000,-,-,B,2464882,2222491
1,1,1461690,510360,2,20201109,101021210,1.667000,3600,6001.200000,-,-,B,2465354,2222491
1,1,1461991,510360,2,20201109,101021670,1.667000,3600,6001.200000,-,-,B,2465812,2222491
1,1,1462281,510360,2,20201109,101022260,1.667000,2100,3500.700000,-,-,B,2466313,2222491
1,1,1462481,510360,2,20201109,101022740,1.667000,2100,3500.700000,-,-,B,2466590,2222491
1,1,1464473,510360,2,20201109,101027250,1.667000,18900,31506.300000,-,-,B,2469300,2222491
1,1,1483184,510360,2,20201109,101111010,1.668000,1000,1668.000000,-,-,B,2496028,1738614
1,1,1483185,510360,2,20201109,101111010,1.668000,2100,3502.800000,-,-,B,2496028,1968342
1,1,1490169,510360,2,20201109,101129010,1.669000,3000,5007.000000,-,-,B,2507269,1558620
1,1,1490170,510360,2,20201109,101129010,1.669000,2000,3338.000000,-,-,B,2507269,1562008
1,1,1492786,510360,2,20201109,101134230,1.669000,100,166.900000,-,-,B,2510684,1883099
1,1,1521178,510360,2,20201109,101256190,1.669000,5000,8345.000000,-,-,B,2555095,1973404
1,1,1523933,510360,2,20201109,101304700,1.669000,4000,6676.000000,-,-,B,2559548,1973404
1,1,1569736,510360,2,20201109,101505010,1.669000,100,166.900000,-,-,B,2623750,1973404
1,1,1597451,510360,2,20201109,101624960,1.667000,1800,3000.600000,-,-,S,2475519,2666952
1,1,1643253,510360,2,20201109,101843530,1.668000,900,1501.200000,-,-,B,2741029,2701016
1,1,1652935,510360,2,20201109,101915590,1.668000,13700,22851.600000,-,-,B,2757054,2701016
1,1,1654610,510360,2,20201109,101921560,1.667000,10000,16670.000000,-,-,S,2482150,2759915
1,1,1654611,510360,2,20201109,101921560,1.667000,20000,33340.000000,-,-,S,2627575,2759915
1,1,1654612,510360,2,20201109,101921560,1.667000,20000,33340.000000,-,-,S,2756589,2759915
1,1,1672098,510360,2,20201109,102011220,1.666000,1000,1666.000000,-,-,S,2711381,2786544
1,1,1738637,510360,2,20201109,102333770,1.666000,900,1499.400000,-,-,B,2893387,2886833
1,1,1754865,510360,2,20201109,102439130,1.667000,15600,26005.200000,-,-,B,2921396,2775884
1,1,1782773,510360,2,20201109,102632690,1.668000,200,333.600000,-,-,B,2968646,2745946
1,1,1782774,510360,2,20201109,102632690,1.668000,1600,2668.800000,-,-,B,2968646,2870006
1,1,1782775,510360,2,20201109,102632690,1.668000,400,667.200000,-,-,B,2968646,2884852
1,1,1810654,510360,2,20201109,102836310,1.668000,500,834.000000,-,-,S,2968646,3014118
1,1,1817369,510360,2,20201109,102907820,1.669000,900,1502.100000,-,-,B,3025299,1973404
1,1,1817370,510360,2,20201109,102907820,1.669000,200,333.800000,-,-,B,3025299,2127014
1,1,1817371,510360,2,20201109,102907820,1.669000,300,500.700000,-,-,B,3025299,2268508
1,1,1817372,510360,2,20201109,102907820,1.669000,1000,1669.000000,-,-,B,3025299,2548716
1,1,1817373,510360,2,20201109,102907820,1.669000,4800,8011.200000,-,-,B,3025299,2939946
1,1,1855688,510360,2,20201109,103116680,1.670000,1200,2004.000000,-,-,B,3081531,311767
1,1,1855689,510360,2,20201109,103116680,1.670000,700,1169.000000,-,-,B,3081531,556883
1,1,1855690,510360,2,20201109,103116680,1.670000,1300,2171.000000,-,-,B,3081531,664936
1,1,1855691,510360,2,20201109,103116680,1.670000,1000,1670.000000,-,-,B,3081531,1242414
1,1,1855692,510360,2,20201109,103116680,1.670000,195800,326986.000000,-,-,B,3081531,1495059
1,1,1855733,510360,2,20201109,103116930,1.670000,700,1169.000000,-,-,B,3081623,1495059
1,1,1855991,510360,2,20201109,103117730,1.670000,200000,334000.000000,-,-,B,3081931,1495059
1,1,1856081,510360,2,20201109,103118090,1.670000,200000,334000.000000,-,-,B,3082063,1495059
1,1,1856294,510360,2,20201109,103118680,1.670000,200000,334000.000000,-,-,B,3082386,1495059
1,1,1856623,510360,2,20201109,103119920,1.670000,200000,334000.000000,-,-,B,3082929,1495059
1,1,1856709,510360,2,20201109,103120230,1.670000,3500,5845.000000,-,-,B,3083035,1495059
1,1,1856710,510360,2,20201109,103120230,1.670000,2000,3340.000000,-,-,B,3083035,2668397
1,1,1856711,510360,2,20201109,103120230,1.670000,4800,8016.000000,-,-,B,3083035,3009845
1,1,1856712,510360,2,20201109,103120230,1.670000,1000,1670.000000,-,-,B,3083035,3075865
1,1,1857152,510360,2,20201109,103121510,1.670000,100,167.000000,-,-,S,3083035,3083605
1,1,1864844,510360,2,20201109,103150770,1.670000,1200,2004.000000,-,-,S,3095674,3096036
1,1,1878023,510360,2,20201109,103241080,1.670000,6800,11356.000000,-,-,B,3117299,3096036
1,1,1883754,510360,2,20201109,103302730,1.670000,500,835.000000,-,-,S,3117299,3126519
1,1,1905231,510360,2,20201109,103429360,1.670000,600,1002.000000,-,-,S,3117299,3159959
1,1,1909299,510360,2,20201109,103445960,1.670000,100,167.000000,-,-,S,3117299,3166500
1,1,1911173,510360,2,20201109,103454130,1.670000,12000,20040.000000,-,-,S,3117299,3169474
1,1,1922311,510360,2,20201109,103538620,1.669000,6000,10014.000000,-,-,S,3034402,3186949
1,1,1929222,510360,2,20201109,103608620,1.668000,4800,8006.400000,-,-,S,2968646,3198781
1,1,1937317,510360,2,20201109,103637430,1.668000,5700,9507.600000,-,-,B,3211167,3198781
1,1,1937614,510360,2,20201109,103638480,1.668000,7200,12009.600000,-,-,S,3211167,3211544
1,1,1945502,510360,2,20201109,103708390,1.668000,10000,16680.000000,-,-,S,3213308,3223927
1,1,1952732,510360,2,20201109,103738380,1.668000,8900,14845.200000,-,-,S,3213308,3235403
1,1,1959647,510360,2,20201109,103808430,1.668000,10100,16846.800000,-,-,S,3213308,3247021
1,1,1966926,510360,2,20201109,103838500,1.667000,7400,12335.800000,-,-,S,3116034,3258102
1,1,1974026,510360,2,20201109,103908370,1.667000,8900,14836.300000,-,-,S,3116034,3269518
1,1,1979669,510360,2,20201109,103938250,1.667000,8000,13336.000000,-,-,S,3116034,3279453
1,1,1987182,510360,2,20201109,104008370,1.667000,9600,16003.200000,-,-,S,3116034,3290879
1,1,1991513,510360,2,20201109,104020980,1.667000,100,166.700000,-,-,S,3116034,3296862
1,1,1997001,510360,2,20201109,104038240,1.668000,9600,16012.800000,-,-,S,3302879,3304483
1,1,2004431,510360,2,20201109,104108220,1.668000,6600,11008.800000,-,-,S,3302879,3316277
1,1,2011162,510360,2,20201109,104135380,1.669000,600,1001.400000,-,-,B,3326610,3318564
1,1,2012240,510360,2,20201109,104139850,1.668000,8500,14178.000000,-,-,B,3328403,3327993
1,1,2018392,510360,2,20201109,104209890,1.668000,8300,13844.400000,-,-,S,3328403,3339273
1,1,2025023,510360,2,20201109,104238880,1.668000,10200,17013.600000,-,-,S,3328403,3349442
1,1,2031621,510360,2,20201109,104308870,1.668000,9200,15345.600000,-,-,S,3328403,3359349
1,1,2038588,510360,2,20201109,104338740,1.668000,8600,14344.800000,-,-,S,3328403,3370312
1,1,2042280,510360,2,20201109,104354640,1.669000,3100,5173.900000,-,-,B,3375841,3318564
1,1,2045245,510360,2,20201109,104408690,1.669000,9700,16189.300000,-,-,S,3377985,3380379
1,1,2052992,510360,2,20201109,104438630,1.669000,7500,12517.500000,-,-,S,3377985,3390863
1,1,2060623,510360,2,20201109,104508720,1.669000,7500,12517.500000,-,-,S,3401290,3401791
1,1,2066965,510360,2,20201109,104538510,1.668000,9500,15846.000000,-,-,S,3328403,3412048
1,1,2073548,510360,2,20201109,104608440,1.668000,10300,17180.400000,-,-,S,3328403,3422810
1,1,2080193,510360,2,20201109,104638340,1.669000,2100,3504.900000,-,-,S,3426915,3433029
1,1,2086749,510360,2,20201109,104708260,1.668000,10500,17514.000000,-,-,S,3328403,3443774
1,1,2094609,510360,2,20201109,104744730,1.668000,7900,13177.200000,-,-,B,3455807,3454174
1,1,2100021,510360,2,20201109,104808340,1.667000,2900,4834.300000,-,-,S,3333017,3463474
1,1,2100022,510360,2,20201109,104808340,1.667000,7000,11669.000000,-,-,S,3406610,3463474
1,1,2106956,510360,2,20201109,104839260,1.668000,10000,16680.000000,-,-,S,3473170,3473493
1,1,2111098,510360,2,20201109,104857770,1.668000,600,1000.800000,-,-,S,3475221,3479483
1,1,2113208,510360,2,20201109,104909060,1.668000,9600,16012.800000,-,-,S,3475221,3482999
1,1,2121154,510360,2,20201109,104938880,1.669000,7600,12684.400000,-,-,S,3492192,3493682
1,1,2129682,510360,2,20201109,105005490,1.670000,200000,334000.000000,-,-,B,3504622,3169474
1,1,2129921,510360,2,20201109,105005890,1.670000,200000,334000.000000,-,-,B,3504921,3169474
1,1,2129922,510360,2,20201109,105005890,1.669000,500,834.500000,-,-,S,3492192,3504922
1,1,2130254,510360,2,20201109,105006510,1.670000,88000,146960.000000,-,-,B,3505370,3169474
1,1,2130255,510360,2,20201109,105006510,1.670000,112000,187040.000000,-,-,B,3505370,3179593
1,1,2130956,510360,2,20201109,105007510,1.670000,200000,334000.000000,-,-,B,3506116,3179593
1,1,2131164,510360,2,20201109,105008000,1.670000,188000,313960.000000,-,-,B,3506358,3179593
1,1,2131165,510360,2,20201109,105008000,1.670000,100,167.000000,-,-,B,3506358,3236367
1,1,2131166,510360,2,20201109,105008000,1.670000,1000,1670.000000,-,-,B,3506358,3436083
1,1,2132281,510360,2,20201109,105009980,1.670000,7900,13193.000000,-,-,S,3506358,3507733
1,1,2134013,510360,2,20201109,105013940,1.671000,1300,2172.300000,-,-,B,3509934,714947
1,1,2134014,510360,2,20201109,105013940,1.671000,500,835.500000,-,-,B,3509934,743801
1,1,2134015,510360,2,20201109,105013940,1.671000,1500,2506.500000,-,-,B,3509934,2354928
1,1,2134016,510360,2,20201109,105013940,1.671000,1000,1671.000000,-,-,B,3509934,3094836
1,1,2143065,510360,2,20201109,105038820,1.671000,10300,17211.300000,-,-,S,3509934,3522158
1,1,2152083,510360,2,20201109,105108400,1.672000,200,334.400000,-,-,B,3534861,1281892
1,1,2152222,510360,2,20201109,105109030,1.671000,10300,17211.300000,-,-,S,3509934,3535087
1,1,2153687,510360,2,20201109,105113370,1.672000,200,334.400000,-,-,B,3536935,1281892
1,1,2153688,510360,2,20201109,105113370,1.672000,1000,1672.000000,-,-,B,3536935,1507743
1,1,2153689,510360,2,20201109,105113370,1.672000,10000,16720.000000,-,-,B,3536935,1973405
1,1,2161660,510360,2,20201109,105138690,1.672000,9700,16218.400000,-,-,S,3547494,3547522
1,1,2169258,510360,2,20201109,105208720,1.672000,300,501.600000,-,-,S,3547494,3559360
1,1,2176267,510360,2,20201109,105238630,1.671000,10000,16710.000000,-,-,S,3509934,3570976
1,1,2182909,510360,2,20201109,105308480,1.671000,6800,11362.800000,-,-,S,3509934,3581890
1,1,2189771,510360,2,20201109,105339290,1.672000,6900,11536.800000,-,-,S,3582858,3593116
1,1,2192825,510360,2,20201109,105353390,1.672000,5100,8527.200000,-,-,S,3582858,3597826
1,1,2195832,510360,2,20201109,105408340,1.672000,9000,15048.000000,-,-,S,3582858,3603169
1,1,2197926,510360,2,20201109,105418750,1.673000,1000,1673.000000,-,-,B,3606727,1517948
1,1,2202537,510360,2,20201109,105439360,1.673000,2500,4182.500000,-,-,S,3606727,3614114
1,1,2210213,510360,2,20201109,105509390,1.672000,8400,14044.800000,-,-,S,3582858,3626729
1,1,2216148,510360,2,20201109,105534300,1.672000,100,167.200000,-,-,S,3582858,3636651
1,1,2217171,510360,2,20201109,105539190,1.672000,500,836.000000,-,-,S,3582858,3638627
1,1,2222484,510360,2,20201109,105609200,1.670000,8900,14863.000000,-,-,S,3610345,3648766
1,1,2228642,510360,2,20201109,105639000,1.670000,8100,13527.000000,-,-,S,3610345,3659331
1,1,2234747,510360,2,20201109,105708970,1.671000,7800,13033.800000,-,-,S,3666943,3669803
1,1,2236863,510360,2,20201109,105716080,1.672000,200,334.400000,-,-,B,3672719,3644473
1,1,2241806,510360,2,20201109,105738760,1.672000,5800,9697.600000,-,-,S,3672719,3680307
1,1,2242296,510360,2,20201109,105740850,1.672000,2000,3344.000000,-,-,B,3681035,3680307
1,1,2251066,510360,2,20201109,105808910,1.672000,6800,11369.600000,-,-,S,3681035,3690535
1,1,2256829,510360,2,20201109,105838590,1.672000,8400,14044.800000,-,-,S,3681035,3700312
1,1,2263209,510360,2,20201109,105908770,1.672000,8100,13543.200000,-,-,S,3681035,3710174
1,1,2266070,510360,2,20201109,105924400,1.672000,1000,1672.000000,-,-,S,3681035,3715156
1,1,2269424,510360,2,20201109,105938550,1.672000,10100,16887.200000,-,-,S,3681035,3719325
1,1,2274654,510360,2,20201109,110001160,1.672000,4300,7189.600000,-,-,S,3681035,3726337
1,1,2277403,510360,2,20201109,110008740,1.673000,3500,5855.500000,-,-,S,3729222,3729795
1,1,2277489,510360,2,20201109,110009110,1.673000,8800,14722.400000,-,-,S,3729222,3729940
1,1,2288428,510360,2,20201109,110039540,1.673000,6900,11543.700000,-,-,S,3729222,3743596
1,1,2292438,510360,2,20201109,110050690,1.673000,300,501.900000,-,-,S,3729222,3748170
1,1,2297573,510360,2,20201109,110102850,1.674000,1000,1674.000000,-,-,B,3753571,1529309
1,1,2297574,510360,2,20201109,110102850,1.674000,39300,65788.200000,-,-,B,3753571,3619812
1,1,2299955,510360,2,20201109,110109950,1.674000,9100,15233.400000,-,-,B,3756498,3756222
1,1,2311221,510360,2,20201109,110121450,1.675000,1000,1675.000000,-,-,B,3761327,1539585
1,1,2319271,510360,2,20201109,110139280,1.673000,10100,16897.300000,-,-,S,3729222,3770002
1,1,2326517,510360,2,20201109,110209380,1.673000,10200,17064.600000,-,-,S,3729222,3781648
1,1,2329384,510360,2,20201109,110220700,1.673000,500,836.500000,-,-,S,3729222,3786211
1,1,2334151,510360,2,20201109,110239170,1.673000,8900,14889.700000,-,-,S,3729222,3793453
1,1,2341344,510360,2,20201109,110309330,1.672000,10300,17221.600000,-,-,S,3760265,3804402
1,1,2347829,510360,2,20201109,110333580,1.673000,7300,12212.900000,-,-,S,3805824,3814031
1,1,2348981,510360,2,20201109,110339100,1.673000,8700,14555.100000,-,-,S,3805824,3815992
1,1,2356328,510360,2,20201109,110409070,1.673000,9200,15391.600000,-,-,S,3805824,3826564
1,1,2362881,510360,2,20201109,110438870,1.673000,6800,11376.400000,-,-,S,3805824,3836993
1,1,2369654,510360,2,20201109,110508990,1.673000,7500,12547.500000,-,-,S,3805824,3847387
1,1,2376763,510360,2,20201109,110538910,1.673000,8000,13384.000000,-,-,S,3805824,3858573
1,1,2383344,510360,2,20201109,110608840,1.673000,7300,12212.900000,-,-,S,3805824,3869472
1,1,2391355,510360,2,20201109,110638810,1.673000,9900,16562.700000,-,-,S,3805824,3881149
1,1,2399972,510360,2,20201109,110710680,1.674000,9400,15735.600000,-,-,B,3892943,3892143
1,1,2407270,510360,2,20201109,110739600,1.674000,8400,14061.600000,-,-,S,3892943,3903523
1,1,2409605,510360,2,20201109,110748360,1.675000,1000,1675.000000,-,-,B,3906815,1539585
1,1,2410484,510360,2,20201109,110751980,1.674000,300,502.200000,-,-,S,3892943,3908033
1,1,2410499,510360,2,20201109,110752010,1.675000,600,1005.000000,-,-,B,3908077,1973406
1,1,2410816,510360,2,20201109,110753530,1.675000,600,1005.000000,-,-,B,3908616,1973406
1,1,2411484,510360,2,20201109,110755480,1.675000,4500,7537.500000,-,-,B,3909486,1973406
1,1,2411485,510360,2,20201109,110755480,1.675000,500,837.500000,-,-,B,3909486,3082691
1,1,2411486,510360,2,20201109,110755480,1.675000,1000,1675.000000,-,-,B,3909486,3892625
1,1,2411927,510360,2,20201109,110756930,1.676000,600,1005.600000,-,-,B,3910087,3094630
1,1,2418283,510360,2,20201109,110809560,1.675000,8400,14070.000000,-,-,S,3909486,3915725
1,1,2421310,510360,2,20201109,110816530,1.676000,19400,32514.400000,-,-,B,3919662,3094630
1,1,2421311,510360,2,20201109,110816530,1.676000,5500,9218.000000,-,-,B,3919662,3909736
1,1,2428457,510360,2,20201109,110839400,1.676000,9100,15251.600000,-,-,S,3919662,3929503
1,1,2437764,510360,2,20201109,110909450,1.677000,9300,15596.100000,-,-,S,3940948,3941650
1,1,2446608,510360,2,20201109,110940290,1.677000,9100,15260.700000,-,-,B,3953940,3953497
1,1,2448133,510360,2,20201109,110945620,1.677000,27600,46285.200000,-,-,S,3954676,3955951
1,1,2455637,510360,2,20201109,111009260,1.676000,7500,12570.000000,-,-,S,3919662,3966645
1,1,2465465,510360,2,20201109,111039170,1.675000,500,837.500000,-,-,S,3913242,3981546
1,1,2465466,510360,2,20201109,111039170,1.675000,200,335.000000,-,-,S,3921381,3981546
1,1,2465467,510360,2,20201109,111039170,1.675000,9300,15577.500000,-,-,S,3962352,3981546
1,1,2473321,510360,2,20201109,111109100,1.676000,10500,17598.000000,-,-,S,3987471,3993806
1,1,2475160,510360,2,20201109,111117640,1.676000,400,670.400000,-,-,S,3987471,3996962
1,1,2479804,510360,2,20201109,111139070,1.676000,10300,17262.800000,-,-,S,3987471,4004577
1,1,2486367,510360,2,20201109,111209930,1.676000,7900,13240.400000,-,-,S,3987471,4015049
1,1,2493120,510360,2,20201109,111239030,1.676000,10600,17765.600000,-,-,S,4024839,4025330
1,1,2501377,510360,2,20201109,111308880,1.676000,10600,17765.600000,-,-,S,4029287,4036785
1,1,2503283,510360,2,20201109,111316490,1.676000,100,167.600000,-,-,S,4029287,4039704
1,1,2509783,510360,2,20201109,111339730,1.677000,10700,17943.900000,-,-,S,4041728,4048272
1,1,2513468,510360,2,20201109,111353130,1.677000,1000,1677.000000,-,-,S,4041728,4053238
1,1,2514748,510360,2,20201109,111358590,1.678000,600,1006.800000,-,-,B,4055224,19120
1,1,2517571,510360,2,20201109,111409700,1.677000,6800,11403.600000,-,-,S,4041728,4059410
1,1,2520525,510360,2,20201109,111417920,1.678000,2500,4195.000000,-,-,B,4063021,19120
1,1,2521542,510360,2,20201109,111419810,1.678000,1900,3188.200000,-,-,B,4064065,19120
1,1,2521543,510360,2,20201109,111419810,1.678000,500,839.000000,-,-,B,4064065,1091025
1,1,2522197,510360,2,20201109,111421600,1.678000,2100,3523.800000,-,-,B,4064780,1091025
1,1,2522630,510360,2,20201109,111423220,1.678000,1500,2517.000000,-,-,B,4065405,1091025
1,1,2522992,510360,2,20201109,111424700,1.678000,800,1342.400000,-,-,B,4065943,1091025
1,1,2522993,510360,2,20201109,111424700,1.678000,300,503.400000,-,-,B,4065943,3676874
1,1,2522994,510360,2,20201109,111424700,1.678000,400,671.200000,-,-,B,4065943,3971142
1,1,2523224,510360,2,20201109,111425080,1.678000,1200,2013.600000,-,-,B,4066088,3971142
1,1,2527380,510360,2,20201109,111428500,1.678000,8400,14095.200000,-,-,B,4067450,3971142
1,1,2528223,510360,2,20201109,111431270,1.679000,200,335.800000,-,-,B,4068754,115522
1,1,2528224,510360,2,20201109,111431270,1.679000,700,1175.300000,-,-,B,4068754,1781980
1,1,2531338,510360,2,20201109,111439540,1.678000,6600,11074.800000,-,-,S,4067450,4072662
1,1,2534013,510360,2,20201109,111446830,1.679000,3000,5037.000000,-,-,B,4076083,1781980
1,1,2540998,510360,2,20201109,111509580,1.679000,10100,16957.900000,-,-,S,4079308,4086115
1,1,2549615,510360,2,20201109,111539520,1.679000,8300,13935.700000,-,-,S,4085504,4099958
1,1,2553776,510360,2,20201109,111554630,1.679000,400,671.600000,-,-,S,4085504,4106262
1,1,2557739,510360,2,20201109,111609590,1.679000,10200,17125.800000,-,-,S,4085504,4112401
1,1,2559117,510360,2,20201109,111615540,1.680000,6000,10080.000000,-,-,B,4115000,254507
1,1,2559118,510360,2,20201109,111615540,1.680000,4000,6720.000000,-,-,B,4115000,991761
1,1,2562546,510360,2,20201109,111628830,1.680000,1200,2016.000000,-,-,B,4120353,991761
1,1,2563057,510360,2,20201109,111630930,1.680000,800,1344.000000,-,-,B,4121159,991761
1,1,2563058,510360,2,20201109,111630930,1.680000,400,672.000000,-,-,B,4121159,4055428
1,1,2563463,510360,2,20201109,111632510,1.680000,900,1512.000000,-,-,B,4121776,4055428
1,1,2563784,510360,2,20201109,111634050,1.680000,1000,1680.000000,-,-,B,4122437,4055428
1,1,2564021,510360,2,20201109,111635100,1.680000,600,1008.000000,-,-,B,4122867,4055428
1,1,2564082,510360,2,20201109,111635570,1.680000,100,168.000000,-,-,B,4123018,4055428
1,1,2564083,510360,2,20201109,111635570,1.680000,500,840.000000,-,-,B,4123018,4091084
1,1,2564288,510360,2,20201109,111636550,1.680000,700,1176.000000,-,-,B,4123354,4091084
1,1,2564455,510360,2,20201109,111637220,1.680000,600,1008.000000,-,-,B,4123644,4091084
1,1,2564793,510360,2,20201109,111638290,1.680000,600,1008.000000,-,-,B,4124055,4091084
1,1,2564884,510360,2,20201109,111638730,1.680000,600,1008.000000,-,-,B,4124202,4091084
1,1,2565098,510360,2,20201109,111639630,1.679000,400,671.600000,-,-,S,4085504,4124584
1,1,2565099,510360,2,20201109,111639630,1.679000,8300,13935.700000,-,-,S,4096710,4124584
1,1,2565285,510360,2,20201109,111640340,1.680000,600,1008.000000,-,-,B,4124883,4091084
1,1,2565333,510360,2,20201109,111640550,1.680000,600,1008.000000,-,-,B,4124971,4091084
1,1,2565736,510360,2,20201109,111642490,1.679000,3000,5037.000000,-,-,S,4096710,4125636
1,1,2572212,510360,2,20201109,111709430,1.679000,7600,12760.400000,-,-,S,4096710,4135674
1,1,2580631,510360,2,20201109,111739400,1.678000,9700,16276.600000,-,-,S,4067450,4148179
1,1,2587186,510360,2,20201109,111809250,1.678000,10700,17954.600000,-,-,S,4067450,4159181
1,1,2592582,510360,2,20201109,111839340,1.678000,7600,12752.800000,-,-,S,4067450,4169357
1,1,2602166,510360,2,20201109,111909680,1.679000,9700,16286.300000,-,-,S,4175982,4181306
1,1,2608196,510360,2,20201109,111933330,1.680000,2100,3528.000000,-,-,B,4190292,4091084
1,1,2608197,510360,2,20201109,111933330,1.680000,100,168.000000,-,-,B,4190292,4115968
1,1,2610298,510360,2,20201109,111939060,1.680000,7900,13272.000000,-,-,S,4190292,4192951
1,1,2620496,510360,2,20201109,112011510,1.681000,8900,14960.900000,-,-,S,4195709,4206540
1,1,2622723,510360,2,20201109,112016820,1.682000,200,336.400000,-,-,B,4209489,3891640
1,1,2631710,510360,2,20201109,112040060,1.682000,9800,16483.600000,-,-,S,4209489,4220694
1,1,2636355,510360,2,20201109,112052390,1.682000,200,336.400000,-,-,B,4225899,4220694
1,1,2639202,510360,2,20201109,112059880,1.682000,500,841.000000,-,-,S,4225899,4229131
1,1,2642585,510360,2,20201109,112109920,1.682000,2300,3868.600000,-,-,S,4225899,4234046
1,1,2647010,510360,2,20201109,112126030,1.682000,1000,1682.000000,-,-,B,4241333,4234046
1,1,2650915,510360,2,20201109,112142830,1.681000,7200,12103.200000,-,-,B,4248238,4247487
1,1,2657162,510360,2,20201109,112209840,1.680000,9600,16128.000000,-,-,S,4234848,4259113
1,1,2661860,510360,2,20201109,112226290,1.681000,2000,3362.000000,-,-,S,4261217,4266365
1,1,2665683,510360,2,20201109,112239780,1.681000,7900,13279.900000,-,-,S,4267692,4271812
1,1,2677700,510360,2,20201109,112309600,1.683000,7100,11949.300000,-,-,S,4284912,4286051
1,1,2686137,510360,2,20201109,112339580,1.682000,8200,13792.400000,-,-,S,4276799,4298209
1,1,2693667,510360,2,20201109,112409500,1.682000,7500,12615.000000,-,-,S,4276799,4309958
1,1,2702178,510360,2,20201109,112439900,1.683000,8300,13968.900000,-,-,S,4320433,4322370
1,1,2708517,510360,2,20201109,112501550,1.683000,7000,11781.000000,-,-,S,4320433,4330972
1,1,2710680,510360,2,20201109,112509380,1.683000,9100,15315.300000,-,-,S,4320433,4334137
1,1,2710907,510360,2,20201109,112510080,1.684000,100,168.400000,-,-,B,4334438,4333569
1,1,2710908,510360,2,20201109,112510080,1.685000,400,674.000000,-,-,B,4334438,1800680
1,1,2711460,510360,2,20201109,112512410,1.685000,3600,6066.000000,-,-,B,4335358,1800680
1,1,2713031,510360,2,20201109,112518920,1.685000,42400,71444.000000,-,-,B,4337722,1800680
1,1,2713032,510360,2,20201109,112518920,1.685000,165700,279204.500000,-,-,B,4337722,4335630
1,1,2718113,510360,2,20201109,112539300,1.683000,6600,11107.800000,-,-,S,4323990,4345476
1,1,2726318,510360,2,20201109,112609250,1.683000,300,504.900000,-,-,S,4323990,4357906
1,1,2730272,510360,2,20201109,112623170,1.683000,9100,15315.300000,-,-,B,4363717,4357906
1,1,2730273,510360,2,20201109,112623170,1.684000,40900,68875.600000,-,-,B,4363717,4352700
1,1,2734489,510360,2,20201109,112639310,1.681000,8500,14288.500000,-,-,S,4335629,4370048
1,1,2742072,510360,2,20201109,112710040,1.681000,8100,13616.100000,-,-,S,4335629,4381866
1,1,2750203,510360,2,20201109,112740350,1.681000,6600,11094.600000,-,-,S,4335629,4393748
1,1,2757720,510360,2,20201109,112809930,1.681000,9400,15801.400000,-,-,S,4335629,4404306
1,1,2765338,510360,2,20201109,112840060,1.682000,6600,11101.200000,-,-,S,4413686,4415239
1,1,2771630,510360,2,20201109,112909790,1.681000,6500,10926.500000,-,-,S,4335629,4425060
1,1,2777905,510360,2,20201109,112939790,1.681000,8600,14456.600000,-,-,S,4335629,4434446
1,1,2786478,510360,2,20201109,130000630,1.681000,100,168.100000,-,-,S,4335629,4446199
1,1,2787264,510360,2,20201109,130000720,1.681000,3000,5043.000000,-,-,S,4335629,4448337
1,1,2788933,510360,2,20201109,130001000,1.681000,200,336.200000,-,-,S,4335629,4452205
1,1,2794494,510360,2,20201109,130001980,1.681000,1700,2857.700000,-,-,S,4335629,4466910
1,1,2798342,510360,2,20201109,130002620,1.681000,200,336.200000,-,-,S,4335629,4475162
1,1,2800854,510360,2,20201109,130003180,1.683000,5000,8415.000000,-,-,B,4481909,4445674
1,1,2810697,510360,2,20201109,130005170,1.683000,200,336.600000,-,-,S,4481909,4506927
1,1,2812764,510360,2,20201109,130006090,1.683000,400,673.200000,-,-,S,4481909,4512357
1,1,2812765,510360,2,20201109,130006090,1.683000,100,168.300000,-,-,S,4484311,4512357
1,1,2817879,510360,2,20201109,130011410,1.683000,100,168.300000,-,-,S,4512159,4523372
1,1,2831747,510360,2,20201109,130040680,1.681000,7700,12943.700000,-,-,S,4335629,4539432
1,1,2834920,510360,2,20201109,130048680,1.681000,2000,3362.000000,-,-,S,4335629,4543170
1,1,2841487,510360,2,20201109,130110840,1.681000,8300,13952.300000,-,-,S,4335629,4553425
1,1,2849864,510360,2,20201109,130140370,1.681000,8000,13448.000000,-,-,S,4335629,4565802
1,1,2850546,510360,2,20201109,130143440,1.681000,15400,25887.400000,-,-,S,4335629,4566966
1,1,2855879,510360,2,20201109,130204140,1.682000,3000,5046.000000,-,-,B,4574441,4566312
1,1,2857927,510360,2,20201109,130211300,1.682000,8200,13792.400000,-,-,S,4577089,4577289
1,1,2865697,510360,2,20201109,130241280,1.682000,8900,14969.800000,-,-,S,4577089,4588275
1,1,2873948,510360,2,20201109,130311090,1.682000,9100,15306.200000,-,-,S,4577089,4599338
1,1,2881115,510360,2,20201109,130341520,1.683000,100,168.300000,-,-,S,4603549,4610075
1,1,2881116,510360,2,20201109,130341520,1.683000,9300,15651.900000,-,-,S,4609933,4610075
1,1,2888948,510360,2,20201109,130411170,1.683000,8000,13464.000000,-,-,S,4610948,4621455
1,1,2898064,510360,2,20201109,130441090,1.683000,9900,16661.700000,-,-,S,4610948,4633302
1,1,2906044,510360,2,20201109,130510990,1.683000,9300,15651.900000,-,-,S,4610948,4645358
1,1,2922781,510360,2,20201109,130604450,1.684000,3000,5052.000000,-,-,B,4670747,4628306
1,1,2955343,510360,2,20201109,130843680,1.683000,2400,4039.200000,-,-,B,4729790,4710031
1,1,2968376,510360,2,20201109,130954060,1.681000,1000,1681.000000,-,-,S,4497617,4752776
1,1,2992690,510360,2,20201109,131129500,1.681000,1400,2353.400000,-,-,S,4497617,4790071
1,1,2992691,510360,2,20201109,131129500,1.681000,100,168.100000,-,-,S,4731568,4790071
1,1,3011662,510360,2,20201109,131219330,1.681000,100,168.100000,-,-,S,4731568,4817793
1,1,3036346,510360,2,20201109,131359490,1.679000,4000,6716.000000,-,-,S,4504615,4857142
1,1,3037482,510360,2,20201109,131403650,1.677000,100,167.700000,-,-,S,4401630,4858829
1,1,3037483,510360,2,20201109,131403650,1.677000,100,167.700000,-,-,S,4401630,4858830
1,1,3044333,510360,2,20201109,131432140,1.677000,300,503.100000,-,-,S,4401630,4870118
1,1,3044334,510360,2,20201109,131432140,1.677000,500,838.500000,-,-,S,4858767,4870118
1,1,3084366,510360,2,20201109,131803540,1.678000,800,1342.400000,-,-,S,4915842,4940413
1,1,3130790,510360,2,20201109,132134550,1.681000,10000,16810.000000,-,-,S,5011593,5012143
1,1,3185475,510360,2,20201109,132622440,1.683000,300,504.900000,-,-,B,5102692,5076754
1,1,3189371,510360,2,20201109,132644070,1.681000,1100,1849.100000,-,-,S,5024619,5109231
1,1,3210632,510360,2,20201109,132840420,1.682000,100,168.200000,-,-,S,5123009,5143555
1,1,3237106,510360,2,20201109,133047410,1.681000,3100,5211.100000,-,-,S,5024619,5186258
1,1,3264061,510360,2,20201109,133309060,1.681000,1800,3025.800000,-,-,S,5024619,5229396
1,1,3265796,510360,2,20201109,133318550,1.681000,31500,52951.500000,-,-,S,5024619,5232018
1,1,3285339,510360,2,20201109,133512770,1.681000,500,840.500000,-,-,S,5144814,5265382
1,1,3290913,510360,2,20201109,133548240,1.680000,500,840.000000,-,-,S,5077973,5274947
1,1,3290914,510360,2,20201109,133548240,1.680000,100,168.000000,-,-,S,5153580,5274947
1,1,3310778,510360,2,20201109,133727240,1.680000,300,504.000000,-,-,S,5153580,5304202
1,1,3314702,510360,2,20201109,133748090,1.681000,1500,2521.500000,-,-,B,5310349,5265382
1,1,3314703,510360,2,20201109,133748090,1.681000,28500,47908.500000,-,-,B,5310349,5275443
1,1,3326553,510360,2,20201109,133844930,1.680000,199600,335328.000000,-,-,S,5153580,5327079
1,1,3326554,510360,2,20201109,133844930,1.680000,100,168.000000,-,-,S,5275050,5327079
1,1,3326555,510360,2,20201109,133844930,1.680000,300,504.000000,-,-,S,5304346,5327079
1,1,3326648,510360,2,20201109,133845360,1.680000,100,168.000000,-,-,B,5327211,5327079
1,1,3326670,510360,2,20201109,133845420,1.680000,199900,335832.000000,-,-,B,5327231,5327079
1,1,3326822,510360,2,20201109,133846480,1.680000,200000,336000.000000,-,-,B,5327543,5327079
1,1,3326908,510360,2,20201109,133846820,1.680000,200000,336000.000000,-,-,B,5327705,5327079
1,1,3326955,510360,2,20201109,133847010,1.680000,30200,50736.000000,-,-,B,5327774,5327079
1,1,3327028,510360,2,20201109,133847570,1.680000,169800,285264.000000,-,-,B,5327929,5327079
1,1,3327049,510360,2,20201109,133847660,1.681000,1500,2521.500000,-,-,B,5327950,5275443
1,1,3330237,510360,2,20201109,133907150,1.683000,22700,38204.100000,-,-,B,5333263,5076754
1,1,3330308,510360,2,20201109,133907580,1.683000,24000,40392.000000,-,-,B,5333400,5076754
1,1,3333930,510360,2,20201109,133927530,1.683000,100,168.300000,-,-,B,5339150,5076754
1,1,3334408,510360,2,20201109,133931480,1.683000,200,336.600000,-,-,B,5340142,5076754
1,1,3334887,510360,2,20201109,133934080,1.683000,200,336.600000,-,-,B,5340860,5076754
1,1,3336192,510360,2,20201109,133941090,1.683000,400,673.200000,-,-,B,5342760,5076754
1,1,3337209,510360,2,20201109,133947530,1.683000,200,336.600000,-,-,B,5344564,5076754
1,1,3394389,510360,2,20201109,134424820,1.682000,700,1177.400000,-,-,B,5431239,5346869
1,1,3397705,510360,2,20201109,134438660,1.682000,600,1009.200000,-,-,B,5435688,5346869
1,1,3397710,510360,2,20201109,134438690,1.682000,600,1009.200000,-,-,B,5435698,5346869
1,1,3399097,510360,2,20201109,134445450,1.682000,600,1009.200000,-,-,B,5437719,5346869
1,1,3399151,510360,2,20201109,134445850,1.682000,600,1009.200000,-,-,B,5437829,5410475
1,1,3413490,510360,2,20201109,134558680,1.682000,400,672.800000,-,-,B,5459830,5410475
1,1,3487283,510360,2,20201109,135238740,1.682000,1700,2859.400000,-,-,B,5575172,5410475
1,1,3487284,510360,2,20201109,135238740,1.682000,2000,3364.000000,-,-,B,5575172,5434893
1,1,3487285,510360,2,20201109,135238740,1.683000,146300,246222.900000,-,-,B,5575172,5076754
1,1,3493804,510360,2,20201109,135318140,1.681000,900,1512.900000,-,-,S,5526177,5586196
1,1,3496248,510360,2,20201109,135330590,1.683000,150000,252450.000000,-,-,B,5589756,5076754
1,1,3501141,510360,2,20201109,135356750,1.681000,20000,33620.000000,-,-,S,5526177,5597296
1,1,3547554,510360,2,20201109,135754990,1.681000,600,1008.600000,-,-,S,5640376,5669552
1,1,3565103,510360,2,20201109,135950740,1.681000,1000,1681.000000,-,-,S,5640376,5698770
1,1,3596880,510360,2,20201109,140230950,1.683000,2000,3366.000000,-,-,B,5749844,5076754
1,1,3622158,510360,2,20201109,140357870,1.682000,10700,17997.400000,-,-,B,5785585,5753457
1,1,3666940,510360,2,20201109,140730240,1.680000,2000,3360.000000,-,-,S,5377046,5855220
1,1,3670023,510360,2,20201109,140742960,1.680000,2000,3360.000000,-,-,S,5377046,5859971
1,1,3670024,510360,2,20201109,140742960,1.680000,2000,3360.000000,-,-,S,5519468,5859971
1,1,3670025,510360,2,20201109,140742960,1.680000,3000,5040.000000,-,-,S,5707950,5859971
1,1,3670026,510360,2,20201109,140742960,1.680000,2800,4704.000000,-,-,S,5712870,5859971
1,1,3677134,510360,2,20201109,140812400,1.678000,1300,2181.400000,-,-,S,5604361,5870857
1,1,3694196,510360,2,20201109,140912070,1.678000,100,167.800000,-,-,S,5604361,5895717
1,1,3695464,510360,2,20201109,140916440,1.678000,600,1006.800000,-,-,S,5604361,5897702
1,1,3706612,510360,2,20201109,140950060,1.677000,500,838.500000,-,-,S,5535326,5912541
1,1,3764292,510360,2,20201109,141317550,1.677000,400,670.800000,-,-,B,6001477,5913043
1,1,3768401,510360,2,20201109,141343040,1.677000,600,1006.200000,-,-,S,6001477,6008483
1,1,3817156,510360,2,20201109,141833150,1.675000,20000,33500.000000,-,-,S,6040978,6089703
1,1,3817628,510360,2,20201109,141836860,1.675000,200,335.000000,-,-,S,6040978,6090531
1,1,3826764,510360,2,20201109,141936440,1.675000,600,1005.000000,-,-,S,6040978,6105275
1,1,3855644,510360,2,20201109,142157000,1.677000,1400,2347.800000,-,-,B,6149466,6008483
1,1,3855645,510360,2,20201109,142157000,1.677000,9000,15093.000000,-,-,B,6149466,6014410
1,1,3855646,510360,2,20201109,142157000,1.677000,16700,28005.900000,-,-,B,6149466,6075183
1,1,4000493,510360,2,20201109,143503300,1.677000,200,335.400000,-,-,B,6374012,6310571
1,1,4001048,510360,2,20201109,143505940,1.677000,300,503.100000,-,-,B,6374943,6374864
1,1,4001877,510360,2,20201109,143510100,1.678000,300,503.400000,-,-,B,6376303,6068004
1,1,4003632,510360,2,20201109,143517300,1.678000,100,167.800000,-,-,B,6378900,6254076
1,1,4011145,510360,2,20201109,143554880,1.677000,700,1173.900000,-,-,B,6390148,6380721
1,1,4011704,510360,2,20201109,143558480,1.677000,100,167.700000,-,-,B,6391086,6380721
1,1,4011846,510360,2,20201109,143559300,1.676000,100,167.600000,-,-,S,6124888,6391338
1,1,4011847,510360,2,20201109,143559300,1.676000,2000,3352.000000,-,-,S,6176885,6391338
1,1,4011848,510360,2,20201109,143559300,1.676000,2800,4692.800000,-,-,S,6202561,6391338
1,1,4013047,510360,2,20201109,143605800,1.677000,400,670.800000,-,-,B,6393531,6380721
1,1,4025640,510360,2,20201109,143708000,1.676000,200,335.200000,-,-,S,6202561,6412715
1,1,4149249,510360,2,20201109,144539620,1.673000,100,167.300000,-,-,S,4177613,6593853
1,1,4159283,510360,2,20201109,144619110,1.673000,200,334.600000,-,-,S,4177613,6609566
1,1,4161661,510360,2,20201109,144627530,1.674000,1000,1674.000000,-,-,B,6612847,6529619
1,1,4161940,510360,2,20201109,144628780,1.674000,3100,5189.400000,-,-,S,6612847,6613271
1,1,4196198,510360,2,20201109,144852530,1.675000,600,1005.000000,-,-,B,6664712,6654111
1,1,4214046,510360,2,20201109,145002750,1.676000,100,167.600000,-,-,B,6689853,6440276
1,1,4223665,510360,2,20201109,145033320,1.675000,400,670.000000,-,-,S,6664712,6703713
1,1,4223666,510360,2,20201109,145033320,1.674000,900,1506.600000,-,-,S,6612847,6703713
1,1,4223667,510360,2,20201109,145033320,1.674000,70800,118519.200000,-,-,S,6700883,6703713
1,1,4234108,510360,2,20201109,145109610,1.674000,5000,8370.000000,-,-,S,6700883,6718201
1,1,4252011,510360,2,20201109,145205600,1.675000,700,1172.500000,-,-,B,6742120,6718094
1,1,4252029,510360,2,20201109,145205660,1.675000,600,1005.000000,-,-,B,6742139,6718094
1,1,4252903,510360,2,20201109,145207760,1.675000,600,1005.000000,-,-,B,6742969,6718094
1,1,4252980,510360,2,20201109,145208040,1.675000,600,1005.000000,-,-,B,6743095,6718094
1,1,4254926,510360,2,20201109,145214060,1.675000,3500,5862.500000,-,-,B,6745750,6718094
1,1,4265773,510360,2,20201109,145250520,1.676000,700,1173.200000,-,-,B,6760735,6440276
1,1,4295325,510360,2,20201109,145417500,1.676000,5000,8380.000000,-,-,B,6800001,6440276
1,1,4302520,510360,2,20201109,145437360,1.676000,44200,74079.200000,-,-,B,6809484,6440276
1,1,4302521,510360,2,20201109,145437360,1.676000,500,838.000000,-,-,B,6809484,6481184
1,1,4302522,510360,2,20201109,145437360,1.676000,1400,2346.400000,-,-,B,6809484,6569772
1,1,4302523,510360,2,20201109,145437360,1.676000,1000,1676.000000,-,-,B,6809484,6804165
1,1,4304196,510360,2,20201109,145442550,1.678000,300,503.400000,-,-,B,6811872,6284407
1,1,4304197,510360,2,20201109,145442550,1.678000,1000,1678.000000,-,-,B,6811872,6316467
1,1,4304623,510360,2,20201109,145443960,1.678000,1700,2852.600000,-,-,S,6811872,6812511
1,1,4304624,510360,2,20201109,145443960,1.676000,25700,43073.200000,-,-,S,6810405,6812511
1,1,4327832,510360,2,20201109,145540500,1.679000,100,167.900000,-,-,B,6843779,6259547
1,1,4335356,510360,2,20201109,145600190,1.679000,200,335.800000,-,-,B,6853660,6259547
1,1,4336649,510360,2,20201109,145603200,1.679000,200,335.800000,-,-,B,6855423,6259547
1,1,4353822,510360,2,20201109,145644690,1.679000,100,167.900000,-,-,B,6876800,6259547
1,1,4359021,510360,2,20201109,145658460,1.679000,700,1175.300000,-,-,B,6883033,6259547
1,1,4359616,510360,2,20201109,145703260,1.680000,2000,3360.000000,-,-,B,6885092,6536298
1,1,4359617,510360,2,20201109,145703260,1.680000,1000,1680.000000,-,-,B,6885092,6810406
1,1,4360164,510360,2,20201109,145717580,1.677000,5000,8385.000000,-,-,S,6863736,6890858
1,1,4360956,510360,2,20201109,145743550,1.680000,3500,5880.000000,-,-,B,6899515,6810406
1,1,4361321,510360,2,20201109,145756490,1.677000,200,335.400000,-,-,S,6863736,6903320
1,1,4362550,510360,2,20201109,145841050,1.677000,1500,2515.500000,-,-,S,6863736,6916254
1,1,4363380,510360,2,20201109,145915770,1.678000,100,167.800000,-,-,B,6925039,6907410
1,1,4364232,510360,2,20201109,145941810,1.678000,3000,5034.000000,-,-,B,6931834,6907410
1,1,4364536,510360,2,20201109,145950810,1.678000,3200,5369.600000,-,-,B,6933766,6907410
