Datetime,Price,Volume
2020-11-09 09:25:00.310,3.018,100
2020-11-09 09:25:00.310,3.018,3400
2020-11-09 09:25:00.310,3.018,1000
2020-11-09 09:30:05.850,3.04,600
2020-11-09 09:30:47.130,3.088,600
2020-11-09 09:30:50.440,3.04,300
2020-11-09 09:30:53.340,3.04,100
2020-11-09 09:30:53.500,3.088,300
2020-11-09 09:30:54.120,3.04,300
2020-11-09 09:32:11.260,3.04,1000
2020-11-09 09:35:04.260,3.058,3900
2020-11-09 09:35:24.850,3.058,700
2020-11-09 09:35:38.100,3.058,12500
2020-11-09 09:35:38.100,3.058,2400
2020-11-09 09:36:43.980,3.053,1600
2020-11-09 09:37:04.850,3.051,3300
2020-11-09 09:38:51.190,3.049,2000
2020-11-09 09:39:10.330,3.053,4300
2020-11-09 09:39:10.330,3.053,1000
2020-11-09 09:39:27.080,3.055,900
2020-11-09 09:39:38.360,3.055,300
2020-11-09 09:41:53.300,3.06,2000
2020-11-09 09:42:57.640,3.055,100
2020-11-09 09:44:19.520,3.058,10800
2020-11-09 09:44:32.850,3.063,400
2020-11-09 09:45:08.940,3.057,1000
2020-11-09 09:45:57.380,3.061,2500
2020-11-09 09:45:59.370,3.063,19600
2020-11-09 09:45:59.370,3.063,10000
2020-11-09 09:52:33.600,3.056,500
2020-11-09 09:52:47.920,3.055,100
2020-11-09 09:52:47.920,3.055,200
2020-11-09 09:53:51.520,3.055,2700
2020-11-09 09:53:55.240,3.055,400
2020-11-09 09:55:04.630,3.058,100
2020-11-09 09:55:11.440,3.057,100
2020-11-09 09:55:44.780,3.063,400
2020-11-09 09:57:21.410,3.058,400
2020-11-09 09:59:15.340,3.058,300
2020-11-09 10:00:35.900,3.058,800
2020-11-09 10:05:01.610,3.062,5000
2020-11-09 10:05:01.610,3.062,2000
2020-11-09 10:10:11.690,3.063,600
2020-11-09 10:10:11.690,3.063,2100
2020-11-09 10:10:11.690,3.063,30000
2020-11-09 10:10:28.690,3.065,1500
2020-11-09 10:10:48.700,3.064,1500
2020-11-09 10:10:54.580,3.065,35500
2020-11-09 10:11:06.320,3.064,100
2020-11-09 10:13:33.060,3.065,200
2020-11-09 10:13:50.980,3.066,2000
2020-11-09 10:13:50.980,3.066,9200
2020-11-09 10:17:21.150,3.061,2000
2020-11-09 10:24:34.840,3.061,200
2020-11-09 10:27:16.750,3.061,1400
2020-11-09 10:33:25.640,3.061,100
2020-11-09 10:34:38.240,3.06,200
2020-11-09 10:35:27.920,3.059,700
2020-11-09 10:39:26.280,3.058,400
2020-11-09 10:40:45.080,3.064,5000
2020-11-09 10:44:09.270,3.06,7100
2020-11-09 10:45:04.560,3.063,100
2020-11-09 10:47:11.370,3.063,4300
2020-11-09 10:48:01.200,3.063,10000
2020-11-09 10:48:57.050,3.063,1800
2020-11-09 10:50:14.500,3.064,400
2020-11-09 10:50:43.110,3.065,2000
2020-11-09 10:50:43.110,3.065,100
2020-11-09 10:52:09.280,3.065,2300
2020-11-09 10:58:24.630,3.067,1000
2020-11-09 10:59:39.390,3.067,5000
2020-11-09 11:08:14.720,3.07,1000
2020-11-09 11:08:14.720,3.07,500
2020-11-09 11:08:14.720,3.07,4000
2020-11-09 11:08:23.650,3.071,3000
2020-11-09 11:12:38.080,3.074,1200
2020-11-09 11:13:15.740,3.074,3400
2020-11-09 11:13:15.740,3.074,2000
2020-11-09 11:14:15.130,3.077,900
2020-11-09 11:14:28.080,3.075,800
2020-11-09 11:14:37.500,3.077,2100
2020-11-09 11:14:54.780,3.078,5000
2020-11-09 11:16:01.810,3.078,3300
2020-11-09 11:17:17.110,3.08,1900
2020-11-09 11:17:17.110,3.08,1000
2020-11-09 11:19:02.930,3.08,4000
2020-11-09 11:19:02.930,3.08,5000
2020-11-09 11:19:02.930,3.08,100
2020-11-09 11:19:02.930,3.08,1400
2020-11-09 11:20:40.650,3.085,2500
2020-11-09 11:23:04.870,3.086,400
2020-11-09 11:23:04.870,3.086,200
2020-11-09 11:23:10.730,3.086,300
2020-11-09 11:23:10.730,3.087,400
2020-11-09 11:23:10.730,3.087,2400
2020-11-09 11:24:56.760,3.086,6500
2020-11-09 11:26:01.070,3.087,1000
2020-11-09 13:00:03.470,3.087,200
2020-11-09 13:00:03.470,3.087,200
2020-11-09 13:00:03.470,3.087,600
2020-11-09 13:00:04.480,3.082,1000
2020-11-09 13:00:05.910,3.082,200
2020-11-09 13:00:05.910,3.082,100
2020-11-09 13:00:42.300,3.082,3700
2020-11-09 13:02:11.270,3.087,1200
2020-11-09 13:02:11.270,3.087,10900
2020-11-09 13:04:21.410,3.087,6100
2020-11-09 13:04:21.410,3.087,100
2020-11-09 13:05:26.380,3.088,1000
2020-11-09 13:05:26.380,3.088,10000
2020-11-09 13:05:26.380,3.088,1900
2020-11-09 13:05:26.380,3.088,500
2020-11-09 13:05:26.380,3.088,400
2020-11-09 13:08:34.050,3.085,700
2020-11-09 13:09:13.610,3.083,100
2020-11-09 13:12:06.130,3.083,1000
2020-11-09 13:12:22.690,3.083,1000
2020-11-09 13:13:03.800,3.083,400
2020-11-09 13:13:42.650,3.083,1500
2020-11-09 13:13:42.650,3.083,300
2020-11-09 13:14:54.620,3.078,1000
2020-11-09 13:14:57.930,3.078,300
2020-11-09 13:25:35.790,3.089,100
2020-11-09 13:28:18.580,3.087,500
2020-11-09 13:29:50.590,3.085,1000
2020-11-09 13:33:48.500,3.085,500
2020-11-09 13:36:24.320,3.089,100
2020-11-09 13:36:24.320,3.089,6900
2020-11-09 13:36:24.320,3.089,5000
2020-11-09 13:36:24.320,3.089,500
2020-11-09 13:36:24.320,3.089,3000
2020-11-09 13:36:24.320,3.089,300
2020-11-09 13:36:24.320,3.089,1500
2020-11-09 13:37:09.670,3.09,5000
2020-11-09 13:37:09.670,3.09,5000
2020-11-09 13:37:41.880,3.089,32700
2020-11-09 13:37:47.020,3.09,400
2020-11-09 13:37:47.020,3.09,5300
2020-11-09 13:41:26.700,3.084,300
2020-11-09 13:41:53.310,3.088,700
2020-11-09 13:42:27.250,3.088,200
2020-11-09 13:42:50.020,3.088,9100
2020-11-09 13:46:25.040,3.088,5000
2020-11-09 13:49:52.990,3.088,8000
2020-11-09 13:51:12.930,3.089,1300
2020-11-09 13:51:12.930,3.089,1500
2020-11-09 13:51:31.740,3.09,300
2020-11-09 13:54:23.000,3.088,200
2020-11-09 13:56:07.140,3.087,2000
2020-11-09 14:03:45.500,3.084,200
2020-11-09 14:09:04.280,3.084,500
2020-11-09 14:10:03.060,3.078,5600
2020-11-09 14:10:03.060,3.078,5100
2020-11-09 14:10:03.060,3.078,500
2020-11-09 14:10:15.140,3.077,300
2020-11-09 14:11:04.160,3.077,200
2020-11-09 14:11:04.160,3.077,600
2020-11-09 14:12:26.550,3.077,2000
2020-11-09 14:16:02.340,3.077,500
2020-11-09 14:18:53.180,3.078,5000
2020-11-09 14:19:39.950,3.077,3000
2020-11-09 14:24:25.180,3.08,700
2020-11-09 14:29:47.660,3.076,1000
2020-11-09 14:29:50.430,3.076,10000
2020-11-09 14:29:59.770,3.076,500
2020-11-09 14:31:43.830,3.076,300
2020-11-09 14:31:56.980,3.08,1400
2020-11-09 14:31:56.980,3.08,100
2020-11-09 14:31:56.980,3.08,3300
2020-11-09 14:31:56.980,3.08,200
2020-11-09 14:36:27.940,3.075,1500
2020-11-09 14:44:36.670,3.076,2500
2020-11-09 14:48:31.600,3.073,300
2020-11-09 14:52:59.330,3.077,300
2020-11-09 14:55:20.640,3.08,9800
2020-11-09 14:55:20.640,3.08,2000
2020-11-09 14:55:20.640,3.08,4000
2020-11-09 14:55:20.640,3.08,1000
2020-11-09 14:55:20.640,3.08,10000
2020-11-09 14:56:13.400,3.079,7000
2020-11-09 14:56:34.970,3.079,100
2020-11-09 14:58:06.400,3.08,100
2020-11-09 14:59:37.660,3.08,100
