Datetime,Price,Volume
2020-10-15 09:25:00.640,3.419,500
2020-10-15 09:25:00.640,3.419,400
2020-10-15 09:25:00.640,3.419,200
2020-10-15 09:25:00.640,3.419,9400
2020-10-15 09:25:00.640,3.419,600
2020-10-15 09:25:00.640,3.419,900
2020-10-15 09:25:00.640,3.419,2100
2020-10-15 09:25:00.640,3.419,500
2020-10-15 09:25:00.640,3.419,3500
2020-10-15 09:25:00.640,3.419,3000
2020-10-15 09:25:00.640,3.419,800
2020-10-15 09:25:00.640,3.419,100
2020-10-15 09:25:00.640,3.419,500
2020-10-15 09:25:00.640,3.419,100
2020-10-15 09:25:00.640,3.419,200
2020-10-15 09:25:00.640,3.419,400
2020-10-15 09:25:00.640,3.419,3000
2020-10-15 09:25:00.640,3.419,2600
2020-10-15 09:25:00.640,3.419,7400
2020-10-15 09:25:00.640,3.419,200
2020-10-15 09:25:00.640,3.419,100
2020-10-15 09:25:00.640,3.419,300
2020-10-15 09:25:00.640,3.419,2000
2020-10-15 09:25:00.640,3.419,4000
2020-10-15 09:25:00.640,3.419,100
2020-10-15 09:25:00.640,3.419,2900
2020-10-15 09:25:00.640,3.419,1600
2020-10-15 09:25:00.640,3.419,200
2020-10-15 09:25:00.640,3.419,1200
2020-10-15 09:25:00.640,3.419,1800
2020-10-15 09:25:00.640,3.419,1000
2020-10-15 09:25:00.640,3.419,100
2020-10-15 09:25:00.640,3.419,100
2020-10-15 09:25:00.640,3.419,100
2020-10-15 09:25:00.640,3.419,6900
2020-10-15 09:25:00.640,3.419,8100
2020-10-15 09:25:00.640,3.419,100
2020-10-15 09:25:00.640,3.419,800
2020-10-15 09:25:00.640,3.419,1600
2020-10-15 09:25:00.640,3.419,100
2020-10-15 09:25:00.640,3.419,2000
2020-10-15 09:25:00.640,3.419,200
2020-10-15 09:25:00.640,3.419,1200
2020-10-15 09:25:00.640,3.419,600
2020-10-15 09:25:00.640,3.419,15300
2020-10-15 09:25:00.640,3.419,5000
2020-10-15 09:25:00.640,3.419,100
2020-10-15 09:25:00.640,3.419,400
2020-10-15 09:25:00.640,3.419,200
2020-10-15 09:25:00.640,3.419,10000
2020-10-15 09:25:00.640,3.419,200
2020-10-15 09:25:00.640,3.419,300
2020-10-15 09:25:00.640,3.419,200
2020-10-15 09:25:00.640,3.419,18600
2020-10-15 09:25:00.640,3.419,1400
2020-10-15 09:25:00.640,3.419,200
2020-10-15 09:25:00.640,3.419,400
2020-10-15 09:25:00.640,3.419,100
2020-10-15 09:25:00.640,3.419,2900
2020-10-15 09:25:00.640,3.419,3000
2020-10-15 09:25:00.640,3.419,5000
2020-10-15 09:25:00.640,3.419,100
2020-10-15 09:25:00.640,3.419,1000
2020-10-15 09:25:00.640,3.419,200
2020-10-15 09:25:00.640,3.419,300
2020-10-15 09:25:00.640,3.419,400
2020-10-15 09:25:00.640,3.419,9600
2020-10-15 09:25:00.640,3.419,100
2020-10-15 09:25:00.640,3.419,1600
2020-10-15 09:25:00.640,3.419,2000
2020-10-15 09:25:00.640,3.419,10000
2020-10-15 09:25:00.640,3.419,200
2020-10-15 09:25:00.640,3.419,20000
2020-10-15 09:25:00.640,3.419,10000
2020-10-15 09:30:00.160,3.419,1000
2020-10-15 09:30:00.240,3.418,200
2020-10-15 09:30:00.240,3.418,1000
2020-10-15 09:30:00.390,3.418,30000
2020-10-15 09:30:00.390,3.417,200
2020-10-15 09:30:00.390,3.417,1000
2020-10-15 09:30:00.390,3.416,5000
2020-10-15 09:30:00.390,3.416,200
2020-10-15 09:30:00.390,3.416,1000
2020-10-15 09:30:00.390,3.416,700
2020-10-15 09:30:00.630,3.418,100
2020-10-15 09:30:00.630,3.418,198800
2020-10-15 09:30:00.630,3.418,200
2020-10-15 09:30:00.750,3.418,29700
2020-10-15 09:30:00.750,3.419,300
2020-10-15 09:30:00.960,3.418,2000
2020-10-15 09:30:00.960,3.416,5300
2020-10-15 09:30:00.960,3.416,24700
2020-10-15 09:30:01.020,3.418,10000
2020-10-15 09:30:01.080,3.418,3000
2020-10-15 09:30:01.080,3.418,6000
2020-10-15 09:30:01.230,3.419,1500
2020-10-15 09:30:01.230,3.419,3300
2020-10-15 09:30:01.230,3.419,600
2020-10-15 09:30:01.320,3.419,100
2020-10-15 09:30:01.410,3.42,500
2020-10-15 09:30:01.410,3.42,100
2020-10-15 09:30:01.640,3.419,1500
2020-10-15 09:30:01.640,3.42,15800
2020-10-15 09:30:01.640,3.42,3000
2020-10-15 09:30:01.640,3.42,100
2020-10-15 09:30:01.640,3.42,8300
2020-10-15 09:30:01.690,3.42,12800
2020-10-15 09:30:01.690,3.42,1600
2020-10-15 09:30:01.690,3.421,1000
2020-10-15 09:30:01.690,3.421,300
2020-10-15 09:30:01.690,3.421,50000
2020-10-15 09:30:01.690,3.421,100
2020-10-15 09:30:01.690,3.422,11300
2020-10-15 09:30:01.690,3.422,55800
2020-10-15 09:30:01.750,3.422,3300
2020-10-15 09:30:01.840,3.422,10000
2020-10-15 09:30:01.950,3.422,10000
2020-10-15 09:30:02.180,3.422,1000
2020-10-15 09:30:02.280,3.423,6900
2020-10-15 09:30:02.280,3.423,500
2020-10-15 09:30:02.280,3.423,16800
2020-10-15 09:30:02.280,3.424,300
2020-10-15 09:30:02.280,3.424,400
2020-10-15 09:30:02.280,3.424,3000
2020-10-15 09:30:02.280,3.424,100
2020-10-15 09:30:02.280,3.424,1200
2020-10-15 09:30:02.570,3.422,1500
2020-10-15 09:30:02.700,3.422,400
2020-10-15 09:30:02.940,3.422,3000
2020-10-15 09:30:02.980,3.422,3200
2020-10-15 09:30:03.040,3.422,100
2020-10-15 09:30:03.090,3.422,6100
2020-10-15 09:30:03.450,3.422,1000
2020-10-15 09:30:03.450,3.422,2900
2020-10-15 09:30:03.450,3.422,500
2020-10-15 09:30:03.530,3.422,20900
2020-10-15 09:30:03.560,3.422,1500
2020-10-15 09:30:03.840,3.422,100
2020-10-15 09:30:04.090,3.422,28728
2020-10-15 09:30:04.340,3.423,2900
2020-10-15 09:30:04.530,3.423,500
2020-10-15 09:30:05.320,3.423,4800
2020-10-15 09:30:05.700,3.423,100
2020-10-15 09:30:05.700,3.423,15900
2020-10-15 09:30:06.590,3.423,9800
2020-10-15 09:30:07.010,3.423,4000
2020-10-15 09:30:08.360,3.424,400
2020-10-15 09:30:08.360,3.424,100
2020-10-15 09:30:08.360,3.424,400
2020-10-15 09:30:08.360,3.424,1000
2020-10-15 09:30:08.360,3.424,4000
2020-10-15 09:30:08.360,3.424,2700
2020-10-15 09:30:08.360,3.424,3000
2020-10-15 09:30:08.360,3.424,200
2020-10-15 09:30:08.360,3.424,10000
2020-10-15 09:30:08.360,3.424,10000
2020-10-15 09:30:08.360,3.424,300
2020-10-15 09:30:08.360,3.424,100
2020-10-15 09:30:08.360,3.424,1000
2020-10-15 09:30:08.360,3.424,9600
2020-10-15 09:30:08.360,3.424,100
2020-10-15 09:30:08.360,3.424,400
2020-10-15 09:30:08.360,3.424,1500
2020-10-15 09:30:08.360,3.424,32000
2020-10-15 09:30:08.360,3.424,4700
2020-10-15 09:30:08.360,3.424,2000
2020-10-15 09:30:08.360,3.424,900
2020-10-15 09:30:08.360,3.424,100
2020-10-15 09:30:08.360,3.424,100
2020-10-15 09:30:08.360,3.424,5000
2020-10-15 09:30:08.360,3.424,100
2020-10-15 09:30:08.360,3.424,100
2020-10-15 09:30:08.360,3.424,500
2020-10-15 09:30:08.360,3.424,2000
2020-10-15 09:30:08.360,3.424,10000
2020-10-15 09:30:08.360,3.424,1000
2020-10-15 09:30:08.360,3.424,10000
2020-10-15 09:30:08.360,3.424,400
2020-10-15 09:30:10.460,3.425,10000
2020-10-15 09:30:10.460,3.425,1000
2020-10-15 09:30:10.460,3.425,300
2020-10-15 09:30:10.490,3.425,12500
2020-10-15 09:30:14.860,3.425,76200
2020-10-15 09:30:17.700,3.425,38800
2020-10-15 09:30:17.720,3.424,62000
2020-10-15 09:30:17.780,3.425,2000
2020-10-15 09:30:18.660,3.424,20000
2020-10-15 09:30:19.870,3.424,14600
2020-10-15 09:30:24.450,3.425,100
2020-10-15 09:30:27.240,3.425,3900
2020-10-15 09:30:27.240,3.425,100
2020-10-15 09:30:29.680,3.426,500
2020-10-15 09:30:29.680,3.426,1100
2020-10-15 09:30:29.680,3.426,1000
2020-10-15 09:30:29.680,3.426,3400
2020-10-15 09:30:32.350,3.425,11000
2020-10-15 09:30:32.350,3.425,18400
2020-10-15 09:30:34.730,3.426,100
2020-10-15 09:30:34.730,3.426,9400
2020-10-15 09:30:34.730,3.426,500
2020-10-15 09:30:34.730,3.426,100
2020-10-15 09:30:34.730,3.426,6500
2020-10-15 09:30:34.730,3.426,900
2020-10-15 09:30:34.730,3.426,87600
2020-10-15 09:30:38.890,3.426,300
2020-10-15 09:30:38.890,3.426,19700
2020-10-15 09:30:38.990,3.427,1000
2020-10-15 09:30:38.990,3.427,1200
2020-10-15 09:30:38.990,3.427,1000
2020-10-15 09:30:38.990,3.427,52800
2020-10-15 09:30:40.130,3.427,97200
2020-10-15 09:30:40.130,3.427,200
2020-10-15 09:30:41.600,3.428,1200
2020-10-15 09:30:41.600,3.428,2800
2020-10-15 09:30:41.600,3.428,100
2020-10-15 09:30:41.600,3.428,500
2020-10-15 09:30:41.600,3.428,900
2020-10-15 09:30:41.600,3.428,7900
2020-10-15 09:30:42.180,3.427,1000
2020-10-15 09:30:44.380,3.428,11800
2020-10-15 09:30:44.570,3.427,40000
2020-10-15 09:30:44.880,3.427,24300
2020-10-15 09:30:44.880,3.427,1000
2020-10-15 09:30:46.020,3.427,30000
2020-10-15 09:30:46.820,3.427,3000
2020-10-15 09:30:47.740,3.427,10000
2020-10-15 09:30:48.300,3.427,13400
2020-10-15 09:30:48.300,3.427,42000
2020-10-15 09:30:48.910,3.427,3500
2020-10-15 09:30:50.210,3.427,2000
2020-10-15 09:30:50.210,3.426,15000
2020-10-15 09:30:50.980,3.427,300
2020-10-15 09:30:51.160,3.426,100
2020-10-15 09:30:53.390,3.427,11200
2020-10-15 09:30:57.010,3.427,3000
2020-10-15 09:30:57.430,3.427,4300
2020-10-15 09:30:57.880,3.426,6900
2020-10-15 09:30:57.880,3.426,3100
2020-10-15 09:30:57.880,3.426,200
2020-10-15 09:30:57.880,3.426,1000
2020-10-15 09:30:57.880,3.426,300
2020-10-15 09:30:58.330,3.426,5000
2020-10-15 09:30:58.510,3.426,100
2020-10-15 09:30:58.780,3.426,29100
2020-10-15 09:30:59.020,3.426,3500
2020-10-15 09:30:59.340,3.426,1800
2020-10-15 09:31:02.500,3.426,300
2020-10-15 09:31:02.560,3.426,500
2020-10-15 09:31:02.810,3.426,100
2020-10-15 09:31:05.840,3.425,15000
2020-10-15 09:31:05.840,3.425,900
2020-10-15 09:31:05.840,3.425,700
2020-10-15 09:31:05.840,3.425,5000
2020-10-15 09:31:05.840,3.425,1800
2020-10-15 09:31:08.040,3.426,100
2020-10-15 09:31:08.040,3.426,900
2020-10-15 09:31:08.070,3.426,49100
2020-10-15 09:31:10.080,3.427,26500
2020-10-15 09:31:10.290,3.427,114800
2020-10-15 09:31:11.470,3.427,1500
2020-10-15 09:31:11.540,3.426,1000
2020-10-15 09:31:11.540,3.425,1300
2020-10-15 09:31:11.540,3.425,1000
2020-10-15 09:31:12.890,3.425,5000
2020-10-15 09:31:13.850,3.426,100
2020-10-15 09:31:13.850,3.427,2900
2020-10-15 09:31:15.250,3.426,2400
2020-10-15 09:31:15.310,3.425,1300
2020-10-15 09:31:15.890,3.425,500
2020-10-15 09:31:15.990,3.426,600
2020-10-15 09:31:15.990,3.426,46100
2020-10-15 09:31:16.470,3.425,3000
2020-10-15 09:31:17.010,3.425,200
2020-10-15 09:31:19.990,3.426,100
2020-10-15 09:31:21.680,3.425,6400
2020-10-15 09:31:25.410,3.425,5000
2020-10-15 09:31:25.930,3.425,4900
2020-10-15 09:31:27.880,3.425,300
2020-10-15 09:31:28.620,3.425,2400
2020-10-15 09:31:28.620,3.425,1700
2020-10-15 09:31:29.140,3.426,2800
2020-10-15 09:31:29.300,3.426,30000
2020-10-15 09:31:31.430,3.425,88000
2020-10-15 09:31:31.430,3.426,10000
2020-10-15 09:31:31.970,3.426,1200
2020-10-15 09:31:35.050,3.425,119100
2020-10-15 09:31:35.050,3.425,500
2020-10-15 09:31:35.050,3.425,100
2020-10-15 09:31:35.050,3.425,5000
2020-10-15 09:31:35.050,3.425,2000
2020-10-15 09:31:35.050,3.425,10000
2020-10-15 09:31:35.050,3.425,13300
2020-10-15 09:31:37.700,3.425,7200
2020-10-15 09:31:39.900,3.425,29500
2020-10-15 09:31:39.900,3.425,100
2020-10-15 09:31:39.900,3.425,3100
2020-10-15 09:31:39.900,3.425,39100
2020-10-15 09:31:39.900,3.425,2500
2020-10-15 09:31:39.900,3.425,6800
2020-10-15 09:31:39.900,3.425,3000
2020-10-15 09:31:40.090,3.425,1000
2020-10-15 09:31:40.950,3.425,1600
2020-10-15 09:31:41.060,3.425,20000
2020-10-15 09:31:43.120,3.425,20000
2020-10-15 09:31:44.320,3.425,87500
2020-10-15 09:31:44.360,3.425,100
2020-10-15 09:31:46.630,3.424,900
2020-10-15 09:31:48.460,3.425,3000
2020-10-15 09:31:50.600,3.424,31600
2020-10-15 09:31:51.730,3.424,15500
2020-10-15 09:31:52.330,3.425,500
2020-10-15 09:31:53.010,3.424,154
2020-10-15 09:31:53.940,3.425,500
2020-10-15 09:31:55.540,3.424,100
2020-10-15 09:31:58.690,3.425,300
2020-10-15 09:31:59.560,3.425,30000
2020-10-15 09:32:00.510,3.424,15000
2020-10-15 09:32:01.420,3.425,10000
2020-10-15 09:32:01.740,3.424,23700
2020-10-15 09:32:05.450,3.424,20000
2020-10-15 09:32:06.430,3.424,100
2020-10-15 09:32:06.490,3.424,1000
2020-10-15 09:32:07.220,3.424,10000
2020-10-15 09:32:07.400,3.424,20600
2020-10-15 09:32:07.740,3.425,100
2020-10-15 09:32:09.790,3.425,41300
2020-10-15 09:32:09.790,3.425,13000
2020-10-15 09:32:09.880,3.425,7000
2020-10-15 09:32:09.880,3.425,1000
2020-10-15 09:32:09.880,3.425,200
2020-10-15 09:32:09.880,3.425,20000
2020-10-15 09:32:09.880,3.425,7000
2020-10-15 09:32:09.880,3.425,7000
2020-10-15 09:32:09.880,3.425,35900
2020-10-15 09:32:09.880,3.425,2000
2020-10-15 09:32:09.880,3.425,10000
2020-10-15 09:32:11.840,3.425,2900
2020-10-15 09:32:12.820,3.425,1000
2020-10-15 09:32:13.840,3.426,59800
2020-10-15 09:32:13.840,3.426,4000
2020-10-15 09:32:13.840,3.426,20000
2020-10-15 09:32:13.840,3.426,1000
2020-10-15 09:32:13.840,3.426,15000
2020-10-15 09:32:13.840,3.426,2100
2020-10-15 09:32:13.840,3.426,9700
2020-10-15 09:32:13.840,3.426,8800
2020-10-15 09:32:13.840,3.426,500
2020-10-15 09:32:13.840,3.426,7000
2020-10-15 09:32:13.840,3.426,3700
2020-10-15 09:32:13.840,3.426,3000
2020-10-15 09:32:13.840,3.426,5100
2020-10-15 09:32:13.840,3.426,1400
2020-10-15 09:32:13.840,3.426,3000
2020-10-15 09:32:19.250,3.427,1900
2020-10-15 09:32:19.250,3.427,4000
2020-10-15 09:32:19.250,3.427,10000
2020-10-15 09:32:19.250,3.427,2600
2020-10-15 09:32:19.250,3.427,5000
2020-10-15 09:32:19.250,3.427,4600
2020-10-15 09:32:19.570,3.427,20600
2020-10-15 09:32:21.820,3.427,8900
2020-10-15 09:32:22.470,3.428,80300
2020-10-15 09:32:22.470,3.428,4600
2020-10-15 09:32:22.470,3.428,165100
2020-10-15 09:32:23.330,3.428,62800
2020-10-15 09:32:23.780,3.428,22100
2020-10-15 09:32:23.780,3.428,2300
2020-10-15 09:32:23.780,3.428,10000
2020-10-15 09:32:24.280,3.429,1000
2020-10-15 09:32:24.280,3.429,2600
2020-10-15 09:32:24.280,3.429,10000
2020-10-15 09:32:24.280,3.429,1400
2020-10-15 09:32:24.280,3.429,700
2020-10-15 09:32:24.280,3.429,1000
2020-10-15 09:32:24.280,3.429,5000
2020-10-15 09:32:24.280,3.429,3500
2020-10-15 09:32:24.280,3.429,900
2020-10-15 09:32:24.280,3.429,11600
2020-10-15 09:32:30.050,3.429,7600
2020-10-15 09:32:31.760,3.429,10800
2020-10-15 09:32:31.760,3.429,2100
2020-10-15 09:32:31.760,3.429,10000
2020-10-15 09:32:31.760,3.429,100
2020-10-15 09:32:31.760,3.429,10000
2020-10-15 09:32:31.850,3.43,2000
2020-10-15 09:32:31.850,3.43,200
2020-10-15 09:32:31.850,3.43,8400
2020-10-15 09:32:31.850,3.43,1000
2020-10-15 09:32:31.850,3.43,500
2020-10-15 09:32:31.850,3.43,1400
2020-10-15 09:32:31.850,3.43,1900
2020-10-15 09:32:31.850,3.43,300
2020-10-15 09:32:31.850,3.43,3000
2020-10-15 09:32:31.850,3.43,700
2020-10-15 09:32:31.850,3.43,600
2020-10-15 09:32:32.000,3.43,400
2020-10-15 09:32:32.000,3.43,800
2020-10-15 09:32:32.020,3.429,3000
2020-10-15 09:32:33.400,3.429,18500
2020-10-15 09:32:33.490,3.429,2400
2020-10-15 09:32:34.660,3.429,11200
2020-10-15 09:32:34.960,3.429,2400
2020-10-15 09:32:35.330,3.43,100
2020-10-15 09:32:35.330,3.43,1000
2020-10-15 09:32:35.330,3.43,1000
2020-10-15 09:32:35.330,3.43,100
2020-10-15 09:32:35.330,3.43,15000
2020-10-15 09:32:35.330,3.43,40000
2020-10-15 09:32:35.330,3.43,56100
2020-10-15 09:32:35.330,3.43,10000
2020-10-15 09:32:35.330,3.43,700
2020-10-15 09:32:35.330,3.43,3500
2020-10-15 09:32:35.330,3.43,100
2020-10-15 09:32:35.330,3.43,50000
2020-10-15 09:32:35.330,3.43,30000
2020-10-15 09:32:35.330,3.43,10000
2020-10-15 09:32:35.330,3.43,4000
2020-10-15 09:32:35.330,3.43,10000
2020-10-15 09:32:35.490,3.43,900
2020-10-15 09:32:35.580,3.43,1500
2020-10-15 09:32:36.000,3.43,15000
2020-10-15 09:32:36.060,3.43,500
2020-10-15 09:32:36.510,3.43,2100
2020-10-15 09:32:36.710,3.43,2100
2020-10-15 09:32:36.800,3.43,400
2020-10-15 09:32:36.860,3.43,40000
2020-10-15 09:32:37.270,3.43,1400
2020-10-15 09:32:37.780,3.43,800
2020-10-15 09:32:38.040,3.43,2100
2020-10-15 09:32:38.060,3.43,2100
2020-10-15 09:32:38.780,3.431,1300
2020-10-15 09:32:38.780,3.431,1500
2020-10-15 09:32:38.780,3.431,600
2020-10-15 09:32:38.780,3.431,700
2020-10-15 09:32:38.780,3.431,1000
2020-10-15 09:32:38.780,3.431,500
2020-10-15 09:32:38.780,3.431,5000
2020-10-15 09:32:38.780,3.431,19400
2020-10-15 09:32:38.960,3.43,1400
2020-10-15 09:32:39.630,3.43,11800
2020-10-15 09:32:39.720,3.43,1100
2020-10-15 09:32:39.720,3.43,1100
2020-10-15 09:32:40.570,3.43,400
2020-10-15 09:32:41.320,3.43,1100
2020-10-15 09:32:41.410,3.43,1100
2020-10-15 09:32:42.170,3.43,400
2020-10-15 09:32:42.340,3.43,5000
2020-10-15 09:32:42.630,3.43,10000
2020-10-15 09:32:42.680,3.43,110400
2020-10-15 09:32:42.680,3.43,30000
2020-10-15 09:32:42.680,3.43,4600
2020-10-15 09:32:42.680,3.43,100
2020-10-15 09:32:42.680,3.43,100000
2020-10-15 09:32:42.680,3.43,2500
2020-10-15 09:32:43.980,3.43,100
2020-10-15 09:32:44.610,3.43,5000
2020-10-15 09:32:45.620,3.43,300
2020-10-15 09:32:46.080,3.43,35500
2020-10-15 09:32:46.080,3.43,4500
2020-10-15 09:32:46.870,3.43,1500
2020-10-15 09:32:47.660,3.43,1000
2020-10-15 09:32:47.660,3.43,200
2020-10-15 09:32:48.380,3.43,100
2020-10-15 09:32:48.380,3.43,99900
2020-10-15 09:32:48.700,3.43,10000
2020-10-15 09:32:51.930,3.428,100
2020-10-15 09:32:52.350,3.428,2900
2020-10-15 09:32:52.350,3.428,500
2020-10-15 09:32:52.350,3.428,11300
2020-10-15 09:32:54.850,3.429,20000
2020-10-15 09:32:55.760,3.43,9000
2020-10-15 09:32:56.900,3.428,2400
2020-10-15 09:32:57.250,3.43,800
2020-10-15 09:32:58.330,3.429,300
2020-10-15 09:32:58.720,3.429,200000
2020-10-15 09:32:59.820,3.429,99800
2020-10-15 09:32:59.820,3.429,200200
2020-10-15 09:33:01.660,3.428,4700
2020-10-15 09:33:02.100,3.429,30000
2020-10-15 09:33:02.340,3.429,69800
2020-10-15 09:33:02.340,3.429,64000
2020-10-15 09:33:02.340,3.429,40000
2020-10-15 09:33:03.170,3.429,1000
2020-10-15 09:33:03.620,3.429,3700
2020-10-15 09:33:05.360,3.43,10000
2020-10-15 09:33:05.360,3.43,2500
2020-10-15 09:33:05.360,3.43,100000
2020-10-15 09:33:05.360,3.43,3000
2020-10-15 09:33:05.360,3.43,20000
2020-10-15 09:33:05.360,3.43,1000
2020-10-15 09:33:05.360,3.43,20000
2020-10-15 09:33:05.360,3.43,100
2020-10-15 09:33:06.050,3.43,100
2020-10-15 09:33:06.080,3.43,143300
2020-10-15 09:33:06.080,3.43,20000
2020-10-15 09:33:06.080,3.43,30000
2020-10-15 09:33:06.130,3.43,6700
2020-10-15 09:33:06.480,3.43,6400
2020-10-15 09:33:06.800,3.431,1000
2020-10-15 09:33:06.800,3.431,500
2020-10-15 09:33:06.800,3.431,100
2020-10-15 09:33:06.800,3.431,3100
2020-10-15 09:33:07.710,3.43,26900
2020-10-15 09:33:07.710,3.43,13100
2020-10-15 09:33:08.170,3.43,6000
2020-10-15 09:33:08.360,3.431,5700
2020-10-15 09:33:08.360,3.431,294300
2020-10-15 09:33:08.500,3.43,5000
2020-10-15 09:33:08.660,3.43,2700
2020-10-15 09:33:09.710,3.43,10000
2020-10-15 09:33:09.770,3.431,10000
2020-10-15 09:33:09.770,3.431,7000
2020-10-15 09:33:09.770,3.431,20000
2020-10-15 09:33:09.770,3.431,93000
2020-10-15 09:33:12.490,3.431,100
2020-10-15 09:33:13.000,3.432,400
2020-10-15 09:33:13.000,3.432,5000
2020-10-15 09:33:13.000,3.432,1000
2020-10-15 09:33:13.000,3.432,1000
2020-10-15 09:33:13.000,3.432,100
2020-10-15 09:33:13.000,3.432,20000
2020-10-15 09:33:13.000,3.432,100
2020-10-15 09:33:13.000,3.432,2500
2020-10-15 09:33:13.000,3.432,60000
2020-10-15 09:33:13.000,3.432,5000
2020-10-15 09:33:13.000,3.432,3000
2020-10-15 09:33:13.000,3.432,7000
2020-10-15 09:33:13.890,3.432,8500
2020-10-15 09:33:13.920,3.432,7900
2020-10-15 09:33:13.920,3.431,121300
2020-10-15 09:33:16.850,3.431,5000
2020-10-15 09:33:17.030,3.433,2500
2020-10-15 09:33:17.440,3.431,6000
2020-10-15 09:33:18.350,3.432,100
2020-10-15 09:33:19.090,3.431,2800
2020-10-15 09:33:19.300,3.431,300000
2020-10-15 09:33:20.190,3.432,9000
2020-10-15 09:33:20.250,3.432,5000
2020-10-15 09:33:20.470,3.432,1000
2020-10-15 09:33:20.860,3.432,100
2020-10-15 09:33:22.620,3.432,1600
2020-10-15 09:33:22.800,3.431,233200
2020-10-15 09:33:22.800,3.431,1000
2020-10-15 09:33:27.450,3.431,1000
2020-10-15 09:33:27.600,3.431,1000
2020-10-15 09:33:27.730,3.431,63800
2020-10-15 09:33:27.730,3.431,4000
2020-10-15 09:33:30.250,3.431,700
2020-10-15 09:33:30.800,3.431,1000
2020-10-15 09:33:30.860,3.431,1800
2020-10-15 09:33:31.280,3.432,1000
2020-10-15 09:33:31.280,3.432,2500
2020-10-15 09:33:32.520,3.432,3000
2020-10-15 09:33:32.910,3.431,10000
2020-10-15 09:33:34.320,3.431,4300
2020-10-15 09:33:35.660,3.432,5200
2020-10-15 09:33:38.530,3.431,10000
2020-10-15 09:33:39.390,3.431,5700
2020-10-15 09:33:39.390,3.431,40000
2020-10-15 09:33:39.390,3.431,25300
2020-10-15 09:33:39.390,3.431,16200
2020-10-15 09:33:39.390,3.431,200
2020-10-15 09:33:39.390,3.431,2000
2020-10-15 09:33:39.390,3.431,21000
2020-10-15 09:33:39.650,3.431,19000
2020-10-15 09:33:39.650,3.431,1000
2020-10-15 09:33:39.840,3.431,30000
2020-10-15 09:33:40.820,3.431,20000
2020-10-15 09:33:41.000,3.431,4000
2020-10-15 09:33:41.760,3.431,2000
2020-10-15 09:33:42.400,3.432,900
2020-10-15 09:33:42.770,3.432,3400
2020-10-15 09:33:42.770,3.432,5000
2020-10-15 09:33:42.770,3.432,5000
2020-10-15 09:33:42.770,3.432,9400
2020-10-15 09:33:43.090,3.431,10000
2020-10-15 09:33:43.780,3.432,300000
2020-10-15 09:33:44.170,3.432,300000
2020-10-15 09:33:44.170,3.432,300000
2020-10-15 09:33:45.320,3.432,90600
2020-10-15 09:33:45.320,3.432,5000
2020-10-15 09:33:45.320,3.432,7000
2020-10-15 09:33:45.320,3.432,6000
2020-10-15 09:33:46.970,3.433,8500
2020-10-15 09:33:46.970,3.433,200
2020-10-15 09:33:46.970,3.433,700
2020-10-15 09:33:46.970,3.433,10000
2020-10-15 09:33:46.970,3.433,2800
2020-10-15 09:33:46.970,3.433,1000
2020-10-15 09:33:46.970,3.433,1600
2020-10-15 09:33:46.970,3.433,31200
2020-10-15 09:33:46.970,3.433,12000
2020-10-15 09:33:46.970,3.433,5000
2020-10-15 09:33:46.970,3.433,5000
2020-10-15 09:33:46.970,3.433,3000
2020-10-15 09:33:46.970,3.433,10000
2020-10-15 09:33:46.970,3.433,7000
2020-10-15 09:33:46.970,3.433,3100
2020-10-15 09:33:46.970,3.433,10000
2020-10-15 09:33:46.970,3.433,10000
2020-10-15 09:33:46.970,3.433,10000
2020-10-15 09:33:46.970,3.433,67700
2020-10-15 09:33:46.970,3.433,600
2020-10-15 09:33:47.840,3.433,100600
2020-10-15 09:33:47.840,3.432,191400
2020-10-15 09:33:47.840,3.432,72700
2020-10-15 09:33:48.810,3.432,10000
2020-10-15 09:33:49.650,3.433,14800
2020-10-15 09:33:53.080,3.434,400
2020-10-15 09:33:53.080,3.434,700
2020-10-15 09:33:53.080,3.434,1000
2020-10-15 09:33:53.080,3.434,6800
2020-10-15 09:33:53.080,3.434,1200
2020-10-15 09:33:53.600,3.434,8800
2020-10-15 09:33:53.600,3.434,1200
2020-10-15 09:33:55.750,3.433,5200
2020-10-15 09:33:55.750,3.433,2000
2020-10-15 09:33:56.690,3.434,1000
2020-10-15 09:33:58.070,3.434,7800
2020-10-15 09:33:58.070,3.434,2200
2020-10-15 09:33:58.070,3.434,2800
2020-10-15 09:33:58.070,3.434,7200
2020-10-15 09:33:58.380,3.433,25000
2020-10-15 09:33:58.610,3.433,1000
2020-10-15 09:34:01.540,3.433,3000
2020-10-15 09:34:02.890,3.434,2800
2020-10-15 09:34:02.890,3.434,1300
2020-10-15 09:34:03.980,3.433,600
2020-10-15 09:34:04.140,3.433,5000
2020-10-15 09:34:05.050,3.433,5000
2020-10-15 09:34:05.110,3.433,300
2020-10-15 09:34:06.790,3.434,300
2020-10-15 09:34:08.070,3.434,5400
2020-10-15 09:34:08.070,3.434,14600
2020-10-15 09:34:08.070,3.434,15500
2020-10-15 09:34:08.070,3.434,20000
2020-10-15 09:34:08.070,3.434,4500
2020-10-15 09:34:08.070,3.434,40000
2020-10-15 09:34:08.550,3.433,5000
2020-10-15 09:34:08.860,3.434,38300
2020-10-15 09:34:08.860,3.434,1700
2020-10-15 09:34:08.860,3.434,3300
2020-10-15 09:34:08.920,3.434,800
2020-10-15 09:34:09.940,3.435,900
2020-10-15 09:34:09.940,3.435,400
2020-10-15 09:34:09.940,3.435,50000
2020-10-15 09:34:09.940,3.435,800
2020-10-15 09:34:09.940,3.435,2000
2020-10-15 09:34:09.940,3.435,700
2020-10-15 09:34:09.940,3.435,1000
2020-10-15 09:34:09.940,3.435,7300
2020-10-15 09:34:09.940,3.435,20000
2020-10-15 09:34:09.940,3.435,2300
2020-10-15 09:34:09.940,3.435,300
2020-10-15 09:34:09.940,3.435,100
2020-10-15 09:34:09.940,3.435,5000
2020-10-15 09:34:09.940,3.435,100
2020-10-15 09:34:09.940,3.435,10000
2020-10-15 09:34:09.940,3.435,7000
2020-10-15 09:34:09.940,3.435,1000
2020-10-15 09:34:09.940,3.435,20000
2020-10-15 09:34:09.940,3.435,10000
2020-10-15 09:34:09.940,3.435,900
2020-10-15 09:34:10.610,3.435,1500
2020-10-15 09:34:11.850,3.435,5000
2020-10-15 09:34:12.690,3.435,1000
2020-10-15 09:34:13.040,3.435,10000
2020-10-15 09:34:13.250,3.435,3000
2020-10-15 09:34:15.750,3.435,500
2020-10-15 09:34:15.810,3.435,108600
2020-10-15 09:34:16.100,3.436,6300
2020-10-15 09:34:16.200,3.435,30600
2020-10-15 09:34:16.200,3.435,269400
2020-10-15 09:34:16.230,3.435,30600
2020-10-15 09:34:16.230,3.435,40000
2020-10-15 09:34:16.230,3.435,5000
2020-10-15 09:34:16.470,3.434,500
2020-10-15 09:34:16.500,3.435,100
2020-10-15 09:34:16.500,3.435,100
2020-10-15 09:34:16.580,3.435,100
2020-10-15 09:34:16.580,3.435,100
2020-10-15 09:34:16.580,3.435,100
2020-10-15 09:34:16.580,3.435,100
2020-10-15 09:34:16.580,3.435,100
2020-10-15 09:34:16.580,3.435,100
2020-10-15 09:34:16.580,3.435,100
2020-10-15 09:34:16.580,3.435,100
2020-10-15 09:34:16.580,3.435,100
2020-10-15 09:34:16.580,3.435,100
2020-10-15 09:34:16.580,3.435,100
2020-10-15 09:34:16.580,3.435,100
2020-10-15 09:34:16.580,3.435,100
2020-10-15 09:34:16.580,3.435,100
2020-10-15 09:34:16.580,3.435,100
2020-10-15 09:34:16.640,3.435,100
2020-10-15 09:34:16.640,3.435,100
2020-10-15 09:34:16.640,3.435,100
2020-10-15 09:34:16.640,3.435,100
2020-10-15 09:34:16.640,3.435,100
2020-10-15 09:34:16.640,3.435,100
2020-10-15 09:34:16.690,3.435,100
2020-10-15 09:34:16.690,3.435,100
2020-10-15 09:34:16.690,3.435,100
2020-10-15 09:34:16.720,3.435,100
2020-10-15 09:34:16.720,3.435,100
2020-10-15 09:34:16.720,3.435,100
2020-10-15 09:34:16.720,3.435,100
2020-10-15 09:34:16.750,3.435,100
2020-10-15 09:34:16.750,3.435,100
2020-10-15 09:34:16.750,3.435,100
2020-10-15 09:34:16.750,3.435,100
2020-10-15 09:34:16.750,3.435,100
2020-10-15 09:34:16.750,3.435,100
2020-10-15 09:34:16.800,3.435,100
2020-10-15 09:34:16.800,3.435,100
2020-10-15 09:34:16.890,3.435,100
2020-10-15 09:34:16.890,3.435,100
2020-10-15 09:34:16.890,3.435,100
2020-10-15 09:34:16.890,3.435,100
2020-10-15 09:34:16.890,3.435,100
2020-10-15 09:34:16.890,3.435,100
2020-10-15 09:34:16.890,3.435,100
2020-10-15 09:34:16.980,3.435,100
2020-10-15 09:34:16.980,3.435,100
2020-10-15 09:34:16.980,3.435,100
2020-10-15 09:34:16.980,3.435,100
2020-10-15 09:34:16.980,3.435,100
2020-10-15 09:34:17.100,3.435,100
2020-10-15 09:34:17.100,3.435,100
2020-10-15 09:34:17.100,3.435,100
2020-10-15 09:34:17.100,3.435,100
2020-10-15 09:34:17.100,3.435,100
2020-10-15 09:34:17.100,3.435,100
2020-10-15 09:34:17.100,3.435,100
2020-10-15 09:34:17.100,3.435,100
2020-10-15 09:34:17.130,3.435,100
2020-10-15 09:34:17.130,3.435,100
2020-10-15 09:34:17.130,3.435,100
2020-10-15 09:34:17.130,3.435,100
2020-10-15 09:34:17.130,3.435,100
2020-10-15 09:34:17.130,3.435,100
2020-10-15 09:34:17.190,3.435,100
2020-10-15 09:34:17.190,3.435,100
2020-10-15 09:34:17.190,3.435,100
2020-10-15 09:34:17.270,3.435,100
2020-10-15 09:34:17.270,3.435,100
2020-10-15 09:34:17.270,3.435,100
2020-10-15 09:34:17.270,3.435,100
2020-10-15 09:34:17.300,3.435,100
2020-10-15 09:34:17.300,3.435,100
2020-10-15 09:34:17.300,3.435,10000
2020-10-15 09:34:17.330,3.435,100
2020-10-15 09:34:17.330,3.435,100
2020-10-15 09:34:17.330,3.435,100
2020-10-15 09:34:17.330,3.435,100
2020-10-15 09:34:17.330,3.435,100
2020-10-15 09:34:17.330,3.435,100
2020-10-15 09:34:17.330,3.435,100
2020-10-15 09:34:17.330,3.435,100
2020-10-15 09:34:17.440,3.435,100
2020-10-15 09:34:17.440,3.435,100
2020-10-15 09:34:17.440,3.435,100
2020-10-15 09:34:17.440,3.435,100
2020-10-15 09:34:17.440,3.435,100
2020-10-15 09:34:17.500,3.435,100
2020-10-15 09:34:17.500,3.435,100
2020-10-15 09:34:17.500,3.435,100
2020-10-15 09:34:17.500,3.435,100
2020-10-15 09:34:18.380,3.435,100000
2020-10-15 09:34:18.730,3.435,4400
2020-10-15 09:34:20.000,3.435,35400
2020-10-15 09:34:20.930,3.434,800
2020-10-15 09:34:21.160,3.435,4000
2020-10-15 09:34:22.540,3.435,42400
2020-10-15 09:34:23.630,3.435,200
2020-10-15 09:34:23.930,3.435,400
2020-10-15 09:34:24.210,3.435,200
2020-10-15 09:34:25.440,3.435,100
2020-10-15 09:34:25.650,3.434,23000
2020-10-15 09:34:26.190,3.435,18300
2020-10-15 09:34:26.190,3.435,10000
2020-10-15 09:34:26.190,3.435,11700
2020-10-15 09:34:26.780,3.434,16200
2020-10-15 09:34:26.780,3.434,45900
2020-10-15 09:34:26.920,3.435,10000
2020-10-15 09:34:26.980,3.434,100000
2020-10-15 09:34:27.150,3.435,7000
2020-10-15 09:34:27.540,3.434,139900
2020-10-15 09:34:27.540,3.434,14200
2020-10-15 09:34:27.540,3.434,100
2020-10-15 09:34:27.540,3.434,40000
2020-10-15 09:34:27.540,3.434,1200
2020-10-15 09:34:27.720,3.435,500
2020-10-15 09:34:28.950,3.434,2000
2020-10-15 09:34:29.700,3.435,5500
2020-10-15 09:34:29.850,3.434,1800
2020-10-15 09:34:29.850,3.434,2000
2020-10-15 09:34:29.850,3.434,3000
2020-10-15 09:34:29.850,3.434,20000
2020-10-15 09:34:29.850,3.434,40000
2020-10-15 09:34:30.370,3.434,4800
2020-10-15 09:34:31.480,3.434,5200
2020-10-15 09:34:31.720,3.434,3200
2020-10-15 09:34:32.170,3.434,100
2020-10-15 09:34:32.620,3.434,19900
2020-10-15 09:34:32.620,3.434,7000
2020-10-15 09:34:32.970,3.435,20000
2020-10-15 09:34:33.590,3.435,2000
2020-10-15 09:34:33.650,3.434,1000
2020-10-15 09:34:33.730,3.434,5800
2020-10-15 09:34:34.220,3.434,500
2020-10-15 09:34:35.500,3.434,5800
2020-10-15 09:34:35.500,3.434,20200
2020-10-15 09:34:36.670,3.434,300
2020-10-15 09:34:38.960,3.435,1600
2020-10-15 09:34:39.570,3.435,8700
2020-10-15 09:34:40.260,3.434,15000
2020-10-15 09:34:40.320,3.435,20100
2020-10-15 09:34:44.780,3.435,100
2020-10-15 09:34:44.780,3.435,100
2020-10-15 09:34:44.780,3.435,100
2020-10-15 09:34:44.780,3.435,100
2020-10-15 09:34:44.780,3.435,100
2020-10-15 09:34:44.780,3.435,100
2020-10-15 09:34:44.820,3.435,100
2020-10-15 09:34:44.820,3.435,100
2020-10-15 09:34:44.840,3.435,100
2020-10-15 09:34:44.840,3.435,100
2020-10-15 09:34:44.840,3.435,100
2020-10-15 09:34:44.840,3.435,100
2020-10-15 09:34:44.840,3.435,100
2020-10-15 09:34:44.840,3.435,100
2020-10-15 09:34:44.870,3.435,100
2020-10-15 09:34:44.870,3.435,100
2020-10-15 09:34:44.870,3.435,100
2020-10-15 09:34:44.870,3.435,100
2020-10-15 09:34:44.870,3.435,100
2020-10-15 09:34:44.930,3.435,100
2020-10-15 09:34:44.960,3.434,3000
2020-10-15 09:34:45.000,3.435,100
2020-10-15 09:34:45.000,3.435,100
2020-10-15 09:34:45.000,3.435,100
2020-10-15 09:34:45.000,3.435,100
2020-10-15 09:34:45.000,3.435,100
2020-10-15 09:34:45.000,3.435,100
2020-10-15 09:34:45.070,3.435,100
2020-10-15 09:34:45.070,3.435,100
2020-10-15 09:34:45.070,3.435,100
2020-10-15 09:34:45.070,3.435,100
2020-10-15 09:34:45.070,3.435,100
2020-10-15 09:34:45.070,3.435,100
2020-10-15 09:34:45.070,3.435,100
2020-10-15 09:34:45.070,3.435,100
2020-10-15 09:34:45.070,3.435,100
2020-10-15 09:34:45.070,3.435,100
2020-10-15 09:34:45.070,3.435,100
2020-10-15 09:34:45.070,3.435,100
2020-10-15 09:34:45.070,3.435,100
2020-10-15 09:34:45.130,3.435,100
2020-10-15 09:34:45.130,3.435,100
2020-10-15 09:34:45.130,3.435,100
2020-10-15 09:34:45.130,3.435,100
2020-10-15 09:34:45.130,3.435,100
2020-10-15 09:34:45.210,3.435,100
2020-10-15 09:34:45.210,3.435,100
2020-10-15 09:34:45.210,3.435,100
2020-10-15 09:34:45.210,3.435,100
2020-10-15 09:34:45.210,3.435,100
2020-10-15 09:34:45.210,3.435,100
2020-10-15 09:34:45.270,3.435,100
2020-10-15 09:34:45.270,3.435,100
2020-10-15 09:34:45.270,3.435,100
2020-10-15 09:34:45.270,3.435,100
2020-10-15 09:34:45.270,3.435,100
2020-10-15 09:34:45.270,3.435,100
2020-10-15 09:34:45.300,3.435,100
2020-10-15 09:34:45.300,3.435,100
2020-10-15 09:34:45.300,3.435,100
2020-10-15 09:34:45.300,3.435,100
2020-10-15 09:34:45.300,3.435,100
2020-10-15 09:34:45.300,3.435,100
2020-10-15 09:34:45.330,3.435,100
2020-10-15 09:34:45.330,3.435,100
2020-10-15 09:34:45.330,3.435,100
2020-10-15 09:34:45.330,3.435,100
2020-10-15 09:34:45.330,3.435,100
2020-10-15 09:34:45.330,3.435,100
2020-10-15 09:34:45.330,3.435,100
2020-10-15 09:34:45.390,3.435,100
2020-10-15 09:34:45.390,3.435,100
2020-10-15 09:34:45.390,3.435,100
2020-10-15 09:34:45.390,3.435,100
2020-10-15 09:34:45.390,3.435,100
2020-10-15 09:34:45.450,3.435,100
2020-10-15 09:34:45.450,3.435,100
2020-10-15 09:34:45.450,3.435,100
2020-10-15 09:34:45.450,3.435,100
2020-10-15 09:34:45.450,3.435,100
2020-10-15 09:34:45.480,3.435,100
2020-10-15 09:34:45.480,3.435,100
2020-10-15 09:34:45.480,3.435,100
2020-10-15 09:34:45.480,3.435,100
2020-10-15 09:34:45.480,3.435,100
2020-10-15 09:34:45.480,3.435,100
2020-10-15 09:34:45.540,3.435,100
2020-10-15 09:34:45.540,3.435,100
2020-10-15 09:34:45.540,3.435,100
2020-10-15 09:34:45.540,3.435,100
2020-10-15 09:34:45.540,3.435,100
2020-10-15 09:34:45.590,3.435,100
2020-10-15 09:34:45.590,3.435,100
2020-10-15 09:34:45.590,3.435,100
2020-10-15 09:34:45.590,3.435,100
2020-10-15 09:34:45.590,3.435,100
2020-10-15 09:34:45.590,3.435,100
2020-10-15 09:34:45.590,3.435,100
2020-10-15 09:34:45.590,3.435,100
2020-10-15 09:34:45.660,3.435,100
2020-10-15 09:34:45.660,3.435,100
2020-10-15 09:34:45.780,3.435,100
2020-10-15 09:34:45.780,3.435,100
2020-10-15 09:34:45.780,3.435,100
2020-10-15 09:34:45.780,3.435,100
2020-10-15 09:34:45.780,3.435,100
2020-10-15 09:34:45.840,3.435,100
2020-10-15 09:34:45.840,3.435,100
2020-10-15 09:34:45.840,3.435,100
2020-10-15 09:34:45.840,3.435,100
2020-10-15 09:34:45.840,3.435,100
2020-10-15 09:34:45.840,3.435,100
2020-10-15 09:34:45.840,3.435,100
2020-10-15 09:34:45.840,3.435,100
2020-10-15 09:34:45.870,3.435,100
2020-10-15 09:34:45.870,3.435,100
2020-10-15 09:34:45.870,3.435,100
2020-10-15 09:34:45.870,3.435,100
2020-10-15 09:34:45.940,3.435,100
2020-10-15 09:34:45.940,3.435,100
2020-10-15 09:34:45.940,3.435,100
2020-10-15 09:34:45.940,3.435,100
2020-10-15 09:34:45.940,3.435,100
2020-10-15 09:34:45.940,3.435,100
2020-10-15 09:34:45.970,3.435,100
2020-10-15 09:34:45.970,3.435,100
2020-10-15 09:34:45.970,3.435,100
2020-10-15 09:34:45.970,3.435,100
2020-10-15 09:34:45.970,3.435,100
2020-10-15 09:34:46.080,3.435,100
2020-10-15 09:34:46.080,3.435,100
2020-10-15 09:34:46.080,3.435,100
2020-10-15 09:34:46.080,3.435,100
2020-10-15 09:34:46.080,3.435,100
2020-10-15 09:34:46.080,3.435,100
2020-10-15 09:34:46.080,3.435,100
2020-10-15 09:34:46.080,3.435,100
2020-10-15 09:34:46.080,3.435,100
2020-10-15 09:34:46.080,3.435,100
2020-10-15 09:34:46.080,3.435,100
2020-10-15 09:34:46.080,3.435,100
2020-10-15 09:34:46.080,3.435,100
2020-10-15 09:34:46.140,3.435,100
2020-10-15 09:34:46.140,3.435,100
2020-10-15 09:34:46.140,3.435,100
2020-10-15 09:34:46.140,3.435,100
2020-10-15 09:34:46.190,3.435,100
2020-10-15 09:34:46.190,3.435,100
2020-10-15 09:34:46.190,3.435,100
2020-10-15 09:34:46.190,3.435,100
2020-10-15 09:34:46.190,3.435,100
2020-10-15 09:34:46.530,3.434,10000
2020-10-15 09:34:46.650,3.434,3400
2020-10-15 09:34:47.530,3.435,5200
2020-10-15 09:34:48.400,3.435,1000
2020-10-15 09:34:49.350,3.435,100
2020-10-15 09:34:49.430,3.435,100
2020-10-15 09:34:49.430,3.435,100
2020-10-15 09:34:49.430,3.435,100
2020-10-15 09:34:49.430,3.435,100
2020-10-15 09:34:49.430,3.435,100
2020-10-15 09:34:49.430,3.435,100
2020-10-15 09:34:49.460,3.435,100
2020-10-15 09:34:49.460,3.435,100
2020-10-15 09:34:49.460,3.435,100
2020-10-15 09:34:49.460,3.435,100
2020-10-15 09:34:49.500,3.435,100
2020-10-15 09:34:49.500,3.435,100
2020-10-15 09:34:49.500,3.435,100
2020-10-15 09:34:49.500,3.435,100
2020-10-15 09:34:49.500,3.435,100
2020-10-15 09:34:49.500,3.435,100
2020-10-15 09:34:49.620,3.434,1700
2020-10-15 09:34:49.620,3.434,1300
2020-10-15 09:34:49.650,3.435,100
2020-10-15 09:34:49.650,3.435,100
2020-10-15 09:34:49.650,3.435,100
2020-10-15 09:34:49.650,3.435,100
2020-10-15 09:34:49.650,3.435,100
2020-10-15 09:34:49.650,3.435,100
2020-10-15 09:34:49.650,3.435,100
2020-10-15 09:34:49.650,3.435,100
2020-10-15 09:34:49.650,3.435,100
2020-10-15 09:34:49.700,3.435,100
2020-10-15 09:34:49.700,3.435,100
2020-10-15 09:34:49.700,3.435,100
2020-10-15 09:34:49.700,3.435,100
2020-10-15 09:34:49.700,3.435,100
2020-10-15 09:34:49.700,3.435,100
2020-10-15 09:34:49.700,3.435,100
2020-10-15 09:34:49.700,3.435,100
2020-10-15 09:34:49.700,3.435,100
2020-10-15 09:34:49.760,3.435,100
2020-10-15 09:34:49.760,3.435,100
2020-10-15 09:34:49.760,3.435,100
2020-10-15 09:34:49.760,3.435,100
2020-10-15 09:34:49.790,3.435,100
2020-10-15 09:34:49.790,3.435,100
2020-10-15 09:34:49.790,3.435,100
2020-10-15 09:34:49.790,3.435,100
2020-10-15 09:34:49.790,3.435,100
2020-10-15 09:34:49.850,3.435,100
2020-10-15 09:34:49.850,3.435,100
2020-10-15 09:34:49.850,3.435,100
2020-10-15 09:34:49.850,3.435,100
2020-10-15 09:34:49.910,3.435,100
2020-10-15 09:34:49.910,3.435,100
2020-10-15 09:34:49.910,3.435,100
2020-10-15 09:34:49.910,3.435,100
2020-10-15 09:34:49.910,3.435,100
2020-10-15 09:34:49.910,3.435,100
2020-10-15 09:34:49.990,3.435,100
2020-10-15 09:34:49.990,3.435,100
2020-10-15 09:34:49.990,3.435,100
2020-10-15 09:34:49.990,3.435,100
2020-10-15 09:34:50.020,3.435,100
2020-10-15 09:34:50.020,3.435,100
2020-10-15 09:34:50.020,3.435,100
2020-10-15 09:34:50.020,3.435,100
2020-10-15 09:34:50.050,3.435,100
2020-10-15 09:34:50.050,3.435,100
2020-10-15 09:34:50.050,3.435,100
2020-10-15 09:34:50.110,3.435,100
2020-10-15 09:34:50.110,3.435,100
2020-10-15 09:34:50.110,3.435,100
2020-10-15 09:34:50.110,3.435,100
2020-10-15 09:34:50.110,3.435,100
2020-10-15 09:34:50.170,3.435,100
2020-10-15 09:34:50.170,3.435,100
2020-10-15 09:34:50.170,3.435,100
2020-10-15 09:34:50.170,3.435,100
2020-10-15 09:34:50.170,3.435,100
2020-10-15 09:34:50.170,3.435,100
2020-10-15 09:34:50.170,3.435,100
2020-10-15 09:34:50.170,3.435,100
2020-10-15 09:34:50.170,3.435,100
2020-10-15 09:34:50.170,3.435,100
2020-10-15 09:34:50.170,3.435,100
2020-10-15 09:34:50.170,3.435,100
2020-10-15 09:34:50.170,3.435,100
2020-10-15 09:34:50.170,3.435,100
2020-10-15 09:34:50.170,3.435,100
2020-10-15 09:34:50.170,3.435,100
2020-10-15 09:34:50.170,3.435,100
2020-10-15 09:34:50.170,3.435,100
2020-10-15 09:34:50.170,3.435,100
2020-10-15 09:34:50.170,3.435,100
2020-10-15 09:34:50.210,3.435,100
2020-10-15 09:34:50.210,3.435,100
2020-10-15 09:34:50.210,3.435,100
2020-10-15 09:34:50.210,3.435,100
2020-10-15 09:34:50.310,3.435,5000
2020-10-15 09:34:50.310,3.435,100
2020-10-15 09:34:50.310,3.435,100
2020-10-15 09:34:50.310,3.435,100
2020-10-15 09:34:50.310,3.435,100
2020-10-15 09:34:50.310,3.435,100
2020-10-15 09:34:50.310,3.434,1000
2020-10-15 09:34:50.310,3.435,100
2020-10-15 09:34:50.370,3.435,100
2020-10-15 09:34:50.370,3.435,100
2020-10-15 09:34:50.400,3.435,100
2020-10-15 09:34:50.400,3.435,100
2020-10-15 09:34:50.400,3.435,100
2020-10-15 09:34:50.400,3.435,100
2020-10-15 09:34:50.400,3.435,100
2020-10-15 09:34:50.460,3.435,100
2020-10-15 09:34:50.460,3.435,100
2020-10-15 09:34:50.460,3.435,100
2020-10-15 09:34:50.460,3.435,100
2020-10-15 09:34:50.540,3.435,100
2020-10-15 09:34:50.540,3.435,100
2020-10-15 09:34:50.540,3.435,100
2020-10-15 09:34:50.540,3.435,100
2020-10-15 09:34:50.730,3.435,100
2020-10-15 09:34:50.760,3.435,100
2020-10-15 09:34:50.760,3.435,100
2020-10-15 09:34:50.760,3.435,100
2020-10-15 09:34:50.760,3.435,100
2020-10-15 09:34:50.760,3.435,100
2020-10-15 09:34:50.760,3.435,100
2020-10-15 09:34:50.760,3.435,100
2020-10-15 09:34:50.760,3.435,100
2020-10-15 09:34:50.760,3.435,100
2020-10-15 09:34:50.760,3.435,100
2020-10-15 09:34:50.760,3.435,100
2020-10-15 09:34:50.760,3.435,100
2020-10-15 09:34:50.760,3.435,100
2020-10-15 09:34:50.760,3.435,100
2020-10-15 09:34:50.760,3.435,100
2020-10-15 09:34:50.820,3.435,100
2020-10-15 09:34:50.820,3.435,100
2020-10-15 09:34:50.820,3.435,100
2020-10-15 09:34:50.820,3.435,100
2020-10-15 09:34:50.820,3.435,100
2020-10-15 09:34:50.820,3.435,100
2020-10-15 09:34:50.880,3.435,100
2020-10-15 09:34:50.880,3.435,100
2020-10-15 09:34:50.880,3.435,100
2020-10-15 09:34:50.880,3.435,100
2020-10-15 09:34:50.880,3.435,100
2020-10-15 09:34:50.880,3.435,100
2020-10-15 09:34:50.880,3.435,100
2020-10-15 09:34:50.880,3.435,100
2020-10-15 09:34:50.880,3.435,100
2020-10-15 09:34:50.880,3.435,100
2020-10-15 09:34:50.880,3.435,100
2020-10-15 09:34:50.910,3.435,100
2020-10-15 09:34:50.910,3.435,100
2020-10-15 09:34:51.260,3.435,5000
2020-10-15 09:34:52.130,3.435,100
2020-10-15 09:34:52.320,3.434,4300
2020-10-15 09:34:52.730,3.435,300
2020-10-15 09:34:54.270,3.435,30000
2020-10-15 09:34:56.750,3.435,200
2020-10-15 09:34:56.750,3.435,300
2020-10-15 09:34:57.190,3.435,4000
2020-10-15 09:34:57.710,3.434,10000
2020-10-15 09:34:58.920,3.435,400
2020-10-15 09:34:59.300,3.434,23400
2020-10-15 09:34:59.300,3.434,9800
2020-10-15 09:34:59.300,3.434,1700
2020-10-15 09:34:59.860,3.435,100
2020-10-15 09:35:00.000,3.434,2200
2020-10-15 09:35:00.970,3.435,100
2020-10-15 09:35:02.980,3.434,15000
2020-10-15 09:35:04.730,3.434,1100
2020-10-15 09:35:04.730,3.434,18900
2020-10-15 09:35:06.140,3.434,8500
2020-10-15 09:35:06.410,3.434,500
2020-10-15 09:35:07.630,3.434,3000
2020-10-15 09:35:08.060,3.434,9100
2020-10-15 09:35:08.060,3.434,15900
2020-10-15 09:35:08.090,3.435,22400
2020-10-15 09:35:08.830,3.434,2000
2020-10-15 09:35:09.600,3.434,100
2020-10-15 09:35:09.890,3.435,121700
2020-10-15 09:35:09.890,3.435,40000
2020-10-15 09:35:09.890,3.435,3000
2020-10-15 09:35:09.890,3.435,1000
2020-10-15 09:35:09.890,3.435,25300
2020-10-15 09:35:09.890,3.435,1700
2020-10-15 09:35:09.890,3.435,100
2020-10-15 09:35:09.890,3.435,10000
2020-10-15 09:35:09.890,3.435,5000
2020-10-15 09:35:09.890,3.435,5000
2020-10-15 09:35:09.890,3.435,10000
2020-10-15 09:35:09.890,3.435,46600
2020-10-15 09:35:09.890,3.435,5000
2020-10-15 09:35:09.890,3.435,3000
2020-10-15 09:35:09.890,3.435,11100
2020-10-15 09:35:09.890,3.435,1000
2020-10-15 09:35:09.890,3.435,2200
2020-10-15 09:35:09.890,3.435,500
2020-10-15 09:35:09.890,3.435,2900
2020-10-15 09:35:09.890,3.435,1000
2020-10-15 09:35:09.890,3.435,3900
2020-10-15 09:35:10.530,3.435,700
2020-10-15 09:35:10.530,3.435,10000
2020-10-15 09:35:10.530,3.435,500
2020-10-15 09:35:10.530,3.435,200
2020-10-15 09:35:11.100,3.435,5000
2020-10-15 09:35:11.360,3.435,100
2020-10-15 09:35:13.610,3.434,3000
2020-10-15 09:35:13.980,3.434,500
2020-10-15 09:35:15.050,3.434,8500
2020-10-15 09:35:15.190,3.434,400
2020-10-15 09:35:15.620,3.436,10000
2020-10-15 09:35:18.180,3.436,100
2020-10-15 09:35:18.760,3.435,10000
2020-10-15 09:35:21.090,3.436,400
2020-10-15 09:35:21.300,3.435,1000
2020-10-15 09:35:21.500,3.436,1500
2020-10-15 09:35:21.500,3.436,200
2020-10-15 09:35:21.500,3.436,700
2020-10-15 09:35:21.500,3.436,1000
2020-10-15 09:35:21.500,3.436,600
2020-10-15 09:35:21.500,3.436,100
2020-10-15 09:35:21.500,3.436,500
2020-10-15 09:35:21.500,3.436,10000
2020-10-15 09:35:21.500,3.436,5400
2020-10-15 09:35:21.650,3.436,29500
2020-10-15 09:35:21.650,3.436,7000
2020-10-15 09:35:21.650,3.436,1000
2020-10-15 09:35:21.650,3.436,300
2020-10-15 09:35:21.650,3.436,1500
2020-10-15 09:35:21.650,3.436,700
2020-10-15 09:35:23.470,3.435,8500
2020-10-15 09:35:24.650,3.436,3300
2020-10-15 09:35:24.650,3.436,20000
2020-10-15 09:35:24.650,3.436,10000
2020-10-15 09:35:24.650,3.436,2000
2020-10-15 09:35:24.650,3.436,2000
2020-10-15 09:35:24.650,3.436,2700
2020-10-15 09:35:25.010,3.436,2300
2020-10-15 09:35:25.010,3.436,20000
2020-10-15 09:35:25.010,3.436,1600
2020-10-15 09:35:25.010,3.436,700
2020-10-15 09:35:25.010,3.436,10000
2020-10-15 09:35:25.010,3.436,5400
2020-10-15 09:35:25.040,3.435,5000
2020-10-15 09:35:25.150,3.435,200
2020-10-15 09:35:25.660,3.436,4600
2020-10-15 09:35:25.660,3.436,2000
2020-10-15 09:35:25.660,3.436,3000
2020-10-15 09:35:25.660,3.436,3300
2020-10-15 09:35:26.130,3.436,2900
2020-10-15 09:35:26.160,3.436,1000
2020-10-15 09:35:27.100,3.436,60000
2020-10-15 09:35:27.930,3.437,4200
2020-10-15 09:35:27.930,3.437,1200
2020-10-15 09:35:27.930,3.437,200
2020-10-15 09:35:27.930,3.437,700
2020-10-15 09:35:27.930,3.437,10000
2020-10-15 09:35:27.930,3.437,1000
2020-10-15 09:35:27.930,3.437,300
2020-10-15 09:35:27.930,3.437,10000
2020-10-15 09:35:27.930,3.437,20000
2020-10-15 09:35:27.930,3.437,2300
2020-10-15 09:35:27.930,3.437,100
2020-10-15 09:35:27.930,3.437,4700
2020-10-15 09:35:27.930,3.437,10000
2020-10-15 09:35:27.930,3.437,2400
2020-10-15 09:35:27.930,3.437,7000
2020-10-15 09:35:27.930,3.437,50000
2020-10-15 09:35:27.930,3.437,1000
2020-10-15 09:35:27.930,3.437,10000
2020-10-15 09:35:27.930,3.437,3000
2020-10-15 09:35:27.930,3.437,1000
2020-10-15 09:35:27.930,3.437,1600
2020-10-15 09:35:28.240,3.437,400
2020-10-15 09:35:28.930,3.437,500
2020-10-15 09:35:30.350,3.437,4400
2020-10-15 09:35:30.830,3.437,7200
2020-10-15 09:35:30.830,3.437,500
2020-10-15 09:35:31.650,3.438,200
2020-10-15 09:35:31.650,3.438,3000
2020-10-15 09:35:31.650,3.438,1000
2020-10-15 09:35:31.650,3.438,5000
2020-10-15 09:35:31.650,3.438,100
2020-10-15 09:35:31.650,3.438,700
2020-10-15 09:35:32.060,3.438,300
2020-10-15 09:35:32.060,3.438,3700
2020-10-15 09:35:32.270,3.437,8500
2020-10-15 09:35:32.680,3.437,400
2020-10-15 09:35:33.680,3.437,26200
2020-10-15 09:35:34.120,3.437,100
2020-10-15 09:35:34.200,3.438,1000
2020-10-15 09:35:35.050,3.437,1800
2020-10-15 09:35:35.520,3.438,600
2020-10-15 09:35:35.820,3.438,1700
2020-10-15 09:35:35.820,3.438,200
2020-10-15 09:35:35.850,3.437,5000
2020-10-15 09:35:36.890,3.438,9800
2020-10-15 09:35:36.890,3.438,200
2020-10-15 09:35:37.200,3.437,104300
2020-10-15 09:35:37.200,3.437,400
2020-10-15 09:35:37.200,3.437,1000
2020-10-15 09:35:37.810,3.437,1000
2020-10-15 09:35:38.050,3.437,14400
2020-10-15 09:35:41.500,3.437,100000
2020-10-15 09:35:42.050,3.437,5000
2020-10-15 09:35:44.350,3.437,40000
2020-10-15 09:35:46.340,3.437,100
2020-10-15 09:35:47.880,3.436,500
2020-10-15 09:35:47.880,3.436,300
2020-10-15 09:35:47.880,3.436,3000
2020-10-15 09:35:47.880,3.436,1200
2020-10-15 09:35:48.030,3.437,1600
2020-10-15 09:35:48.780,3.437,2000
2020-10-15 09:35:49.010,3.437,2800
2020-10-15 09:35:49.610,3.437,27500
2020-10-15 09:35:49.610,3.437,30000
2020-10-15 09:35:49.610,3.437,142500
2020-10-15 09:35:51.090,3.436,600
2020-10-15 09:35:51.930,3.436,1100
2020-10-15 09:35:51.930,3.436,100000
2020-10-15 09:35:51.930,3.436,40000
2020-10-15 09:35:53.180,3.436,7400
2020-10-15 09:35:53.280,3.436,3600
2020-10-15 09:35:53.370,3.436,2900
2020-10-15 09:35:54.690,3.436,15300
2020-10-15 09:35:55.380,3.436,500
2020-10-15 09:35:55.650,3.436,9200
2020-10-15 09:35:55.650,3.436,3800
2020-10-15 09:35:55.650,3.436,1100
2020-10-15 09:35:56.120,3.436,3500
2020-10-15 09:35:56.120,3.436,16500
2020-10-15 09:35:56.980,3.436,42600
2020-10-15 09:35:56.980,3.436,2000
2020-10-15 09:35:56.980,3.436,500
2020-10-15 09:35:57.800,3.437,5000
2020-10-15 09:36:00.310,3.436,154900
2020-10-15 09:36:00.310,3.436,10000
2020-10-15 09:36:00.310,3.435,40000
2020-10-15 09:36:00.310,3.435,1200
2020-10-15 09:36:00.310,3.435,40000
2020-10-15 09:36:00.310,3.435,400
2020-10-15 09:36:00.310,3.435,105500
2020-10-15 09:36:02.740,3.436,2000
2020-10-15 09:36:02.740,3.436,5600
2020-10-15 09:36:02.740,3.436,700
2020-10-15 09:36:02.740,3.437,16700
2020-10-15 09:36:03.250,3.437,33100
2020-10-15 09:36:03.250,3.437,20000
2020-10-15 09:36:03.650,3.436,1000
2020-10-15 09:36:05.410,3.436,5000
2020-10-15 09:36:05.710,3.437,1400
2020-10-15 09:36:06.130,3.436,94000
2020-10-15 09:36:06.130,3.436,10100
2020-10-15 09:36:06.130,3.436,195900
2020-10-15 09:36:06.720,3.436,4100
2020-10-15 09:36:08.790,3.436,200
2020-10-15 09:36:09.360,3.437,10000
2020-10-15 09:36:09.390,3.436,10000
2020-10-15 09:36:09.540,3.436,3000
2020-10-15 09:36:09.980,3.436,6000
2020-10-15 09:36:11.710,3.436,4300
2020-10-15 09:36:12.380,3.436,1000
2020-10-15 09:36:12.560,3.436,600000
2020-10-15 09:36:12.610,3.436,300000
2020-10-15 09:36:12.810,3.436,3200
2020-10-15 09:36:13.060,3.436,72300
2020-10-15 09:36:13.060,3.436,227700
2020-10-15 09:36:13.340,3.436,418500
2020-10-15 09:36:13.570,3.437,10000
2020-10-15 09:36:14.120,3.436,53800
2020-10-15 09:36:14.120,3.436,6900
2020-10-15 09:36:14.200,3.436,3100
2020-10-15 09:36:14.200,3.436,500
2020-10-15 09:36:19.660,3.436,1900
2020-10-15 09:36:19.660,3.436,100
2020-10-15 09:36:21.510,3.435,500
2020-10-15 09:36:22.950,3.436,100
2020-10-15 09:36:22.950,3.436,2100
2020-10-15 09:36:23.530,3.435,300
2020-10-15 09:36:24.570,3.435,10000
2020-10-15 09:36:24.870,3.436,7900
2020-10-15 09:36:24.870,3.436,1000
2020-10-15 09:36:24.870,3.436,300000
2020-10-15 09:36:24.870,3.436,191100
2020-10-15 09:36:25.490,3.435,60000
2020-10-15 09:36:26.020,3.435,300
2020-10-15 09:36:26.770,3.435,8700
2020-10-15 09:36:26.790,3.435,43800
2020-10-15 09:36:26.890,3.435,270900
2020-10-15 09:36:26.890,3.435,6000
2020-10-15 09:36:26.890,3.435,300
2020-10-15 09:36:26.890,3.435,3000
2020-10-15 09:36:26.890,3.435,19800
2020-10-15 09:36:27.070,3.436,200
2020-10-15 09:36:28.240,3.435,200
2020-10-15 09:36:28.240,3.435,14800
2020-10-15 09:36:28.300,3.435,1000
2020-10-15 09:36:28.420,3.435,2000
2020-10-15 09:36:29.110,3.435,2200
2020-10-15 09:36:29.110,3.435,19000
2020-10-15 09:36:29.110,3.435,2000
2020-10-15 09:36:29.110,3.435,5000
2020-10-15 09:36:29.110,3.435,21800
2020-10-15 09:36:29.710,3.436,3000
2020-10-15 09:36:29.710,3.436,6000
2020-10-15 09:36:29.710,3.436,33000
2020-10-15 09:36:29.770,3.435,200
2020-10-15 09:36:29.800,3.435,500
2020-10-15 09:36:29.890,3.435,100
2020-10-15 09:36:30.640,3.435,5000
2020-10-15 09:36:33.490,3.435,73100
2020-10-15 09:36:33.670,3.435,10500
2020-10-15 09:36:34.040,3.435,1000
2020-10-15 09:36:34.260,3.435,2100
2020-10-15 09:36:34.290,3.435,20700
2020-10-15 09:36:34.290,3.435,10000
2020-10-15 09:36:34.290,3.435,13900
2020-10-15 09:36:35.650,3.434,3000
2020-10-15 09:36:36.480,3.434,900
2020-10-15 09:36:39.750,3.434,4900
2020-10-15 09:36:39.750,3.434,2000
2020-10-15 09:36:39.750,3.434,3000
2020-10-15 09:36:39.750,3.434,20000
2020-10-15 09:36:39.750,3.434,3000
2020-10-15 09:36:39.750,3.434,100
2020-10-15 09:36:41.170,3.433,1000
2020-10-15 09:36:41.170,3.433,600
2020-10-15 09:36:41.170,3.433,200
2020-10-15 09:36:41.170,3.433,500
2020-10-15 09:36:41.170,3.433,13800
2020-10-15 09:36:41.170,3.433,93000
2020-10-15 09:36:42.220,3.433,10000
2020-10-15 09:36:43.080,3.433,1400
2020-10-15 09:36:47.190,3.432,500
2020-10-15 09:36:47.390,3.432,2600
2020-10-15 09:36:48.720,3.432,2400
2020-10-15 09:36:48.720,3.432,177100
2020-10-15 09:36:55.140,3.433,100
2020-10-15 09:36:55.790,3.433,700
2020-10-15 09:36:55.790,3.433,1300
2020-10-15 09:36:56.560,3.433,6000
2020-10-15 09:36:56.760,3.433,7000
2020-10-15 09:36:57.570,3.433,5000
2020-10-15 09:36:58.480,3.433,1000
2020-10-15 09:36:58.710,3.434,700
2020-10-15 09:36:58.710,3.434,5000
2020-10-15 09:36:58.710,3.434,10000
2020-10-15 09:36:58.710,3.434,400
2020-10-15 09:36:59.820,3.434,6000
2020-10-15 09:37:00.000,3.434,5000
2020-10-15 09:37:00.270,3.434,1000
2020-10-15 09:37:01.340,3.434,10000
2020-10-15 09:37:01.860,3.434,14200
2020-10-15 09:37:02.580,3.434,4600
2020-10-15 09:37:03.500,3.434,1100
2020-10-15 09:37:04.240,3.434,5000
2020-10-15 09:37:04.300,3.434,300
2020-10-15 09:37:07.910,3.434,3000
2020-10-15 09:37:08.840,3.434,3800
2020-10-15 09:37:09.750,3.434,29900
2020-10-15 09:37:10.020,3.434,1000
2020-10-15 09:37:10.020,3.434,10000
2020-10-15 09:37:11.120,3.434,5800
2020-10-15 09:37:14.710,3.434,9700
2020-10-15 09:37:16.220,3.433,100
2020-10-15 09:37:16.220,3.433,16900
2020-10-15 09:37:16.220,3.433,10000
2020-10-15 09:37:16.220,3.433,500
2020-10-15 09:37:17.080,3.433,500
2020-10-15 09:37:17.390,3.433,300
2020-10-15 09:37:21.450,3.432,1400
2020-10-15 09:37:23.170,3.432,2900
2020-10-15 09:37:25.670,3.432,300100
2020-10-15 09:37:26.510,3.432,101100
2020-10-15 09:37:26.510,3.432,3600
2020-10-15 09:37:26.510,3.432,10000
2020-10-15 09:37:26.510,3.432,300
2020-10-15 09:37:26.510,3.432,100
2020-10-15 09:37:26.510,3.432,10000
2020-10-15 09:37:29.450,3.432,5000
2020-10-15 09:37:29.620,3.432,62000
2020-10-15 09:37:29.730,3.432,2800
2020-10-15 09:37:31.300,3.431,4600
2020-10-15 09:37:34.450,3.431,200
2020-10-15 09:37:36.100,3.431,25200
2020-10-15 09:37:36.100,3.431,10000
2020-10-15 09:37:36.100,3.431,500
2020-10-15 09:37:36.100,3.431,10300
2020-10-15 09:37:36.100,3.431,20000
2020-10-15 09:37:36.100,3.431,40000
2020-10-15 09:37:36.860,3.431,10000
2020-10-15 09:37:37.230,3.431,1000
2020-10-15 09:37:37.490,3.431,3000
2020-10-15 09:37:38.730,3.43,20000
2020-10-15 09:37:38.730,3.43,500
2020-10-15 09:37:38.730,3.43,1000
2020-10-15 09:37:38.730,3.43,10000
2020-10-15 09:37:38.730,3.43,600
2020-10-15 09:37:38.730,3.43,100
2020-10-15 09:37:38.730,3.43,20000
2020-10-15 09:37:38.730,3.43,1200
2020-10-15 09:37:38.870,3.43,1800
2020-10-15 09:37:38.870,3.43,5000
2020-10-15 09:37:38.870,3.43,10000
2020-10-15 09:37:38.870,3.43,10000
2020-10-15 09:37:38.870,3.43,3000
2020-10-15 09:37:38.870,3.43,100
2020-10-15 09:37:38.870,3.43,1000
2020-10-15 09:37:38.870,3.43,35400
2020-10-15 09:37:38.870,3.43,1200
2020-10-15 09:37:38.870,3.43,3000
2020-10-15 09:37:38.870,3.43,5000
2020-10-15 09:37:41.590,3.43,7000
2020-10-15 09:37:43.100,3.43,50000
2020-10-15 09:37:45.890,3.429,93000
2020-10-15 09:37:45.890,3.429,3000
2020-10-15 09:37:45.890,3.429,200
2020-10-15 09:37:45.890,3.429,1000
2020-10-15 09:37:45.890,3.429,1400
2020-10-15 09:37:45.890,3.429,381400
2020-10-15 09:37:46.120,3.429,300000
2020-10-15 09:37:46.500,3.429,1800
2020-10-15 09:37:46.970,3.429,216800
2020-10-15 09:37:47.540,3.429,500
2020-10-15 09:37:47.630,3.428,500
2020-10-15 09:37:47.630,3.428,2000
2020-10-15 09:37:47.630,3.428,165000
2020-10-15 09:37:49.780,3.428,7000
2020-10-15 09:37:50.940,3.428,2100
2020-10-15 09:37:50.940,3.428,900
2020-10-15 09:37:53.070,3.427,4400
2020-10-15 09:37:54.250,3.428,10000
2020-10-15 09:37:55.680,3.427,145600
2020-10-15 09:37:55.680,3.427,1000
2020-10-15 09:37:55.680,3.427,3000
2020-10-15 09:37:55.680,3.427,100
2020-10-15 09:37:55.680,3.427,20000
2020-10-15 09:37:57.960,3.427,7000
2020-10-15 09:38:01.870,3.426,10000
2020-10-15 09:38:01.870,3.426,1500
2020-10-15 09:38:01.870,3.426,3000
2020-10-15 09:38:01.870,3.426,400
2020-10-15 09:38:01.870,3.426,10000
2020-10-15 09:38:01.870,3.426,100
2020-10-15 09:38:01.870,3.426,300
2020-10-15 09:38:01.950,3.426,5800
2020-10-15 09:38:02.880,3.426,2900
2020-10-15 09:38:04.470,3.426,10000
2020-10-15 09:38:04.610,3.426,5000
2020-10-15 09:38:05.090,3.426,3000
2020-10-15 09:38:05.150,3.426,3500
2020-10-15 09:38:05.490,3.425,2900
2020-10-15 09:38:05.490,3.425,20000
2020-10-15 09:38:05.490,3.425,20000
2020-10-15 09:38:05.490,3.425,5000
2020-10-15 09:38:05.490,3.425,4000
2020-10-15 09:38:06.210,3.425,7000
2020-10-15 09:38:06.370,3.425,1600
2020-10-15 09:38:07.740,3.425,500
2020-10-15 09:38:08.370,3.425,300
2020-10-15 09:38:08.700,3.425,200
2020-10-15 09:38:12.620,3.425,40000
2020-10-15 09:38:13.120,3.425,24200
2020-10-15 09:38:13.190,3.424,6800
2020-10-15 09:38:13.810,3.425,80000
2020-10-15 09:38:13.810,3.425,80000
2020-10-15 09:38:14.110,3.425,20000
2020-10-15 09:38:14.200,3.425,117600
2020-10-15 09:38:14.200,3.425,6400
2020-10-15 09:38:14.200,3.425,33300
2020-10-15 09:38:14.200,3.425,10000
2020-10-15 09:38:14.250,3.425,11800
2020-10-15 09:38:14.310,3.425,5000
2020-10-15 09:38:14.610,3.425,17900
2020-10-15 09:38:14.640,3.425,82700
2020-10-15 09:38:15.400,3.425,200000
2020-10-15 09:38:15.500,3.425,1200
2020-10-15 09:38:16.750,3.426,200
2020-10-15 09:38:17.150,3.426,5200
2020-10-15 09:38:17.150,3.426,100
2020-10-15 09:38:20.850,3.426,300000
2020-10-15 09:38:21.960,3.426,10000
2020-10-15 09:38:23.900,3.425,100
2020-10-15 09:38:23.900,3.425,10000
2020-10-15 09:38:23.900,3.425,10000
2020-10-15 09:38:23.900,3.425,14000
2020-10-15 09:38:23.900,3.425,20000
2020-10-15 09:38:23.900,3.425,235900
2020-10-15 09:38:24.830,3.425,50000
2020-10-15 09:38:25.200,3.425,14100
2020-10-15 09:38:25.200,3.425,1700
2020-10-15 09:38:25.200,3.425,50000
2020-10-15 09:38:25.200,3.425,3000
2020-10-15 09:38:25.300,3.424,10000
2020-10-15 09:38:26.930,3.425,500
2020-10-15 09:38:30.190,3.425,15000
2020-10-15 09:38:30.360,3.425,1000
2020-10-15 09:38:32.110,3.425,20000
2020-10-15 09:38:32.170,3.424,5000
2020-10-15 09:38:33.000,3.425,1000
2020-10-15 09:38:34.230,3.425,1000
2020-10-15 09:38:35.140,3.425,500
2020-10-15 09:38:35.220,3.425,200
2020-10-15 09:38:35.280,3.425,10000
2020-10-15 09:38:35.670,3.425,200
2020-10-15 09:38:37.000,3.424,1700
2020-10-15 09:38:39.840,3.424,5000
2020-10-15 09:38:40.260,3.424,1000
2020-10-15 09:38:41.420,3.424,35246
2020-10-15 09:38:41.420,3.424,1000
2020-10-15 09:38:41.420,3.424,2800
2020-10-15 09:38:41.420,3.424,4000
2020-10-15 09:38:41.420,3.424,5000
2020-10-15 09:38:41.420,3.424,6600
2020-10-15 09:38:41.420,3.424,1000
2020-10-15 09:38:41.420,3.424,20000
2020-10-15 09:38:41.420,3.424,40000
2020-10-15 09:38:41.420,3.424,1500
2020-10-15 09:38:41.420,3.424,5000
2020-10-15 09:38:41.420,3.424,300
2020-10-15 09:38:41.420,3.424,12000
2020-10-15 09:38:41.420,3.424,165554
2020-10-15 09:38:42.870,3.424,300000
2020-10-15 09:38:42.960,3.424,211500
2020-10-15 09:38:43.630,3.424,200
2020-10-15 09:38:43.780,3.424,222746
2020-10-15 09:38:43.780,3.424,8800
2020-10-15 09:38:43.780,3.424,50000
2020-10-15 09:38:43.780,3.424,7000
2020-10-15 09:38:43.780,3.424,2000
2020-10-15 09:38:43.940,3.424,1600
2020-10-15 09:38:45.570,3.424,2254
2020-10-15 09:38:46.690,3.424,1746
2020-10-15 09:38:46.690,3.424,500
2020-10-15 09:38:46.690,3.423,6600
2020-10-15 09:38:46.690,3.423,3000
2020-10-15 09:38:46.690,3.423,40000
2020-10-15 09:38:46.690,3.423,40000
2020-10-15 09:38:46.690,3.423,20000
2020-10-15 09:38:46.690,3.423,1000
2020-10-15 09:38:46.690,3.423,40000
2020-10-15 09:38:46.690,3.423,100
2020-10-15 09:38:47.190,3.423,10000
2020-10-15 09:38:47.330,3.423,20000
2020-10-15 09:38:47.330,3.423,50000
2020-10-15 09:38:47.330,3.423,10000
2020-10-15 09:38:47.330,3.423,30000
2020-10-15 09:38:47.640,3.423,20000
2020-10-15 09:38:48.140,3.423,7054
2020-10-15 09:38:48.550,3.423,2946
2020-10-15 09:38:48.550,3.423,40000
2020-10-15 09:38:49.400,3.423,7000
2020-10-15 09:38:49.610,3.423,6954
2020-10-15 09:38:51.960,3.425,5000
2020-10-15 09:38:52.230,3.424,3800
2020-10-15 09:38:53.340,3.424,2000
2020-10-15 09:38:53.340,3.424,16000
2020-10-15 09:38:53.760,3.424,6600
2020-10-15 09:38:53.760,3.424,3400
2020-10-15 09:38:56.510,3.424,400
2020-10-15 09:38:57.520,3.425,20000
2020-10-15 09:38:58.650,3.424,2000
2020-10-15 09:39:01.860,3.424,15100
2020-10-15 09:39:03.150,3.424,5000
2020-10-15 09:39:04.600,3.424,14100
2020-10-15 09:39:04.600,3.424,2900
2020-10-15 09:39:05.880,3.425,29000
2020-10-15 09:39:07.800,3.424,100
2020-10-15 09:39:08.640,3.424,7000
2020-10-15 09:39:08.760,3.425,3000
2020-10-15 09:39:08.890,3.424,500
2020-10-15 09:39:10.940,3.424,5000
2020-10-15 09:39:13.080,3.425,15000
2020-10-15 09:39:13.230,3.424,14500
2020-10-15 09:39:13.230,3.424,29000
2020-10-15 09:39:13.230,3.424,100
2020-10-15 09:39:14.000,3.424,14300
2020-10-15 09:39:15.980,3.424,10000
2020-10-15 09:39:16.190,3.424,3000
2020-10-15 09:39:19.000,3.424,3000
2020-10-15 09:39:19.830,3.424,5900
2020-10-15 09:39:19.990,3.424,14000
2020-10-15 09:39:21.940,3.424,5000
2020-10-15 09:39:22.630,3.423,10000
2020-10-15 09:39:23.110,3.424,2000
2020-10-15 09:39:24.510,3.424,20000
2020-10-15 09:39:24.740,3.423,2000
2020-10-15 09:39:24.980,3.424,10000
2020-10-15 09:39:26.830,3.424,300
2020-10-15 09:39:27.370,3.424,800
2020-10-15 09:39:29.450,3.424,900
2020-10-15 09:39:30.400,3.424,50000
2020-10-15 09:39:32.570,3.424,3000
2020-10-15 09:39:33.140,3.424,500
2020-10-15 09:39:33.490,3.424,400
2020-10-15 09:39:33.640,3.423,13100
2020-10-15 09:39:33.790,3.423,200
2020-10-15 09:39:34.020,3.424,300
2020-10-15 09:39:34.050,3.423,4800
2020-10-15 09:39:34.050,3.423,900
2020-10-15 09:39:34.050,3.423,20000
2020-10-15 09:39:34.050,3.423,2000
2020-10-15 09:39:34.050,3.423,5000
2020-10-15 09:39:34.050,3.423,10000
2020-10-15 09:39:34.050,3.423,29000
2020-10-15 09:39:35.480,3.423,10000
2020-10-15 09:39:36.170,3.422,30000
2020-10-15 09:39:36.170,3.422,6600
2020-10-15 09:39:36.170,3.422,200
2020-10-15 09:39:36.170,3.422,15000
2020-10-15 09:39:36.170,3.422,7000
2020-10-15 09:39:36.170,3.422,20000
2020-10-15 09:39:36.170,3.422,300
2020-10-15 09:39:38.010,3.421,200
2020-10-15 09:39:38.010,3.421,200
2020-10-15 09:39:38.010,3.421,30000
2020-10-15 09:39:38.010,3.421,40000
2020-10-15 09:39:38.010,3.421,10000
2020-10-15 09:39:38.010,3.421,10000
2020-10-15 09:39:38.010,3.421,30000
2020-10-15 09:39:38.010,3.421,8800
2020-10-15 09:39:38.010,3.421,100
2020-10-15 09:39:38.010,3.421,6600
2020-10-15 09:39:38.010,3.421,7000
2020-10-15 09:39:38.010,3.421,5000
2020-10-15 09:39:38.010,3.421,3000
2020-10-15 09:39:38.010,3.421,20000
2020-10-15 09:39:38.010,3.421,40000
2020-10-15 09:39:38.010,3.421,40000
2020-10-15 09:39:38.010,3.421,40000
2020-10-15 09:39:38.380,3.421,500
2020-10-15 09:39:38.980,3.421,8600
2020-10-15 09:39:40.660,3.422,3000
2020-10-15 09:39:41.740,3.422,50000
2020-10-15 09:39:43.960,3.422,2000
2020-10-15 09:39:44.950,3.421,6400
2020-10-15 09:39:45.860,3.421,1000
2020-10-15 09:39:48.660,3.421,6000
2020-10-15 09:39:48.850,3.422,29000
2020-10-15 09:39:50.570,3.421,3000
2020-10-15 09:39:50.940,3.421,218300
2020-10-15 09:39:51.040,3.422,20000
2020-10-15 09:39:52.530,3.422,1000
2020-10-15 09:39:53.860,3.422,70000
2020-10-15 09:39:53.860,3.422,45900
2020-10-15 09:39:53.860,3.422,24100
2020-10-15 09:39:53.860,3.422,10000
2020-10-15 09:39:53.860,3.422,10000
2020-10-15 09:39:56.400,3.422,300
2020-10-15 09:39:56.400,3.422,29700
2020-10-15 09:39:56.500,3.422,300
2020-10-15 09:39:56.500,3.422,5500
2020-10-15 09:39:56.500,3.422,5000
2020-10-15 09:39:56.500,3.422,1400
2020-10-15 09:39:56.910,3.422,300
2020-10-15 09:39:59.430,3.422,300000
2020-10-15 09:40:01.100,3.422,100000
2020-10-15 09:40:01.130,3.422,86800
2020-10-15 09:40:01.620,3.422,5000
2020-10-15 09:40:01.940,3.422,100
2020-10-15 09:40:03.120,3.422,300000
2020-10-15 09:40:03.840,3.422,95600
2020-10-15 09:40:03.840,3.422,400
2020-10-15 09:40:03.840,3.422,12000
2020-10-15 09:40:03.900,3.421,100
2020-10-15 09:40:04.610,3.421,76800
2020-10-15 09:40:04.640,3.422,2000
2020-10-15 09:40:04.760,3.422,700
2020-10-15 09:40:06.350,3.421,300000
2020-10-15 09:40:06.780,3.422,189300
2020-10-15 09:40:06.780,3.422,300000
2020-10-15 09:40:06.780,3.422,300000
2020-10-15 09:40:06.780,3.422,110700
2020-10-15 09:40:07.160,3.421,279800
2020-10-15 09:40:07.160,3.421,20200
2020-10-15 09:40:07.680,3.421,279800
2020-10-15 09:40:07.680,3.421,20200
2020-10-15 09:40:07.930,3.421,300000
2020-10-15 09:40:07.990,3.421,100
2020-10-15 09:40:08.020,3.421,1700
2020-10-15 09:40:08.020,3.421,1000
2020-10-15 09:40:08.020,3.421,1000
2020-10-15 09:40:08.020,3.421,1000
2020-10-15 09:40:08.020,3.421,2000
2020-10-15 09:40:08.020,3.421,500
2020-10-15 09:40:10.050,3.421,242800
2020-10-15 09:40:10.050,3.421,300000
2020-10-15 09:40:10.050,3.421,357200
2020-10-15 09:40:10.290,3.421,500
2020-10-15 09:40:12.320,3.421,80000
2020-10-15 09:40:12.320,3.421,80000
2020-10-15 09:40:12.550,3.421,20000
2020-10-15 09:40:13.050,3.42,4900
2020-10-15 09:40:13.050,3.42,20000
2020-10-15 09:40:13.050,3.42,20000
2020-10-15 09:40:13.050,3.42,3000
2020-10-15 09:40:13.050,3.42,15000
2020-10-15 09:40:13.050,3.42,3000
2020-10-15 09:40:13.050,3.42,500
2020-10-15 09:40:13.050,3.42,1000
2020-10-15 09:40:13.050,3.42,2000
2020-10-15 09:40:13.050,3.42,20000
2020-10-15 09:40:13.050,3.42,1200
2020-10-15 09:40:13.050,3.42,1500
2020-10-15 09:40:13.050,3.42,300
2020-10-15 09:40:13.050,3.42,700
2020-10-15 09:40:13.050,3.42,5000
2020-10-15 09:40:13.050,3.42,100
2020-10-15 09:40:13.050,3.42,100
2020-10-15 09:40:13.050,3.42,2000
2020-10-15 09:40:13.050,3.42,300
2020-10-15 09:40:13.050,3.42,5000
2020-10-15 09:40:13.050,3.42,5000
2020-10-15 09:40:13.050,3.42,100
2020-10-15 09:40:13.050,3.42,300
2020-10-15 09:40:13.050,3.42,7000
2020-10-15 09:40:13.050,3.42,10000
2020-10-15 09:40:13.050,3.42,5000
2020-10-15 09:40:13.050,3.42,500
2020-10-15 09:40:13.050,3.42,20000
2020-10-15 09:40:13.050,3.42,40000
2020-10-15 09:40:13.050,3.42,40000
2020-10-15 09:40:13.050,3.42,40000
2020-10-15 09:40:13.050,3.42,20000
2020-10-15 09:40:13.190,3.42,6500
2020-10-15 09:40:13.340,3.42,2500
2020-10-15 09:40:13.340,3.421,500
2020-10-15 09:40:13.560,3.42,15000
2020-10-15 09:40:14.000,3.421,200
2020-10-15 09:40:15.120,3.421,10000
2020-10-15 09:40:16.240,3.42,1900
2020-10-15 09:40:16.860,3.42,4700
2020-10-15 09:40:16.860,3.42,2300
2020-10-15 09:40:17.280,3.42,1500
2020-10-15 09:40:18.200,3.42,36200
2020-10-15 09:40:18.200,3.42,34900
2020-10-15 09:40:18.200,3.42,40000
2020-10-15 09:40:18.200,3.42,10000
2020-10-15 09:40:18.200,3.42,178900
2020-10-15 09:40:23.070,3.421,5000
2020-10-15 09:40:25.120,3.421,3000
2020-10-15 09:40:25.270,3.421,1000
2020-10-15 09:40:25.300,3.421,500
2020-10-15 09:40:25.950,3.421,100
2020-10-15 09:40:26.440,3.421,3000
2020-10-15 09:40:27.220,3.421,200
2020-10-15 09:40:27.400,3.422,29000
2020-10-15 09:40:29.610,3.421,600
2020-10-15 09:40:30.150,3.422,26600
2020-10-15 09:40:31.110,3.422,20000
2020-10-15 09:40:31.230,3.422,30000
2020-10-15 09:40:31.310,3.421,7400
2020-10-15 09:40:32.170,3.422,10000
2020-10-15 09:40:33.590,3.422,30000
2020-10-15 09:40:33.650,3.421,2600
2020-10-15 09:40:33.650,3.421,3000
2020-10-15 09:40:35.330,3.422,40000
2020-10-15 09:40:35.600,3.422,3700
2020-10-15 09:40:35.600,3.422,6000
2020-10-15 09:40:35.600,3.422,13200
2020-10-15 09:40:35.660,3.422,7100
2020-10-15 09:40:35.660,3.421,2900
2020-10-15 09:40:36.850,3.422,12900
2020-10-15 09:40:37.780,3.423,5000
2020-10-15 09:40:37.780,3.423,2000
2020-10-15 09:40:37.780,3.423,600
2020-10-15 09:40:37.780,3.423,100
2020-10-15 09:40:38.290,3.423,292300
2020-10-15 09:40:40.070,3.423,7700
2020-10-15 09:40:40.330,3.424,3700
2020-10-15 09:40:40.330,3.424,200
2020-10-15 09:40:40.330,3.424,3800
2020-10-15 09:40:40.330,3.424,1200
2020-10-15 09:40:40.330,3.424,471100
2020-10-15 09:40:40.870,3.423,1600
2020-10-15 09:40:41.760,3.423,5000
2020-10-15 09:40:42.030,3.423,5000
2020-10-15 09:40:42.610,3.423,700
2020-10-15 09:40:42.610,3.423,200
2020-10-15 09:40:42.610,3.422,7100
2020-10-15 09:40:42.610,3.422,10600
2020-10-15 09:40:43.260,3.422,2000
2020-10-15 09:40:45.310,3.424,8900
2020-10-15 09:40:45.310,3.424,2000
2020-10-15 09:40:45.310,3.424,301900
2020-10-15 09:40:45.310,3.424,100
2020-10-15 09:40:45.780,3.425,400
2020-10-15 09:40:45.780,3.425,600
2020-10-15 09:40:46.180,3.424,6000
2020-10-15 09:40:47.340,3.424,300000
2020-10-15 09:40:48.040,3.424,281100
2020-10-15 09:40:52.460,3.423,100
2020-10-15 09:40:52.460,3.423,1000
2020-10-15 09:40:53.720,3.423,100000
2020-10-15 09:40:54.640,3.423,7500
2020-10-15 09:40:56.350,3.424,200
2020-10-15 09:40:56.860,3.424,600
2020-10-15 09:40:58.370,3.423,10000
2020-10-15 09:41:02.110,3.423,2000
2020-10-15 09:41:06.530,3.423,5000
2020-10-15 09:41:10.240,3.424,100
2020-10-15 09:41:12.180,3.424,300
2020-10-15 09:41:13.060,3.423,3000
2020-10-15 09:41:13.300,3.424,1000
2020-10-15 09:41:15.980,3.424,300
2020-10-15 09:41:17.530,3.424,16400
2020-10-15 09:41:17.530,3.424,3600
2020-10-15 09:41:17.640,3.424,20000
2020-10-15 09:41:18.750,3.424,100
2020-10-15 09:41:18.930,3.424,15000
2020-10-15 09:41:19.360,3.424,20000
2020-10-15 09:41:19.360,3.424,20000
2020-10-15 09:41:19.990,3.424,300
2020-10-15 09:41:19.990,3.424,5000
2020-10-15 09:41:19.990,3.424,2500
2020-10-15 09:41:19.990,3.424,4800
2020-10-15 09:41:21.620,3.425,9400
2020-10-15 09:41:21.620,3.425,7600
2020-10-15 09:41:21.620,3.425,283000
2020-10-15 09:41:21.930,3.424,30000
2020-10-15 09:41:24.200,3.424,4500
2020-10-15 09:41:25.480,3.425,100
2020-10-15 09:41:29.360,3.425,100
2020-10-15 09:41:30.400,3.424,300000
2020-10-15 09:41:31.790,3.424,252900
2020-10-15 09:41:31.790,3.424,47500
2020-10-15 09:41:32.470,3.424,2000
2020-10-15 09:41:33.380,3.425,2000
2020-10-15 09:41:38.610,3.425,49800
2020-10-15 09:41:38.720,3.425,900
2020-10-15 09:41:41.400,3.425,100
2020-10-15 09:41:45.390,3.424,165000
2020-10-15 09:41:45.390,3.424,20000
2020-10-15 09:41:45.390,3.424,1000
2020-10-15 09:41:45.390,3.424,100
2020-10-15 09:41:45.390,3.424,300
2020-10-15 09:41:48.320,3.424,1000
2020-10-15 09:41:48.830,3.424,10000
2020-10-15 09:41:48.830,3.424,10000
2020-10-15 09:41:49.480,3.424,3000
2020-10-15 09:41:50.670,3.424,2800
2020-10-15 09:41:52.830,3.424,28000
2020-10-15 09:41:53.680,3.424,1200
2020-10-15 09:41:57.010,3.424,1000
2020-10-15 09:41:57.250,3.424,4000
2020-10-15 09:41:58.840,3.424,100
2020-10-15 09:41:59.540,3.423,100
2020-10-15 09:42:00.580,3.424,11000
2020-10-15 09:42:00.870,3.423,20000
2020-10-15 09:42:05.100,3.424,20000
2020-10-15 09:42:07.660,3.424,100
2020-10-15 09:42:10.670,3.423,100
2020-10-15 09:42:10.990,3.424,20000
2020-10-15 09:42:11.450,3.424,1400
2020-10-15 09:42:11.450,3.424,500
2020-10-15 09:42:11.450,3.424,3100
2020-10-15 09:42:12.000,3.424,6000
2020-10-15 09:42:12.090,3.424,300
2020-10-15 09:42:12.800,3.424,12000
2020-10-15 09:42:12.800,3.424,300
2020-10-15 09:42:12.800,3.424,2000
2020-10-15 09:42:12.800,3.424,2000
2020-10-15 09:42:12.800,3.424,2000
2020-10-15 09:42:12.800,3.424,1500
2020-10-15 09:42:12.800,3.424,100
2020-10-15 09:42:13.540,3.425,100000
2020-10-15 09:42:14.520,3.425,100000
2020-10-15 09:42:14.690,3.424,100
2020-10-15 09:42:14.690,3.424,400
2020-10-15 09:42:15.470,3.425,64000
2020-10-15 09:42:15.470,3.425,10000
2020-10-15 09:42:15.470,3.425,1500
2020-10-15 09:42:15.470,3.425,100
2020-10-15 09:42:15.470,3.425,24400
2020-10-15 09:42:19.030,3.425,25600
2020-10-15 09:42:19.030,3.425,23900
2020-10-15 09:42:20.450,3.425,2900
2020-10-15 09:42:24.070,3.425,900
2020-10-15 09:42:26.850,3.424,200
2020-10-15 09:42:26.850,3.424,6000
2020-10-15 09:42:28.080,3.425,20000
2020-10-15 09:42:32.590,3.425,1800
2020-10-15 09:42:32.590,3.425,3000
2020-10-15 09:42:32.590,3.425,5700
2020-10-15 09:42:32.650,3.425,200
2020-10-15 09:42:34.230,3.425,9300
2020-10-15 09:42:34.230,3.425,300
2020-10-15 09:42:34.590,3.425,200
2020-10-15 09:42:35.050,3.425,200
2020-10-15 09:42:37.950,3.425,1600
2020-10-15 09:42:39.820,3.425,100
2020-10-15 09:42:39.820,3.425,106100
2020-10-15 09:42:39.820,3.425,10000
2020-10-15 09:42:40.020,3.424,4000
2020-10-15 09:42:40.020,3.424,1800
2020-10-15 09:42:40.020,3.424,1700
2020-10-15 09:42:40.020,3.424,12200
2020-10-15 09:42:43.050,3.425,2000
2020-10-15 09:42:43.950,3.424,19000
2020-10-15 09:42:45.400,3.424,55400
2020-10-15 09:42:45.400,3.424,20000
2020-10-15 09:42:45.400,3.424,15000
2020-10-15 09:42:45.400,3.424,4300
2020-10-15 09:42:50.600,3.424,100
2020-10-15 09:42:51.890,3.424,900
2020-10-15 09:42:51.890,3.424,3400
2020-10-15 09:42:51.890,3.424,1000
2020-10-15 09:42:51.890,3.424,3000
2020-10-15 09:42:51.890,3.424,1000
2020-10-15 09:42:51.890,3.424,1000
2020-10-15 09:42:51.980,3.423,100
2020-10-15 09:42:54.330,3.424,1700
2020-10-15 09:42:55.780,3.423,100
2020-10-15 09:42:56.960,3.424,20000
2020-10-15 09:42:57.800,3.423,140100
2020-10-15 09:42:59.340,3.424,9200
2020-10-15 09:43:02.170,3.423,100
2020-10-15 09:43:03.550,3.423,10900
2020-10-15 09:43:03.550,3.423,4100
2020-10-15 09:43:05.200,3.424,5000
2020-10-15 09:43:06.740,3.424,10000
2020-10-15 09:43:08.460,3.424,2000
2020-10-15 09:43:11.740,3.423,15900
2020-10-15 09:43:11.740,3.423,100
2020-10-15 09:43:11.740,3.423,400
2020-10-15 09:43:11.740,3.423,500
2020-10-15 09:43:11.740,3.423,38500
2020-10-15 09:43:12.600,3.423,100
2020-10-15 09:43:13.880,3.423,1400
2020-10-15 09:43:13.880,3.423,100
2020-10-15 09:43:13.880,3.423,200
2020-10-15 09:43:13.880,3.423,1000
2020-10-15 09:43:13.880,3.423,2600
2020-10-15 09:43:13.940,3.423,17900
2020-10-15 09:43:14.520,3.424,2000
2020-10-15 09:43:15.900,3.423,60000
2020-10-15 09:43:17.610,3.424,60000
2020-10-15 09:43:21.690,3.424,5000
2020-10-15 09:43:22.850,3.423,10000
2020-10-15 09:43:25.500,3.423,7500
2020-10-15 09:43:25.530,3.423,102000
2020-10-15 09:43:25.530,3.423,5000
2020-10-15 09:43:25.530,3.423,3200
2020-10-15 09:43:25.530,3.423,1000
2020-10-15 09:43:25.530,3.423,1000
2020-10-15 09:43:25.530,3.423,187800
2020-10-15 09:43:28.900,3.423,300000
2020-10-15 09:43:28.990,3.423,1400
2020-10-15 09:43:32.700,3.423,5300
2020-10-15 09:43:35.120,3.423,1700
2020-10-15 09:43:35.470,3.423,24000
2020-10-15 09:43:35.470,3.423,3100
2020-10-15 09:43:37.530,3.423,100
2020-10-15 09:43:40.260,3.424,56400
2020-10-15 09:43:42.290,3.423,3000
2020-10-15 09:43:42.290,3.423,1500
2020-10-15 09:43:42.290,3.423,5600
2020-10-15 09:43:43.110,3.423,300
2020-10-15 09:43:43.820,3.423,44100
2020-10-15 09:43:43.820,3.423,100
2020-10-15 09:43:43.820,3.423,13900
2020-10-15 09:43:44.410,3.424,500
2020-10-15 09:43:54.190,3.424,3000
2020-10-15 09:43:55.040,3.424,50000
2020-10-15 09:43:56.820,3.424,2000
2020-10-15 09:44:04.380,3.423,5000
2020-10-15 09:44:04.380,3.423,300
2020-10-15 09:44:04.380,3.423,2000
2020-10-15 09:44:04.380,3.423,900
2020-10-15 09:44:04.380,3.423,51800
2020-10-15 09:44:05.840,3.423,48200
2020-10-15 09:44:05.840,3.423,2000
2020-10-15 09:44:11.390,3.423,5000
2020-10-15 09:44:14.610,3.423,30000
2020-10-15 09:44:15.440,3.423,300
2020-10-15 09:44:16.000,3.423,1300
2020-10-15 09:44:16.550,3.423,20300
2020-10-15 09:44:17.560,3.423,5000
2020-10-15 09:44:21.860,3.423,187900
2020-10-15 09:44:21.860,3.423,100
2020-10-15 09:44:21.860,3.423,10000
2020-10-15 09:44:21.860,3.423,200
2020-10-15 09:44:21.860,3.423,500
2020-10-15 09:44:26.710,3.424,62900
2020-10-15 09:44:26.710,3.424,28900
2020-10-15 09:44:26.710,3.424,1000
2020-10-15 09:44:26.710,3.424,2000
2020-10-15 09:44:26.710,3.424,2000
2020-10-15 09:44:26.710,3.424,400
2020-10-15 09:44:26.710,3.424,1800
2020-10-15 09:44:26.710,3.424,2600
2020-10-15 09:44:27.920,3.424,2000
2020-10-15 09:44:28.950,3.424,60000
2020-10-15 09:44:31.480,3.424,900
2020-10-15 09:44:31.650,3.424,1800
2020-10-15 09:44:33.730,3.424,7600
2020-10-15 09:44:36.090,3.425,3000
2020-10-15 09:44:36.090,3.425,100
2020-10-15 09:44:36.090,3.425,10000
2020-10-15 09:44:36.090,3.425,3000
2020-10-15 09:44:36.090,3.425,400
2020-10-15 09:44:36.090,3.425,700
2020-10-15 09:44:36.090,3.425,1000
2020-10-15 09:44:36.090,3.425,300
2020-10-15 09:44:36.090,3.425,9000
2020-10-15 09:44:36.090,3.425,181900
2020-10-15 09:44:37.780,3.425,90600
2020-10-15 09:44:37.780,3.425,20000
2020-10-15 09:44:38.440,3.425,5800
2020-10-15 09:44:38.860,3.425,10000
2020-10-15 09:44:38.860,3.425,10000
2020-10-15 09:44:40.130,3.425,13600
2020-10-15 09:44:40.130,3.425,151900
2020-10-15 09:44:41.070,3.426,100
2020-10-15 09:44:41.070,3.426,5000
2020-10-15 09:44:41.070,3.426,10000
2020-10-15 09:44:41.070,3.426,10000
2020-10-15 09:44:41.070,3.426,2500
2020-10-15 09:44:41.070,3.426,200
2020-10-15 09:44:41.070,3.426,100
2020-10-15 09:44:41.070,3.426,8800
2020-10-15 09:44:41.070,3.426,100
2020-10-15 09:44:42.440,3.426,10000
2020-10-15 09:44:43.100,3.426,15000
2020-10-15 09:44:43.600,3.426,23100
2020-10-15 09:44:47.550,3.426,215100
2020-10-15 09:44:47.550,3.426,84900
2020-10-15 09:44:51.810,3.426,100
2020-10-15 09:44:53.520,3.426,15000
2020-10-15 09:44:53.520,3.426,285000
2020-10-15 09:44:54.600,3.426,100
2020-10-15 09:44:55.080,3.426,2600
2020-10-15 09:44:55.840,3.426,100
2020-10-15 09:44:55.900,3.426,12200
2020-10-15 09:44:57.190,3.426,1000
2020-10-15 09:44:57.810,3.425,134500
2020-10-15 09:44:57.810,3.425,165500
2020-10-15 09:44:58.740,3.426,2000
2020-10-15 09:44:59.340,3.425,4700
2020-10-15 09:44:59.870,3.425,100
2020-10-15 09:45:02.640,3.425,129700
2020-10-15 09:45:02.640,3.425,2500
2020-10-15 09:45:02.640,3.425,20000
2020-10-15 09:45:02.640,3.425,3000
2020-10-15 09:45:04.050,3.425,500
2020-10-15 09:45:04.260,3.425,7000
2020-10-15 09:45:05.010,3.425,30000
2020-10-15 09:45:05.210,3.424,300000
2020-10-15 09:45:05.740,3.425,96000
2020-10-15 09:45:07.560,3.425,11300
2020-10-15 09:45:07.560,3.425,17900
2020-10-15 09:45:11.030,3.425,100
2020-10-15 09:45:14.070,3.425,100
2020-10-15 09:45:15.360,3.426,500
2020-10-15 09:45:15.360,3.426,400
2020-10-15 09:45:15.360,3.426,9100
2020-10-15 09:45:16.250,3.425,800
2020-10-15 09:45:21.110,3.425,200
2020-10-15 09:45:24.870,3.425,200
2020-10-15 09:45:26.860,3.424,100
2020-10-15 09:45:27.710,3.424,1200
2020-10-15 09:45:27.710,3.424,2000
2020-10-15 09:45:27.710,3.424,800
2020-10-15 09:45:29.590,3.424,1200
2020-10-15 09:45:29.590,3.424,200
2020-10-15 09:45:30.440,3.424,600
2020-10-15 09:45:31.300,3.424,2000
2020-10-15 09:45:33.590,3.423,300
2020-10-15 09:45:40.490,3.424,800
2020-10-15 09:45:41.740,3.423,100
2020-10-15 09:45:45.630,3.423,500
2020-10-15 09:45:49.110,3.423,9100
2020-10-15 09:45:49.110,3.423,5000
2020-10-15 09:45:50.870,3.423,10900
2020-10-15 09:45:54.170,3.423,1500
2020-10-15 09:45:55.200,3.423,100
2020-10-15 09:45:58.220,3.423,900
2020-10-15 09:45:58.220,3.423,100
2020-10-15 09:45:58.220,3.424,5400
2020-10-15 09:45:59.290,3.422,100
2020-10-15 09:46:03.450,3.422,900
2020-10-15 09:46:03.450,3.422,3800
2020-10-15 09:46:03.450,3.422,63200
2020-10-15 09:46:03.450,3.422,10000
2020-10-15 09:46:03.450,3.422,3000
2020-10-15 09:46:03.450,3.422,1000
2020-10-15 09:46:03.450,3.422,2500
2020-10-15 09:46:03.450,3.422,100
2020-10-15 09:46:03.450,3.422,1000
2020-10-15 09:46:03.450,3.422,100
2020-10-15 09:46:06.240,3.421,1000
2020-10-15 09:46:13.630,3.421,10000
2020-10-15 09:46:13.660,3.421,2000
2020-10-15 09:46:15.970,3.421,1100
2020-10-15 09:46:15.970,3.421,20000
2020-10-15 09:46:15.970,3.421,10000
2020-10-15 09:46:15.970,3.421,1000
2020-10-15 09:46:15.970,3.421,6800
2020-10-15 09:46:15.970,3.421,10000
2020-10-15 09:46:15.970,3.421,1000
2020-10-15 09:46:15.970,3.421,400
2020-10-15 09:46:15.970,3.421,8800
2020-10-15 09:46:15.970,3.421,400
2020-10-15 09:46:15.970,3.421,300
2020-10-15 09:46:15.970,3.421,3000
2020-10-15 09:46:19.410,3.421,20000
2020-10-15 09:46:19.860,3.421,217200
2020-10-15 09:46:19.860,3.421,2500
2020-10-15 09:46:19.860,3.421,200
2020-10-15 09:46:20.480,3.422,10000
2020-10-15 09:46:20.850,3.421,29200
2020-10-15 09:46:21.800,3.422,97700
2020-10-15 09:46:22.410,3.422,100
2020-10-15 09:46:22.530,3.421,3000
2020-10-15 09:46:22.760,3.422,100
2020-10-15 09:46:22.790,3.422,106500
2020-10-15 09:46:22.790,3.422,5000
2020-10-15 09:46:28.370,3.423,6700
2020-10-15 09:46:28.370,3.423,5000
2020-10-15 09:46:28.370,3.423,1900
2020-10-15 09:46:36.900,3.423,2900
2020-10-15 09:46:36.900,3.423,200
2020-10-15 09:46:36.900,3.422,6900
2020-10-15 09:46:39.210,3.424,500
2020-10-15 09:46:40.900,3.423,100
2020-10-15 09:46:48.780,3.423,100
2020-10-15 09:46:48.780,3.423,100
2020-10-15 09:46:48.780,3.423,4600
2020-10-15 09:46:52.380,3.423,39300
2020-10-15 09:46:52.930,3.423,300000
2020-10-15 09:46:54.320,3.423,84600
2020-10-15 09:46:55.880,3.423,100
2020-10-15 09:46:56.390,3.423,500
2020-10-15 09:46:56.940,3.423,70700
2020-10-15 09:46:56.940,3.423,1000
2020-10-15 09:46:57.590,3.422,10000
2020-10-15 09:46:57.940,3.422,100
2020-10-15 09:46:59.840,3.422,9900
2020-10-15 09:46:59.840,3.422,300
2020-10-15 09:46:59.840,3.422,1000
2020-10-15 09:46:59.840,3.422,1000
2020-10-15 09:46:59.840,3.422,1000
2020-10-15 09:46:59.840,3.422,2000
2020-10-15 09:46:59.840,3.422,6000
2020-10-15 09:46:59.840,3.422,4600
2020-10-15 09:46:59.840,3.422,200
2020-10-15 09:46:59.840,3.422,6000
2020-10-15 09:46:59.840,3.422,72900
2020-10-15 09:47:00.280,3.421,200
2020-10-15 09:47:00.280,3.421,500
2020-10-15 09:47:00.280,3.421,1300
2020-10-15 09:47:03.560,3.422,3000
2020-10-15 09:47:04.840,3.422,2000
2020-10-15 09:47:06.590,3.422,2900
2020-10-15 09:47:09.160,3.421,4300
2020-10-15 09:47:14.320,3.422,1000
2020-10-15 09:47:15.240,3.422,48000
2020-10-15 09:47:16.970,3.422,7100
2020-10-15 09:47:19.940,3.421,1000
2020-10-15 09:47:21.450,3.422,20000
2020-10-15 09:47:24.150,3.422,216000
2020-10-15 09:47:24.150,3.422,200
2020-10-15 09:47:24.150,3.422,1000
2020-10-15 09:47:24.150,3.422,1000
2020-10-15 09:47:24.260,3.422,300
2020-10-15 09:47:25.390,3.422,10000
2020-10-15 09:47:32.910,3.422,500
2020-10-15 09:47:33.070,3.422,4000
2020-10-15 09:47:34.850,3.423,500
2020-10-15 09:47:36.930,3.422,3000
2020-10-15 09:47:37.390,3.422,10000
2020-10-15 09:47:37.540,3.422,100
2020-10-15 09:47:40.970,3.422,4000
2020-10-15 09:47:42.100,3.422,8500
2020-10-15 09:47:43.820,3.423,800
2020-10-15 09:47:43.820,3.423,100
2020-10-15 09:47:44.490,3.423,1900
2020-10-15 09:47:45.480,3.423,28100
2020-10-15 09:47:45.480,3.423,1500
2020-10-15 09:47:45.480,3.422,400
2020-10-15 09:47:48.190,3.423,10000
2020-10-15 09:47:50.420,3.423,4300
2020-10-15 09:47:56.900,3.424,200
2020-10-15 09:47:58.860,3.424,9100
2020-10-15 09:47:58.860,3.424,900
2020-10-15 09:47:59.520,3.422,7300
2020-10-15 09:48:08.980,3.422,200
2020-10-15 09:48:09.120,3.422,900
2020-10-15 09:48:10.360,3.422,1800
2020-10-15 09:48:13.570,3.423,100
2020-10-15 09:48:18.770,3.422,10000
2020-10-15 09:48:20.600,3.423,3300
2020-10-15 09:48:20.600,3.423,1000
2020-10-15 09:48:20.600,3.423,10000
2020-10-15 09:48:24.530,3.423,3000
2020-10-15 09:48:28.210,3.422,5700
2020-10-15 09:48:31.530,3.422,10000
2020-10-15 09:48:36.870,3.423,300
2020-10-15 09:48:36.870,3.423,2000
2020-10-15 09:48:38.120,3.423,5000
2020-10-15 09:48:39.690,3.423,14200
2020-10-15 09:48:42.660,3.423,100
2020-10-15 09:48:44.100,3.424,300
2020-10-15 09:48:44.100,3.424,200
2020-10-15 09:48:44.450,3.423,16700
2020-10-15 09:48:45.600,3.423,16500
2020-10-15 09:48:45.630,3.424,2700
2020-10-15 09:48:46.110,3.423,245200
2020-10-15 09:48:46.180,3.423,100
2020-10-15 09:48:47.490,3.423,54700
2020-10-15 09:48:47.490,3.423,16400
2020-10-15 09:48:47.490,3.423,10000
2020-10-15 09:48:47.490,3.424,9000
2020-10-15 09:48:47.490,3.424,3000
2020-10-15 09:48:47.490,3.424,45000
2020-10-15 09:48:47.490,3.424,45000
2020-10-15 09:48:47.490,3.424,500
2020-10-15 09:48:47.880,3.424,86600
2020-10-15 09:48:53.510,3.424,1000
2020-10-15 09:48:54.500,3.424,200
2020-10-15 09:48:54.640,3.423,16200
2020-10-15 09:48:55.760,3.423,17100
2020-10-15 09:48:57.630,3.423,500
2020-10-15 09:48:57.630,3.423,15500
2020-10-15 09:48:57.630,3.424,101600
2020-10-15 09:48:59.890,3.423,100
2020-10-15 09:49:00.290,3.423,10000
2020-10-15 09:49:00.690,3.423,14600
2020-10-15 09:49:04.200,3.424,2400
2020-10-15 09:49:07.940,3.423,200
2020-10-15 09:49:08.030,3.423,500
2020-10-15 09:49:09.180,3.423,4300
2020-10-15 09:49:09.270,3.423,900
2020-10-15 09:49:09.920,3.423,10000
2020-10-15 09:49:13.610,3.423,1600
2020-10-15 09:49:14.150,3.422,800
2020-10-15 09:49:15.690,3.423,100
2020-10-15 09:49:23.140,3.422,4300
2020-10-15 09:49:23.140,3.422,300
2020-10-15 09:49:23.140,3.422,5000
2020-10-15 09:49:23.140,3.422,500
2020-10-15 09:49:23.140,3.422,300
2020-10-15 09:49:23.140,3.422,30000
2020-10-15 09:49:23.140,3.422,10000
2020-10-15 09:49:23.140,3.422,10000
2020-10-15 09:49:23.140,3.422,10700
2020-10-15 09:49:23.140,3.422,1000
2020-10-15 09:49:23.140,3.422,3500
2020-10-15 09:49:23.140,3.422,3000
2020-10-15 09:49:23.140,3.422,300
2020-10-15 09:49:23.140,3.422,1000
2020-10-15 09:49:23.140,3.422,1000
2020-10-15 09:49:23.140,3.422,5400
2020-10-15 09:49:23.140,3.422,1000
2020-10-15 09:49:23.140,3.422,1000
2020-10-15 09:49:23.140,3.422,1000
2020-10-15 09:49:23.140,3.422,1000
2020-10-15 09:49:23.140,3.422,100
2020-10-15 09:49:23.140,3.422,100
2020-10-15 09:49:23.140,3.422,1000
2020-10-15 09:49:23.140,3.422,100
2020-10-15 09:49:23.140,3.422,300
2020-10-15 09:49:23.140,3.422,50000
2020-10-15 09:49:29.000,3.422,100
2020-10-15 09:49:29.690,3.421,2000
2020-10-15 09:49:32.260,3.422,2500
2020-10-15 09:49:32.260,3.422,8200
2020-10-15 09:49:33.830,3.422,3100
2020-10-15 09:49:41.530,3.423,100
2020-10-15 09:49:51.160,3.423,600
2020-10-15 09:49:51.160,3.423,4400
2020-10-15 09:49:51.750,3.422,8800
2020-10-15 09:49:53.920,3.422,21200
2020-10-15 09:49:53.920,3.422,20000
2020-10-15 09:49:53.920,3.422,2100
2020-10-15 09:49:53.920,3.422,10000
2020-10-15 09:49:53.920,3.422,19800
2020-10-15 09:49:59.960,3.422,36700
2020-10-15 09:50:00.720,3.423,20000
2020-10-15 09:50:02.470,3.422,1800
2020-10-15 09:50:02.850,3.423,18200
2020-10-15 09:50:12.070,3.422,2000
2020-10-15 09:50:13.330,3.422,900
2020-10-15 09:50:14.800,3.422,1800
2020-10-15 09:50:19.830,3.423,10200
2020-10-15 09:50:19.830,3.423,3000
2020-10-15 09:50:19.830,3.423,16800
2020-10-15 09:50:20.020,3.422,12000
2020-10-15 09:50:21.070,3.423,1600
2020-10-15 09:50:23.450,3.422,100
2020-10-15 09:50:24.900,3.422,2000
2020-10-15 09:50:27.320,3.423,300
2020-10-15 09:50:28.330,3.422,22900
2020-10-15 09:50:28.330,3.422,20000
2020-10-15 09:50:28.330,3.422,1800
2020-10-15 09:50:29.240,3.422,500
2020-10-15 09:50:30.560,3.423,800
2020-10-15 09:50:35.690,3.422,400
2020-10-15 09:50:40.180,3.422,2300
2020-10-15 09:50:40.180,3.422,5000
2020-10-15 09:50:40.180,3.422,12700
2020-10-15 09:50:41.040,3.423,500
2020-10-15 09:50:41.040,3.423,100
2020-10-15 09:50:41.040,3.423,400
2020-10-15 09:50:42.970,3.422,7300
2020-10-15 09:50:42.970,3.422,8800
2020-10-15 09:50:42.970,3.422,33900
2020-10-15 09:50:45.100,3.423,1400
2020-10-15 09:50:45.100,3.423,3600
2020-10-15 09:50:50.680,3.423,100
2020-10-15 09:50:52.230,3.423,8300
2020-10-15 09:50:52.230,3.423,35700
2020-10-15 09:50:52.550,3.422,1200
2020-10-15 09:50:52.550,3.422,3200
2020-10-15 09:50:54.690,3.423,14400
2020-10-15 09:50:56.510,3.423,50000
2020-10-15 09:50:57.890,3.423,3000
2020-10-15 09:50:58.540,3.423,1000
2020-10-15 09:50:58.940,3.423,3000
2020-10-15 09:51:01.320,3.422,100
2020-10-15 09:51:03.900,3.422,11400
2020-10-15 09:51:03.900,3.422,1000
2020-10-15 09:51:03.900,3.422,30000
2020-10-15 09:51:03.900,3.422,50000
2020-10-15 09:51:03.900,3.422,10000
2020-10-15 09:51:05.010,3.422,10000
2020-10-15 09:51:05.420,3.422,77500
2020-10-15 09:51:05.920,3.422,200
2020-10-15 09:51:06.590,3.422,1000
2020-10-15 09:51:11.740,3.422,100
2020-10-15 09:51:11.740,3.422,5600
2020-10-15 09:51:12.440,3.422,1300
2020-10-15 09:51:13.980,3.422,1000
2020-10-15 09:51:17.810,3.421,1400
2020-10-15 09:51:17.810,3.421,23200
2020-10-15 09:51:17.810,3.421,200
2020-10-15 09:51:17.810,3.421,1400
2020-10-15 09:51:17.810,3.421,10000
2020-10-15 09:51:17.810,3.421,1700
2020-10-15 09:51:17.810,3.421,145700
2020-10-15 09:51:17.810,3.421,1000
2020-10-15 09:51:17.810,3.421,700
2020-10-15 09:51:17.810,3.421,9000
2020-10-15 09:51:17.810,3.421,4000
2020-10-15 09:51:17.810,3.421,100
2020-10-15 09:51:17.810,3.421,2000
2020-10-15 09:51:17.810,3.421,100
2020-10-15 09:51:17.810,3.421,10000
2020-10-15 09:51:17.810,3.421,3000
2020-10-15 09:51:17.810,3.421,500
2020-10-15 09:51:19.150,3.421,100
2020-10-15 09:51:21.760,3.42,3000
2020-10-15 09:51:21.760,3.42,1800
2020-10-15 09:51:21.760,3.42,200
2020-10-15 09:51:25.580,3.421,20000
2020-10-15 09:51:27.820,3.421,36900
2020-10-15 09:51:27.820,3.421,43100
2020-10-15 09:51:27.820,3.421,80000
2020-10-15 09:51:29.060,3.421,10000
2020-10-15 09:51:29.200,3.42,400
2020-10-15 09:51:30.830,3.421,10000
2020-10-15 09:51:36.070,3.421,6900
2020-10-15 09:51:38.710,3.421,2000
2020-10-15 09:51:39.290,3.421,500
2020-10-15 09:51:44.240,3.421,1500
2020-10-15 09:51:46.070,3.422,5000
2020-10-15 09:51:46.730,3.421,500
2020-10-15 09:51:50.270,3.421,6400
2020-10-15 09:51:51.120,3.421,2200
2020-10-15 09:51:51.120,3.421,1900
2020-10-15 09:51:52.260,3.421,7000
2020-10-15 09:52:04.680,3.421,5000
2020-10-15 09:52:08.240,3.421,100
2020-10-15 09:52:09.800,3.422,1000
2020-10-15 09:52:12.090,3.422,100
2020-10-15 09:52:20.040,3.422,1200
2020-10-15 09:52:20.680,3.422,147700
2020-10-15 09:52:20.680,3.422,400
2020-10-15 09:52:21.690,3.422,1000
2020-10-15 09:52:30.340,3.422,100
2020-10-15 09:52:31.670,3.421,2000
2020-10-15 09:52:33.010,3.421,300
2020-10-15 09:52:37.620,3.422,100
2020-10-15 09:52:38.560,3.421,100
2020-10-15 09:52:40.150,3.421,100
2020-10-15 09:52:42.810,3.421,300
2020-10-15 09:52:42.810,3.421,500
2020-10-15 09:52:42.810,3.421,4100
2020-10-15 09:52:44.310,3.421,500
2020-10-15 09:52:44.590,3.421,14100
2020-10-15 09:52:45.330,3.422,700
2020-10-15 09:52:45.540,3.421,1200
2020-10-15 09:52:46.860,3.421,4000
2020-10-15 09:52:47.790,3.421,200
2020-10-15 09:52:51.520,3.421,2600
2020-10-15 09:52:55.110,3.421,3300
2020-10-15 09:52:55.110,3.421,1700
2020-10-15 09:52:55.890,3.421,100
2020-10-15 09:52:56.740,3.421,100
2020-10-15 09:52:57.120,3.421,200
2020-10-15 09:52:57.120,3.421,300
2020-10-15 09:52:57.120,3.421,1500
2020-10-15 09:52:57.150,3.421,48500
2020-10-15 09:52:57.150,3.421,20000
2020-10-15 09:52:57.150,3.421,1500
2020-10-15 09:52:57.150,3.421,500
2020-10-15 09:52:57.150,3.421,100
2020-10-15 09:53:01.540,3.42,5500
2020-10-15 09:53:01.540,3.42,12000
2020-10-15 09:53:01.540,3.42,400
2020-10-15 09:53:01.540,3.42,2500
2020-10-15 09:53:01.540,3.42,4000
2020-10-15 09:53:01.540,3.42,10000
2020-10-15 09:53:01.540,3.42,10000
2020-10-15 09:53:01.540,3.42,30000
2020-10-15 09:53:01.540,3.42,28900
2020-10-15 09:53:01.540,3.42,300
2020-10-15 09:53:01.540,3.42,1000
2020-10-15 09:53:01.540,3.42,10000
2020-10-15 09:53:01.540,3.42,200
2020-10-15 09:53:01.540,3.42,500
2020-10-15 09:53:01.540,3.42,1000
2020-10-15 09:53:01.540,3.42,100
2020-10-15 09:53:01.540,3.42,15000
2020-10-15 09:53:01.540,3.42,100
2020-10-15 09:53:01.540,3.42,200
2020-10-15 09:53:01.540,3.42,5000
2020-10-15 09:53:01.540,3.42,6000
2020-10-15 09:53:01.540,3.42,1000
2020-10-15 09:53:01.540,3.42,1000
2020-10-15 09:53:01.540,3.42,8000
2020-10-15 09:53:01.540,3.42,10000
2020-10-15 09:53:01.540,3.42,2000
2020-10-15 09:53:01.540,3.42,2100
2020-10-15 09:53:01.540,3.42,1000
2020-10-15 09:53:01.540,3.42,2000
2020-10-15 09:53:01.540,3.42,6000
2020-10-15 09:53:01.540,3.42,1000
2020-10-15 09:53:01.540,3.42,100
2020-10-15 09:53:01.540,3.42,123100
2020-10-15 09:53:02.150,3.42,22900
2020-10-15 09:53:02.150,3.42,300
2020-10-15 09:53:02.150,3.42,40000
2020-10-15 09:53:02.150,3.42,1000
2020-10-15 09:53:02.150,3.42,50000
2020-10-15 09:53:02.150,3.42,5000
2020-10-15 09:53:02.150,3.42,5000
2020-10-15 09:53:02.150,3.42,6500
2020-10-15 09:53:02.150,3.42,100
2020-10-15 09:53:02.150,3.42,10000
2020-10-15 09:53:02.150,3.42,11100
2020-10-15 09:53:02.150,3.42,2200
2020-10-15 09:53:02.150,3.42,100
2020-10-15 09:53:02.150,3.42,900
2020-10-15 09:53:02.150,3.42,3200
2020-10-15 09:53:02.150,3.42,16500
2020-10-15 09:53:02.150,3.42,400
2020-10-15 09:53:02.180,3.42,700
2020-10-15 09:53:02.960,3.419,10400
2020-10-15 09:53:05.120,3.42,3000
2020-10-15 09:53:07.460,3.419,1000
2020-10-15 09:53:07.580,3.419,33100
2020-10-15 09:53:07.580,3.419,266900
2020-10-15 09:53:07.680,3.419,33100
2020-10-15 09:53:07.680,3.419,9000
2020-10-15 09:53:07.680,3.419,200
2020-10-15 09:53:07.680,3.419,30000
2020-10-15 09:53:07.680,3.419,500
2020-10-15 09:53:07.680,3.419,300
2020-10-15 09:53:07.680,3.419,1000
2020-10-15 09:53:07.680,3.419,20000
2020-10-15 09:53:07.680,3.419,700
2020-10-15 09:53:07.680,3.419,10000
2020-10-15 09:53:07.680,3.419,1000
2020-10-15 09:53:07.680,3.419,500
2020-10-15 09:53:07.680,3.419,1100
2020-10-15 09:53:07.680,3.419,15100
2020-10-15 09:53:07.680,3.419,13100
2020-10-15 09:53:07.680,3.419,300
2020-10-15 09:53:07.680,3.419,7000
2020-10-15 09:53:07.680,3.419,150000
2020-10-15 09:53:07.680,3.419,1000
2020-10-15 09:53:07.680,3.419,1000
2020-10-15 09:53:07.680,3.419,5000
2020-10-15 09:53:07.680,3.419,100
2020-10-15 09:53:10.620,3.419,100
2020-10-15 09:53:10.860,3.42,4300
2020-10-15 09:53:12.150,3.419,800
2020-10-15 09:53:12.150,3.419,3100
2020-10-15 09:53:12.150,3.419,1000
2020-10-15 09:53:12.150,3.419,56300
2020-10-15 09:53:12.150,3.419,5000
2020-10-15 09:53:12.150,3.419,3000
2020-10-15 09:53:12.150,3.419,500
2020-10-15 09:53:14.110,3.419,500
2020-10-15 09:53:14.310,3.418,9000
2020-10-15 09:53:14.310,3.418,600
2020-10-15 09:53:14.310,3.418,500
2020-10-15 09:53:14.310,3.418,15000
2020-10-15 09:53:14.310,3.418,700
2020-10-15 09:53:14.310,3.418,3000
2020-10-15 09:53:14.310,3.418,300
2020-10-15 09:53:14.310,3.418,10000
2020-10-15 09:53:14.310,3.418,5000
2020-10-15 09:53:14.310,3.418,5000
2020-10-15 09:53:14.310,3.418,7000
2020-10-15 09:53:14.310,3.418,1000
2020-10-15 09:53:14.310,3.418,200
2020-10-15 09:53:14.310,3.418,3000
2020-10-15 09:53:14.310,3.418,5000
2020-10-15 09:53:14.310,3.418,10000
2020-10-15 09:53:14.310,3.418,1000
2020-10-15 09:53:14.310,3.418,10000
2020-10-15 09:53:14.310,3.418,10100
2020-10-15 09:53:14.310,3.418,1000
2020-10-15 09:53:14.310,3.418,2000
2020-10-15 09:53:14.310,3.418,30000
2020-10-15 09:53:14.310,3.418,15000
2020-10-15 09:53:14.310,3.418,500
2020-10-15 09:53:14.310,3.418,200
2020-10-15 09:53:14.310,3.418,5000
2020-10-15 09:53:14.310,3.418,4000
2020-10-15 09:53:14.310,3.418,20000
2020-10-15 09:53:14.310,3.418,300
2020-10-15 09:53:16.540,3.417,1000
2020-10-15 09:53:16.540,3.417,17600
2020-10-15 09:53:16.540,3.417,100
2020-10-15 09:53:16.540,3.417,7000
2020-10-15 09:53:16.540,3.417,1000
2020-10-15 09:53:16.540,3.417,10000
2020-10-15 09:53:16.540,3.417,5000
2020-10-15 09:53:16.540,3.417,300
2020-10-15 09:53:16.540,3.417,1700
2020-10-15 09:53:16.540,3.417,10000
2020-10-15 09:53:16.540,3.417,10000
2020-10-15 09:53:16.540,3.417,5000
2020-10-15 09:53:16.540,3.417,5000
2020-10-15 09:53:16.540,3.417,10000
2020-10-15 09:53:16.540,3.417,23300
2020-10-15 09:53:16.540,3.417,300
2020-10-15 09:53:16.540,3.417,1000
2020-10-15 09:53:16.540,3.417,200
2020-10-15 09:53:16.540,3.417,10000
2020-10-15 09:53:16.540,3.417,20000
2020-10-15 09:53:16.540,3.417,1000
2020-10-15 09:53:16.540,3.417,2000
2020-10-15 09:53:16.540,3.417,93000
2020-10-15 09:53:16.540,3.417,10000
2020-10-15 09:53:16.540,3.417,40000
2020-10-15 09:53:17.280,3.417,1400
2020-10-15 09:53:17.500,3.416,7000
2020-10-15 09:53:17.500,3.416,100
2020-10-15 09:53:17.500,3.416,3000
2020-10-15 09:53:17.500,3.416,10000
2020-10-15 09:53:17.500,3.416,75600
2020-10-15 09:53:17.500,3.416,500
2020-10-15 09:53:17.500,3.416,5700
2020-10-15 09:53:17.500,3.416,300
2020-10-15 09:53:17.500,3.416,300
2020-10-15 09:53:17.500,3.416,7300
2020-10-15 09:53:17.500,3.416,5000
2020-10-15 09:53:17.500,3.416,50000
2020-10-15 09:53:17.500,3.416,50000
2020-10-15 09:53:17.500,3.416,7800
2020-10-15 09:53:17.500,3.416,1000
2020-10-15 09:53:17.500,3.416,5000
2020-10-15 09:53:17.500,3.416,500
2020-10-15 09:53:17.500,3.416,500
2020-10-15 09:53:17.500,3.416,1000
2020-10-15 09:53:17.500,3.416,1000
2020-10-15 09:53:17.500,3.416,500
2020-10-15 09:53:17.500,3.416,5000
2020-10-15 09:53:17.500,3.416,1000
2020-10-15 09:53:17.500,3.416,61900
2020-10-15 09:53:19.420,3.416,20000
2020-10-15 09:53:19.420,3.416,10000
2020-10-15 09:53:19.590,3.416,300
2020-10-15 09:53:19.980,3.415,5000
2020-10-15 09:53:19.980,3.415,100
2020-10-15 09:53:19.980,3.415,200
2020-10-15 09:53:19.980,3.415,1000
2020-10-15 09:53:19.980,3.415,20000
2020-10-15 09:53:19.980,3.415,10000
2020-10-15 09:53:19.980,3.415,10000
2020-10-15 09:53:19.980,3.415,3700
2020-10-15 09:53:22.250,3.416,500
2020-10-15 09:53:22.570,3.415,5100
2020-10-15 09:53:22.570,3.415,3000
2020-10-15 09:53:23.470,3.416,1800
2020-10-15 09:53:23.550,3.416,11300
2020-10-15 09:53:24.260,3.416,10000
2020-10-15 09:53:24.380,3.416,40000
2020-10-15 09:53:24.380,3.416,40000
2020-10-15 09:53:25.240,3.416,40000
2020-10-15 09:53:25.530,3.415,7100
2020-10-15 09:53:25.530,3.415,7000
2020-10-15 09:53:25.530,3.415,1000
2020-10-15 09:53:25.530,3.415,600
2020-10-15 09:53:25.530,3.415,20000
2020-10-15 09:53:25.530,3.415,9300
2020-10-15 09:53:25.530,3.415,40700
2020-10-15 09:53:25.530,3.415,2200
2020-10-15 09:53:26.340,3.416,70000
2020-10-15 09:53:26.340,3.416,56100
2020-10-15 09:53:26.340,3.416,13900
2020-10-15 09:53:26.340,3.416,80000
2020-10-15 09:53:26.340,3.416,80000
2020-10-15 09:53:27.460,3.417,10000
2020-10-15 09:53:28.600,3.417,4100
2020-10-15 09:53:28.600,3.417,25900
2020-10-15 09:53:29.930,3.417,2900
2020-10-15 09:53:30.690,3.416,5000
2020-10-15 09:53:31.010,3.416,23500
2020-10-15 09:53:32.240,3.416,2000
2020-10-15 09:53:32.380,3.416,9500
2020-10-15 09:53:32.380,3.416,20500
2020-10-15 09:53:33.630,3.416,29500
2020-10-15 09:53:33.630,3.416,18200
2020-10-15 09:53:33.630,3.416,50000
2020-10-15 09:53:33.680,3.416,2300
2020-10-15 09:53:34.660,3.416,37700
2020-10-15 09:53:35.260,3.416,8800
2020-10-15 09:53:36.390,3.415,2400
2020-10-15 09:53:36.990,3.416,70000
2020-10-15 09:53:36.990,3.416,70000
2020-10-15 09:53:36.990,3.416,70000
2020-10-15 09:53:37.190,3.416,3500
2020-10-15 09:53:37.470,3.416,300
2020-10-15 09:53:37.640,3.415,5400
2020-10-15 09:53:37.640,3.415,600
2020-10-15 09:53:39.050,3.416,1500
2020-10-15 09:53:39.230,3.415,49400
2020-10-15 09:53:39.230,3.415,600
2020-10-15 09:53:39.980,3.416,100
2020-10-15 09:53:40.160,3.416,100
2020-10-15 09:53:41.070,3.416,32400
2020-10-15 09:53:41.070,3.416,7600
2020-10-15 09:53:41.400,3.416,7000
2020-10-15 09:53:41.400,3.416,20000
2020-10-15 09:53:41.400,3.416,3800
2020-10-15 09:53:41.400,3.416,9200
2020-10-15 09:53:41.870,3.415,1400
2020-10-15 09:53:41.870,3.415,2900
2020-10-15 09:53:41.870,3.415,5000
2020-10-15 09:53:41.870,3.415,200
2020-10-15 09:53:42.140,3.415,1100
2020-10-15 09:53:42.140,3.415,5000
2020-10-15 09:53:42.140,3.415,1000
2020-10-15 09:53:42.140,3.415,1100
2020-10-15 09:53:42.200,3.415,8900
2020-10-15 09:53:42.200,3.415,2300
2020-10-15 09:53:42.200,3.415,4000
2020-10-15 09:53:42.200,3.415,6000
2020-10-15 09:53:43.070,3.415,10000
2020-10-15 09:53:43.630,3.416,6000
2020-10-15 09:53:43.660,3.416,6900
2020-10-15 09:53:43.660,3.416,5800
2020-10-15 09:53:43.660,3.416,4700
2020-10-15 09:53:43.970,3.416,22600
2020-10-15 09:53:43.970,3.415,34000
2020-10-15 09:53:43.970,3.415,12000
2020-10-15 09:53:43.970,3.415,500
2020-10-15 09:53:43.970,3.415,100
2020-10-15 09:53:43.970,3.415,3000
2020-10-15 09:53:43.970,3.415,1000
2020-10-15 09:53:43.970,3.415,10000
2020-10-15 09:53:43.970,3.415,100
2020-10-15 09:53:43.970,3.415,6700
2020-10-15 09:53:44.240,3.416,5900
2020-10-15 09:53:44.240,3.416,4100
2020-10-15 09:53:44.370,3.416,30000
2020-10-15 09:53:44.850,3.416,5900
2020-10-15 09:53:45.270,3.416,4100
2020-10-15 09:53:45.270,3.415,2300
2020-10-15 09:53:45.270,3.415,3600
2020-10-15 09:53:48.370,3.416,8100
2020-10-15 09:53:48.530,3.417,271200
2020-10-15 09:53:48.530,3.417,28800
2020-10-15 09:53:48.780,3.416,11900
2020-10-15 09:53:48.780,3.416,10000
2020-10-15 09:53:48.780,3.416,3700
2020-10-15 09:53:49.420,3.416,6300
2020-10-15 09:53:49.420,3.416,50000
2020-10-15 09:53:49.420,3.416,13700
2020-10-15 09:53:49.980,3.416,500
2020-10-15 09:53:50.210,3.416,1600
2020-10-15 09:53:50.940,3.416,1800
2020-10-15 09:53:51.070,3.416,6100
2020-10-15 09:53:51.450,3.417,50000
2020-10-15 09:53:51.590,3.415,10000
2020-10-15 09:53:52.130,3.417,20000
2020-10-15 09:53:52.630,3.415,2000
2020-10-15 09:53:52.630,3.415,1000
2020-10-15 09:53:55.450,3.416,3000
2020-10-15 09:53:55.450,3.416,100
2020-10-15 09:53:55.450,3.416,7400
2020-10-15 09:53:56.310,3.416,1000
2020-10-15 09:53:57.980,3.416,1600
2020-10-15 09:53:57.980,3.416,400
2020-10-15 09:53:57.980,3.416,700
2020-10-15 09:53:57.980,3.416,100
2020-10-15 09:53:57.980,3.416,200
2020-10-15 09:53:57.980,3.415,1000
2020-10-15 09:53:57.980,3.415,2300
2020-10-15 09:53:57.980,3.415,8000
2020-10-15 09:53:59.130,3.416,600
2020-10-15 09:54:01.710,3.416,1800
2020-10-15 09:54:02.370,3.416,1000
2020-10-15 09:54:02.720,3.415,500
2020-10-15 09:54:02.720,3.415,100
2020-10-15 09:54:02.720,3.415,20000
2020-10-15 09:54:02.720,3.415,20000
2020-10-15 09:54:02.720,3.415,500
2020-10-15 09:54:02.720,3.415,11000
2020-10-15 09:54:02.720,3.415,11600
2020-10-15 09:54:02.720,3.415,10000
2020-10-15 09:54:02.720,3.415,20000
2020-10-15 09:54:02.720,3.415,20000
2020-10-15 09:54:02.720,3.415,100
2020-10-15 09:54:02.720,3.415,5000
2020-10-15 09:54:02.720,3.415,40000
2020-10-15 09:54:02.720,3.415,50000
2020-10-15 09:54:02.720,3.415,2000
2020-10-15 09:54:02.720,3.415,1000
2020-10-15 09:54:03.530,3.415,10000
2020-10-15 09:54:04.350,3.415,100
2020-10-15 09:54:04.730,3.415,8000
2020-10-15 09:54:05.510,3.415,100
2020-10-15 09:54:07.240,3.415,50000
2020-10-15 09:54:07.860,3.415,10000
2020-10-15 09:54:08.120,3.415,200
2020-10-15 09:54:08.860,3.415,9800
2020-10-15 09:54:08.860,3.415,200
2020-10-15 09:54:08.860,3.415,10000
2020-10-15 09:54:10.360,3.415,3000
2020-10-15 09:54:10.850,3.415,1500
2020-10-15 09:54:11.160,3.415,2500
2020-10-15 09:54:11.980,3.415,7500
2020-10-15 09:54:11.980,3.415,1200
2020-10-15 09:54:13.890,3.415,4500
2020-10-15 09:54:13.890,3.415,1800
2020-10-15 09:54:13.890,3.414,100
2020-10-15 09:54:13.890,3.414,200
2020-10-15 09:54:13.890,3.414,1000
2020-10-15 09:54:13.890,3.414,19800
2020-10-15 09:54:15.410,3.415,500
2020-10-15 09:54:15.720,3.414,41900
2020-10-15 09:54:16.250,3.414,5000
2020-10-15 09:54:17.860,3.415,12000
2020-10-15 09:54:19.640,3.416,20000
2020-10-15 09:54:21.040,3.416,5000
2020-10-15 09:54:22.650,3.416,5000
2020-10-15 09:54:27.530,3.415,5800
2020-10-15 09:54:28.580,3.416,20000
2020-10-15 09:54:31.470,3.416,200
2020-10-15 09:54:31.890,3.416,500
2020-10-15 09:54:33.610,3.416,30000
2020-10-15 09:54:33.670,3.415,29900
2020-10-15 09:54:33.670,3.416,200
2020-10-15 09:54:33.730,3.416,34000
2020-10-15 09:54:34.160,3.416,1000
2020-10-15 09:54:34.440,3.415,2300
2020-10-15 09:54:34.440,3.415,20000
2020-10-15 09:54:34.440,3.415,27400
2020-10-15 09:54:34.440,3.415,10000
2020-10-15 09:54:34.440,3.415,300
2020-10-15 09:54:35.380,3.416,5500
2020-10-15 09:54:36.260,3.416,200
2020-10-15 09:54:38.080,3.415,6100
2020-10-15 09:54:39.050,3.416,5900
2020-10-15 09:54:39.620,3.416,20000
2020-10-15 09:54:40.290,3.416,500
2020-10-15 09:54:41.020,3.416,3000
2020-10-15 09:54:42.020,3.415,100
2020-10-15 09:54:42.750,3.415,12000
2020-10-15 09:54:44.430,3.416,100
2020-10-15 09:54:45.190,3.415,3300
2020-10-15 09:54:45.360,3.415,1000
2020-10-15 09:54:46.730,3.415,16000
2020-10-15 09:54:47.260,3.415,1500
2020-10-15 09:54:47.260,3.415,10000
2020-10-15 09:54:47.260,3.415,5000
2020-10-15 09:54:47.260,3.415,8500
2020-10-15 09:54:48.220,3.415,1500
2020-10-15 09:54:48.220,3.415,1400
2020-10-15 09:54:48.220,3.415,800
2020-10-15 09:54:48.220,3.415,2100
2020-10-15 09:54:48.220,3.415,200
2020-10-15 09:54:49.070,3.415,7000
2020-10-15 09:54:49.830,3.415,3000
2020-10-15 09:54:49.830,3.415,1300
