Datetime,Price,Volume
2020-10-15 09:25:00.090,4.874,300
2020-10-15 09:25:00.090,4.874,1500
2020-10-15 09:25:00.090,4.874,14100
2020-10-15 09:25:00.090,4.874,7000
2020-10-15 09:25:00.090,4.874,200
2020-10-15 09:25:00.090,4.874,15700
2020-10-15 09:25:00.090,4.874,2400
2020-10-15 09:25:00.090,4.874,1300
2020-10-15 09:25:00.090,4.874,600
2020-10-15 09:25:00.090,4.874,17800
2020-10-15 09:25:00.090,4.874,20400
2020-10-15 09:25:00.090,4.874,100
2020-10-15 09:25:00.090,4.874,600
2020-10-15 09:25:00.090,4.874,500
2020-10-15 09:25:00.090,4.874,14800
2020-10-15 09:25:00.090,4.874,4400
2020-10-15 09:25:00.090,4.874,2600
2020-10-15 09:25:00.090,4.874,7400
2020-10-15 09:25:00.090,4.874,4700
2020-10-15 09:25:00.090,4.874,8900
2020-10-15 09:25:00.090,4.874,2700
2020-10-15 09:25:00.090,4.874,10000
2020-10-15 09:25:00.090,4.874,10000
2020-10-15 09:25:00.090,4.874,20400
2020-10-15 09:25:00.090,4.874,12800
2020-10-15 09:25:00.090,4.874,5000
2020-10-15 09:25:00.090,4.874,2200
2020-10-15 09:25:00.090,4.874,700
2020-10-15 09:25:00.090,4.874,1100
2020-10-15 09:25:00.090,4.874,900
2020-10-15 09:25:00.090,4.874,10000
2020-10-15 09:25:00.090,4.874,27400
2020-10-15 09:25:00.090,4.874,1000
2020-10-15 09:25:00.090,4.874,22700
2020-10-15 09:25:00.090,4.874,48900
2020-10-15 09:25:00.090,4.874,4100
2020-10-15 09:25:00.090,4.874,400
2020-10-15 09:25:00.090,4.874,10000
2020-10-15 09:25:00.090,4.874,100
2020-10-15 09:25:00.090,4.874,10000
2020-10-15 09:25:00.090,4.874,2000
2020-10-15 09:25:00.090,4.874,100
2020-10-15 09:25:00.090,4.874,8000
2020-10-15 09:25:00.090,4.874,100
2020-10-15 09:25:00.090,4.874,100
2020-10-15 09:25:00.090,4.874,200
2020-10-15 09:25:00.090,4.874,100
2020-10-15 09:25:00.090,4.874,200
2020-10-15 09:25:00.090,4.874,100
2020-10-15 09:25:00.090,4.874,200
2020-10-15 09:25:00.090,4.874,100
2020-10-15 09:25:00.090,4.874,100
2020-10-15 09:25:00.090,4.874,100
2020-10-15 09:25:00.090,4.874,100
2020-10-15 09:25:00.090,4.874,100
2020-10-15 09:25:00.090,4.874,100
2020-10-15 09:25:00.090,4.874,100
2020-10-15 09:25:00.090,4.874,1000
2020-10-15 09:25:00.090,4.874,100
2020-10-15 09:25:00.090,4.874,1000
2020-10-15 09:25:00.090,4.874,2000
2020-10-15 09:25:00.090,4.874,1000
2020-10-15 09:25:00.090,4.874,400
2020-10-15 09:25:00.090,4.874,8500
2020-10-15 09:25:00.090,4.874,200
2020-10-15 09:25:00.090,4.874,11200
2020-10-15 09:25:00.090,4.874,400
2020-10-15 09:25:00.090,4.874,100
2020-10-15 09:25:00.090,4.874,100
2020-10-15 09:25:00.090,4.874,100
2020-10-15 09:25:00.090,4.874,100
2020-10-15 09:25:00.090,4.874,100
2020-10-15 09:25:00.090,4.874,2000
2020-10-15 09:25:00.090,4.874,200
2020-10-15 09:25:00.090,4.874,200
2020-10-15 09:25:00.090,4.874,100
2020-10-15 09:25:00.090,4.874,100
2020-10-15 09:25:00.090,4.874,100
2020-10-15 09:25:00.090,4.874,100
2020-10-15 09:25:00.090,4.874,100
2020-10-15 09:25:00.090,4.874,100
2020-10-15 09:25:00.090,4.874,1900
2020-10-15 09:25:00.090,4.874,100
2020-10-15 09:25:00.090,4.874,300
2020-10-15 09:25:00.090,4.874,200
2020-10-15 09:25:00.090,4.874,1000
2020-10-15 09:25:00.090,4.874,100
2020-10-15 09:25:00.090,4.874,200
2020-10-15 09:25:00.090,4.874,1500
2020-10-15 09:25:00.090,4.874,300
2020-10-15 09:25:00.090,4.874,10900
2020-10-15 09:25:00.090,4.874,500
2020-10-15 09:25:00.090,4.874,5000
2020-10-15 09:25:00.090,4.874,2000
2020-10-15 09:25:00.090,4.874,8200
2020-10-15 09:25:00.090,4.874,2000
2020-10-15 09:25:00.090,4.874,10000
2020-10-15 09:25:00.090,4.874,2000
2020-10-15 09:25:00.090,4.874,1000
2020-10-15 09:25:00.090,4.874,1000
2020-10-15 09:25:00.090,4.874,100
2020-10-15 09:25:00.090,4.874,300
2020-10-15 09:25:00.090,4.874,200
2020-10-15 09:25:00.090,4.874,1000
2020-10-15 09:25:00.090,4.874,1000
2020-10-15 09:25:00.090,4.874,600
2020-10-15 09:25:00.090,4.874,700
2020-10-15 09:25:00.090,4.874,2600
2020-10-15 09:25:00.090,4.874,17400
2020-10-15 09:25:00.090,4.874,100
2020-10-15 09:25:00.090,4.874,100
2020-10-15 09:25:00.090,4.874,100
2020-10-15 09:25:00.090,4.874,100
2020-10-15 09:25:00.090,4.874,200
2020-10-15 09:25:00.090,4.874,500
2020-10-15 09:25:00.090,4.874,200
2020-10-15 09:25:00.090,4.874,100
2020-10-15 09:25:00.090,4.874,100
2020-10-15 09:25:00.090,4.874,500
2020-10-15 09:25:00.090,4.874,100
2020-10-15 09:25:00.090,4.874,400
2020-10-15 09:25:00.090,4.874,100
2020-10-15 09:25:00.090,4.874,900
2020-10-15 09:25:00.090,4.874,100
2020-10-15 09:25:00.090,4.874,200
2020-10-15 09:25:00.090,4.874,100
2020-10-15 09:25:00.090,4.874,100
2020-10-15 09:25:00.090,4.874,100
2020-10-15 09:25:00.090,4.874,100
2020-10-15 09:25:00.090,4.874,1000
2020-10-15 09:25:00.090,4.874,100
2020-10-15 09:25:00.090,4.874,100
2020-10-15 09:25:00.090,4.874,3100
2020-10-15 09:25:00.090,4.874,800
2020-10-15 09:25:00.090,4.874,100
2020-10-15 09:25:00.090,4.874,100
2020-10-15 09:25:00.090,4.874,100
2020-10-15 09:25:00.090,4.874,200
2020-10-15 09:25:00.090,4.874,200
2020-10-15 09:25:00.090,4.874,200
2020-10-15 09:25:00.090,4.874,22400
2020-10-15 09:25:00.090,4.874,200
2020-10-15 09:25:00.090,4.874,1900
2020-10-15 09:25:00.090,4.874,22200
2020-10-15 09:25:00.090,4.874,100
2020-10-15 09:25:00.090,4.874,2600
2020-10-15 09:25:00.090,4.874,5000
2020-10-15 09:25:00.090,4.874,45600
2020-10-15 09:25:00.090,4.874,200
2020-10-15 09:25:00.090,4.874,14500
2020-10-15 09:25:00.090,4.874,100
2020-10-15 09:25:00.090,4.874,600
2020-10-15 09:25:00.090,4.874,300
2020-10-15 09:25:00.090,4.874,200
2020-10-15 09:25:00.090,4.874,100
2020-10-15 09:25:00.090,4.874,1100
2020-10-15 09:25:00.090,4.874,1000
2020-10-15 09:25:00.090,4.874,100
2020-10-15 09:25:00.090,4.874,2600
2020-10-15 09:25:00.090,4.874,200
2020-10-15 09:25:00.090,4.874,2200
2020-10-15 09:25:00.090,4.874,100
2020-10-15 09:25:00.090,4.874,1000
2020-10-15 09:25:00.090,4.874,500
2020-10-15 09:25:00.090,4.874,100
2020-10-15 09:25:00.090,4.874,300
2020-10-15 09:25:00.090,4.874,300
2020-10-15 09:25:00.090,4.874,50000
2020-10-15 09:25:00.090,4.874,32600
2020-10-15 09:25:00.090,4.874,14500
2020-10-15 09:25:00.090,4.874,30000
2020-10-15 09:25:00.090,4.874,500
2020-10-15 09:25:00.090,4.874,2000
2020-10-15 09:25:00.090,4.874,200
2020-10-15 09:25:00.090,4.874,100
2020-10-15 09:25:00.090,4.874,15400
2020-10-15 09:25:00.090,4.874,100
2020-10-15 09:25:00.090,4.874,200
2020-10-15 09:25:00.090,4.874,100
2020-10-15 09:25:00.090,4.874,200
2020-10-15 09:25:00.090,4.874,200
2020-10-15 09:25:00.090,4.874,300
2020-10-15 09:25:00.090,4.874,100
2020-10-15 09:25:00.090,4.874,100
2020-10-15 09:30:00.130,4.873,2300
2020-10-15 09:30:00.130,4.872,15300
2020-10-15 09:30:00.230,4.875,1000
2020-10-15 09:30:00.310,4.872,3000
2020-10-15 09:30:00.380,4.873,30000
2020-10-15 09:30:00.380,4.875,5000
2020-10-15 09:30:00.520,4.875,800
2020-10-15 09:30:00.520,4.875,600
2020-10-15 09:30:00.520,4.875,3000
2020-10-15 09:30:00.520,4.875,10500
2020-10-15 09:30:00.520,4.876,1000
2020-10-15 09:30:00.520,4.876,4100
2020-10-15 09:30:00.520,4.874,50000
2020-10-15 09:30:00.520,4.874,88400
2020-10-15 09:30:00.520,4.873,11600
2020-10-15 09:30:00.630,4.876,1000
2020-10-15 09:30:00.630,4.875,100
2020-10-15 09:30:00.630,4.875,10000
2020-10-15 09:30:00.630,4.875,20000
2020-10-15 09:30:00.860,4.876,33700
2020-10-15 09:30:00.860,4.876,4100
2020-10-15 09:30:00.860,4.876,100000
2020-10-15 09:30:00.860,4.876,1000
2020-10-15 09:30:00.860,4.876,1000
2020-10-15 09:30:00.860,4.876,500
2020-10-15 09:30:00.860,4.877,2000
2020-10-15 09:30:00.860,4.877,20000
2020-10-15 09:30:00.860,4.877,133700
2020-10-15 09:30:00.980,4.876,4900
2020-10-15 09:30:01.090,4.876,5000
2020-10-15 09:30:01.090,4.876,15100
2020-10-15 09:30:01.090,4.875,71000
2020-10-15 09:30:01.210,4.875,4500
2020-10-15 09:30:01.210,4.875,700
2020-10-15 09:30:01.330,4.875,9000
2020-10-15 09:30:01.590,4.875,500
2020-10-15 09:30:01.590,4.875,19300
2020-10-15 09:30:01.590,4.875,100
2020-10-15 09:30:01.590,4.875,600
2020-10-15 09:30:01.590,4.874,12300
2020-10-15 09:30:01.590,4.874,1000
2020-10-15 09:30:01.590,4.874,200
2020-10-15 09:30:01.590,4.874,100
2020-10-15 09:30:01.590,4.874,2000
2020-10-15 09:30:01.590,4.874,300
2020-10-15 09:30:01.590,4.874,40000
2020-10-15 09:30:01.590,4.874,5000
2020-10-15 09:30:01.590,4.873,25000
2020-10-15 09:30:01.590,4.873,50000
2020-10-15 09:30:01.590,4.873,11000
2020-10-15 09:30:01.590,4.873,2000
2020-10-15 09:30:01.590,4.873,700
2020-10-15 09:30:01.590,4.872,101000
2020-10-15 09:30:01.820,4.872,200
2020-10-15 09:30:01.820,4.872,2500
2020-10-15 09:30:01.940,4.872,7200
2020-10-15 09:30:01.940,4.872,100
2020-10-15 09:30:01.940,4.872,4000
2020-10-15 09:30:01.940,4.872,3300
2020-10-15 09:30:01.940,4.873,36700
2020-10-15 09:30:01.940,4.873,40000
2020-10-15 09:30:02.060,4.873,600
2020-10-15 09:30:02.180,4.873,300
2020-10-15 09:30:02.430,4.873,200
2020-10-15 09:30:02.430,4.873,10000
2020-10-15 09:30:02.430,4.873,3000
2020-10-15 09:30:02.430,4.873,2500
2020-10-15 09:30:02.430,4.873,500
2020-10-15 09:30:02.430,4.873,500
2020-10-15 09:30:02.540,4.873,1000
2020-10-15 09:30:02.650,4.873,4700
2020-10-15 09:30:02.650,4.873,8800
2020-10-15 09:30:02.650,4.873,800
2020-10-15 09:30:02.650,4.874,1200
2020-10-15 09:30:02.650,4.874,1900
2020-10-15 09:30:02.650,4.874,2000
2020-10-15 09:30:02.650,4.874,2000
2020-10-15 09:30:02.650,4.876,1500
2020-10-15 09:30:02.780,4.877,500
2020-10-15 09:30:02.780,4.877,300
2020-10-15 09:30:02.910,4.877,2000
2020-10-15 09:30:02.910,4.877,1400
2020-10-15 09:30:02.910,4.876,2200
2020-10-15 09:30:02.910,4.875,5000
2020-10-15 09:30:02.910,4.874,10000
2020-10-15 09:30:03.030,4.874,12000
2020-10-15 09:30:03.150,4.875,30900
2020-10-15 09:30:03.150,4.875,6000
2020-10-15 09:30:03.150,4.875,2000
2020-10-15 09:30:03.150,4.877,5000
2020-10-15 09:30:03.150,4.877,20300
2020-10-15 09:30:03.270,4.877,10500
2020-10-15 09:30:03.270,4.877,30000
2020-10-15 09:30:03.270,4.877,20000
2020-10-15 09:30:03.420,4.877,1000
2020-10-15 09:30:03.420,4.877,55000
2020-10-15 09:30:03.420,4.875,44900
2020-10-15 09:30:03.530,4.875,227100
2020-10-15 09:30:03.530,4.875,14700
2020-10-15 09:30:03.530,4.875,300
2020-10-15 09:30:03.760,4.875,700
2020-10-15 09:30:03.760,4.875,4800
2020-10-15 09:30:04.000,4.878,5000
2020-10-15 09:30:04.000,4.877,6200
2020-10-15 09:30:04.110,4.878,1000
2020-10-15 09:30:04.110,4.878,7800
2020-10-15 09:30:04.220,4.877,4000
2020-10-15 09:30:04.220,4.878,1200
2020-10-15 09:30:04.220,4.878,700
2020-10-15 09:30:04.220,4.878,500
2020-10-15 09:30:04.220,4.878,400
2020-10-15 09:30:04.220,4.878,7400
2020-10-15 09:30:04.220,4.877,1000
2020-10-15 09:30:04.340,4.877,600
2020-10-15 09:30:04.340,4.877,2000
2020-10-15 09:30:04.340,4.877,19000
2020-10-15 09:30:04.450,4.877,500
2020-10-15 09:30:04.450,4.877,6700
2020-10-15 09:30:04.450,4.876,4400
2020-10-15 09:30:05.480,4.877,40000
2020-10-15 09:30:05.660,4.876,20000
2020-10-15 09:30:05.730,4.876,2500
2020-10-15 09:30:06.650,4.877,20000
2020-10-15 09:30:07.160,4.877,40000
2020-10-15 09:30:07.160,4.878,2600
2020-10-15 09:30:07.160,4.878,54900
2020-10-15 09:30:07.160,4.878,1000
2020-10-15 09:30:07.160,4.878,200
2020-10-15 09:30:07.160,4.878,100000
2020-10-15 09:30:07.160,4.878,100
2020-10-15 09:30:07.160,4.878,1500
2020-10-15 09:30:07.160,4.878,3000
2020-10-15 09:30:07.160,4.878,800
2020-10-15 09:30:07.160,4.878,5000
2020-10-15 09:30:07.160,4.878,600
2020-10-15 09:30:07.160,4.879,49100
2020-10-15 09:30:07.160,4.879,38200
2020-10-15 09:30:07.270,4.879,11800
2020-10-15 09:30:07.270,4.879,400
2020-10-15 09:30:07.270,4.879,1200
2020-10-15 09:30:07.270,4.879,2000
2020-10-15 09:30:07.270,4.879,100
2020-10-15 09:30:07.270,4.879,3000
2020-10-15 09:30:07.270,4.879,200
2020-10-15 09:30:07.270,4.879,500
2020-10-15 09:30:07.270,4.879,800
2020-10-15 09:30:08.710,4.877,11600
2020-10-15 09:30:08.930,4.879,100
2020-10-15 09:30:08.930,4.879,50300
2020-10-15 09:30:08.930,4.879,200
2020-10-15 09:30:08.930,4.879,300
2020-10-15 09:30:08.930,4.879,19900
2020-10-15 09:30:08.930,4.879,600
2020-10-15 09:30:08.930,4.879,2100
2020-10-15 09:30:08.930,4.879,12000
2020-10-15 09:30:08.930,4.879,300
2020-10-15 09:30:08.930,4.879,1800
2020-10-15 09:30:08.930,4.879,8400
2020-10-15 09:30:08.930,4.879,300
2020-10-15 09:30:08.930,4.879,100
2020-10-15 09:30:08.930,4.879,200
2020-10-15 09:30:08.930,4.879,2100
2020-10-15 09:30:08.930,4.879,200
2020-10-15 09:30:08.930,4.879,50000
2020-10-15 09:30:08.930,4.879,4000
2020-10-15 09:30:08.930,4.879,400
2020-10-15 09:30:08.930,4.879,100
2020-10-15 09:30:08.930,4.879,100
2020-10-15 09:30:08.930,4.879,200
2020-10-15 09:30:08.930,4.879,100
2020-10-15 09:30:08.930,4.879,3000
2020-10-15 09:30:08.930,4.879,400
2020-10-15 09:30:08.930,4.879,8000
2020-10-15 09:30:08.930,4.879,600
2020-10-15 09:30:08.930,4.879,10000
2020-10-15 09:30:08.930,4.879,2000
2020-10-15 09:30:08.930,4.879,100
2020-10-15 09:30:08.930,4.879,400
2020-10-15 09:30:08.930,4.879,800
2020-10-15 09:30:08.930,4.879,200
2020-10-15 09:30:08.930,4.879,800
2020-10-15 09:30:08.930,4.879,200
2020-10-15 09:30:08.930,4.879,200
2020-10-15 09:30:08.930,4.879,100
2020-10-15 09:30:08.930,4.879,2300
2020-10-15 09:30:08.930,4.879,100
2020-10-15 09:30:08.930,4.879,113000
2020-10-15 09:30:09.990,4.878,20000
2020-10-15 09:30:10.050,4.879,30000
2020-10-15 09:30:11.950,4.878,300
2020-10-15 09:30:11.950,4.878,30000
2020-10-15 09:30:11.950,4.877,12800
2020-10-15 09:30:11.950,4.877,400
2020-10-15 09:30:12.040,4.879,30000
2020-10-15 09:30:12.820,4.878,300
2020-10-15 09:30:13.040,4.878,30000
2020-10-15 09:30:13.070,4.878,3000
2020-10-15 09:30:13.400,4.878,60000
2020-10-15 09:30:13.490,4.878,6700
2020-10-15 09:30:13.490,4.879,23300
2020-10-15 09:30:15.070,4.879,30000
2020-10-15 09:30:16.070,4.879,30000
2020-10-15 09:30:17.220,4.879,1000
2020-10-15 09:30:17.340,4.878,20000
2020-10-15 09:30:17.490,4.879,30000
2020-10-15 09:30:19.040,4.879,30000
2020-10-15 09:30:19.750,4.879,387800
2020-10-15 09:30:19.750,4.879,35000
2020-10-15 09:30:19.750,4.879,20000
2020-10-15 09:30:19.750,4.879,1800
2020-10-15 09:30:19.750,4.879,10000
2020-10-15 09:30:19.750,4.879,400
2020-10-15 09:30:19.750,4.879,7800
2020-10-15 09:30:19.750,4.879,1600
2020-10-15 09:30:19.750,4.879,100
2020-10-15 09:30:19.750,4.879,8000
2020-10-15 09:30:19.750,4.879,100
2020-10-15 09:30:19.750,4.879,10000
2020-10-15 09:30:19.750,4.879,2000
2020-10-15 09:30:19.750,4.879,5000
2020-10-15 09:30:19.750,4.879,1000
2020-10-15 09:30:19.750,4.879,100
2020-10-15 09:30:21.070,4.88,900
2020-10-15 09:30:21.070,4.88,7200
2020-10-15 09:30:21.070,4.88,12000
2020-10-15 09:30:21.070,4.88,5000
2020-10-15 09:30:21.070,4.88,2000
2020-10-15 09:30:21.070,4.88,100
2020-10-15 09:30:21.070,4.88,2400
2020-10-15 09:30:21.070,4.88,4000
2020-10-15 09:30:21.070,4.88,200
2020-10-15 09:30:21.070,4.88,7000
2020-10-15 09:30:21.070,4.88,100
2020-10-15 09:30:21.070,4.88,2000
2020-10-15 09:30:21.070,4.88,5000
2020-10-15 09:30:21.070,4.88,1000
2020-10-15 09:30:21.070,4.88,9100
2020-10-15 09:30:21.900,4.879,200
2020-10-15 09:30:22.820,4.879,33000
2020-10-15 09:30:24.490,4.88,5900
2020-10-15 09:30:24.490,4.88,200
2020-10-15 09:30:24.490,4.88,5900
2020-10-15 09:30:25.480,4.88,10600
2020-10-15 09:30:26.830,4.881,12000
2020-10-15 09:30:26.830,4.881,6000
2020-10-15 09:30:26.830,4.881,700
2020-10-15 09:30:26.830,4.881,2300
2020-10-15 09:30:26.830,4.881,8000
2020-10-15 09:30:26.830,4.881,61000
2020-10-15 09:30:27.690,4.88,1400
2020-10-15 09:30:28.640,4.88,100
2020-10-15 09:30:28.970,4.882,1700
2020-10-15 09:30:29.960,4.882,3700
2020-10-15 09:30:29.960,4.882,1200
2020-10-15 09:30:29.960,4.882,5100
2020-10-15 09:30:31.530,4.881,20801
2020-10-15 09:30:32.460,4.881,200
2020-10-15 09:30:35.600,4.882,1600
2020-10-15 09:30:35.600,4.882,500
2020-10-15 09:30:35.600,4.882,2100
2020-10-15 09:30:36.010,4.883,2300
2020-10-15 09:30:36.010,4.883,2000
2020-10-15 09:30:36.010,4.883,1300
2020-10-15 09:30:36.010,4.883,2400
2020-10-15 09:30:36.280,4.882,2000
2020-10-15 09:30:38.370,4.882,100000
2020-10-15 09:30:38.500,4.883,2000
2020-10-15 09:30:38.500,4.883,24700
2020-10-15 09:30:38.500,4.883,5600
2020-10-15 09:30:39.170,4.884,3000
2020-10-15 09:30:39.170,4.884,1300
2020-10-15 09:30:40.550,4.884,1700
2020-10-15 09:30:40.550,4.884,100
2020-10-15 09:30:40.550,4.884,700
2020-10-15 09:30:42.050,4.885,500
2020-10-15 09:30:42.390,4.884,3000
2020-10-15 09:30:46.080,4.884,1000
2020-10-15 09:30:46.080,4.885,9000
2020-10-15 09:30:46.690,4.883,5000
2020-10-15 09:30:48.080,4.883,15000
2020-10-15 09:30:48.080,4.883,200
2020-10-15 09:30:48.360,4.883,100000
2020-10-15 09:30:48.830,4.883,100
2020-10-15 09:30:49.300,4.883,200
2020-10-15 09:30:49.480,4.883,3700
2020-10-15 09:30:51.860,4.883,3000
2020-10-15 09:30:52.120,4.883,16200
2020-10-15 09:30:52.120,4.883,10000
2020-10-15 09:30:52.120,4.883,2000
2020-10-15 09:30:52.120,4.883,3400
2020-10-15 09:30:52.800,4.883,1500
2020-10-15 09:30:53.000,4.883,300
2020-10-15 09:30:53.150,4.883,56300
2020-10-15 09:30:54.000,4.883,2500
2020-10-15 09:30:55.690,4.883,5000
2020-10-15 09:30:55.750,4.882,8700
2020-10-15 09:30:55.750,4.882,3000
2020-10-15 09:30:55.750,4.882,10000
2020-10-15 09:30:57.030,4.882,45100
2020-10-15 09:30:58.310,4.882,200
2020-10-15 09:30:59.010,4.882,10000
2020-10-15 09:30:59.550,4.882,10000
2020-10-15 09:31:00.280,4.882,64300
2020-10-15 09:31:00.620,4.882,48700
2020-10-15 09:31:00.620,4.882,300
2020-10-15 09:31:00.620,4.882,1000
2020-10-15 09:31:01.150,4.883,200
2020-10-15 09:31:01.340,4.883,20000
2020-10-15 09:31:02.370,4.882,5000
2020-10-15 09:31:03.330,4.882,1700
2020-10-15 09:31:03.330,4.883,14000
2020-10-15 09:31:03.760,4.881,200
2020-10-15 09:31:04.050,4.882,200
2020-10-15 09:31:04.050,4.883,9100
2020-10-15 09:31:05.150,4.883,3000
2020-10-15 09:31:05.240,4.883,1000
2020-10-15 09:31:05.320,4.883,500
2020-10-15 09:31:05.480,4.883,30600
2020-10-15 09:31:06.360,4.882,300
2020-10-15 09:31:06.540,4.881,1600
2020-10-15 09:31:08.050,4.881,1400
2020-10-15 09:31:08.050,4.881,1000
2020-10-15 09:31:08.050,4.881,200
2020-10-15 09:31:08.050,4.881,900
2020-10-15 09:31:08.140,4.882,100
2020-10-15 09:31:11.460,4.882,100
2020-10-15 09:31:12.050,4.882,100
2020-10-15 09:31:12.420,4.882,2100
2020-10-15 09:31:12.780,4.882,3300
2020-10-15 09:31:12.780,4.882,1000
2020-10-15 09:31:12.780,4.882,5700
2020-10-15 09:31:13.110,4.882,300
2020-10-15 09:31:13.230,4.882,2000
2020-10-15 09:31:13.610,4.881,3100
2020-10-15 09:31:13.610,4.88,3000
2020-10-15 09:31:13.610,4.88,3000
2020-10-15 09:31:13.610,4.88,900
2020-10-15 09:31:13.700,4.882,500
2020-10-15 09:31:15.510,4.882,100
2020-10-15 09:31:16.530,4.882,21400
2020-10-15 09:31:16.530,4.882,6000
2020-10-15 09:31:16.530,4.882,8000
2020-10-15 09:31:16.530,4.882,100
2020-10-15 09:31:16.530,4.882,2800
2020-10-15 09:31:18.490,4.881,1200
2020-10-15 09:31:19.550,4.881,600
2020-10-15 09:31:19.990,4.881,200
2020-10-15 09:31:19.990,4.881,500
2020-10-15 09:31:21.460,4.88,9100
2020-10-15 09:31:21.460,4.88,900
2020-10-15 09:31:22.080,4.881,10000
2020-10-15 09:31:23.720,4.881,4100
2020-10-15 09:31:24.820,4.88,8600
2020-10-15 09:31:24.820,4.88,11400
2020-10-15 09:31:25.730,4.88,1000
2020-10-15 09:31:25.840,4.88,187600
2020-10-15 09:31:26.900,4.88,200
2020-10-15 09:31:27.220,4.88,14600
2020-10-15 09:31:27.460,4.879,2000
2020-10-15 09:31:27.460,4.879,2200
2020-10-15 09:31:27.880,4.88,3000
2020-10-15 09:31:30.560,4.88,200
2020-10-15 09:31:31.280,4.879,6000
2020-10-15 09:31:31.280,4.879,1000
2020-10-15 09:31:31.280,4.879,100
2020-10-15 09:31:31.280,4.879,20000
2020-10-15 09:31:31.280,4.879,1500
2020-10-15 09:31:31.280,4.879,100
2020-10-15 09:31:31.280,4.879,44300
2020-10-15 09:31:32.240,4.88,400
2020-10-15 09:31:33.110,4.88,5000
2020-10-15 09:31:34.580,4.879,19000
2020-10-15 09:31:37.500,4.88,1000
2020-10-15 09:31:40.690,4.88,16100
2020-10-15 09:31:40.690,4.88,1100
2020-10-15 09:31:40.690,4.88,73100
2020-10-15 09:31:40.690,4.88,1100
2020-10-15 09:31:40.690,4.88,8400
2020-10-15 09:31:40.690,4.88,200
2020-10-15 09:31:41.530,4.88,4800
2020-10-15 09:31:41.530,4.88,18300
2020-10-15 09:31:41.530,4.88,3400
2020-10-15 09:31:41.850,4.879,10000
2020-10-15 09:31:42.110,4.88,500
2020-10-15 09:31:43.060,4.88,2200
2020-10-15 09:31:43.150,4.879,20000
2020-10-15 09:31:43.970,4.88,300
2020-10-15 09:31:44.830,4.879,2300
2020-10-15 09:31:46.690,4.88,100
2020-10-15 09:31:46.890,4.88,10000
2020-10-15 09:31:47.540,4.88,3500
2020-10-15 09:31:47.540,4.88,50000
2020-10-15 09:31:47.540,4.88,7000
2020-10-15 09:31:47.540,4.88,1700
2020-10-15 09:31:47.540,4.88,1000
2020-10-15 09:31:48.680,4.881,1000
2020-10-15 09:31:48.760,4.88,100
2020-10-15 09:31:49.830,4.88,36700
2020-10-15 09:31:49.830,4.88,300
2020-10-15 09:31:50.610,4.879,12100
2020-10-15 09:31:50.680,4.88,1000
2020-10-15 09:31:51.680,4.879,95400
2020-10-15 09:31:51.680,4.879,1000
2020-10-15 09:31:51.680,4.879,1400
2020-10-15 09:31:51.680,4.879,5000
2020-10-15 09:31:54.530,4.879,300
2020-10-15 09:31:57.510,4.879,100
2020-10-15 09:32:00.310,4.878,500
2020-10-15 09:32:00.310,4.878,2500
2020-10-15 09:32:00.540,4.878,200
2020-10-15 09:32:00.900,4.879,60000
2020-10-15 09:32:01.240,4.879,200
2020-10-15 09:32:01.600,4.878,20000
2020-10-15 09:32:01.700,4.879,36600
2020-10-15 09:32:01.700,4.879,2000
2020-10-15 09:32:01.700,4.879,2100
2020-10-15 09:32:01.700,4.879,3300
2020-10-15 09:32:01.700,4.879,5000
2020-10-15 09:32:03.030,4.879,500
2020-10-15 09:32:04.410,4.879,3400
2020-10-15 09:32:04.410,4.879,1000
2020-10-15 09:32:04.550,4.879,46100
2020-10-15 09:32:04.550,4.879,5600
2020-10-15 09:32:04.550,4.878,114600
2020-10-15 09:32:05.220,4.878,19800
2020-10-15 09:32:05.740,4.88,2000
2020-10-15 09:32:08.190,4.878,4800
2020-10-15 09:32:09.070,4.879,2500
2020-10-15 09:32:09.270,4.879,97500
2020-10-15 09:32:09.270,4.879,1000
2020-10-15 09:32:09.310,4.879,10000
2020-10-15 09:32:10.150,4.879,200
2020-10-15 09:32:10.650,4.879,468300
2020-10-15 09:32:11.310,4.879,1700
2020-10-15 09:32:11.790,4.88,50000
2020-10-15 09:32:12.900,4.88,150100
2020-10-15 09:32:13.010,4.88,2000
2020-10-15 09:32:13.130,4.879,3700
2020-10-15 09:32:13.770,4.88,6000
2020-10-15 09:32:14.030,4.88,400
2020-10-15 09:32:14.080,4.88,10000
2020-10-15 09:32:14.220,4.88,10000
2020-10-15 09:32:14.250,4.88,100000
2020-10-15 09:32:15.550,4.88,48100
2020-10-15 09:32:15.550,4.88,5000
2020-10-15 09:32:15.550,4.88,5000
2020-10-15 09:32:15.550,4.88,400
2020-10-15 09:32:15.550,4.88,541500
2020-10-15 09:32:15.700,4.879,100
2020-10-15 09:32:15.930,4.88,113600
2020-10-15 09:32:17.090,4.88,100000
2020-10-15 09:32:17.090,4.88,80000
2020-10-15 09:32:17.090,4.88,20000
2020-10-15 09:32:17.920,4.88,144900
2020-10-15 09:32:17.920,4.88,700
2020-10-15 09:32:17.920,4.88,4300
2020-10-15 09:32:17.920,4.88,100
2020-10-15 09:32:17.920,4.88,100
2020-10-15 09:32:18.250,4.879,29200
2020-10-15 09:32:18.250,4.879,1900
2020-10-15 09:32:19.110,4.88,4900
2020-10-15 09:32:19.110,4.88,100
2020-10-15 09:32:20.020,4.881,2000
2020-10-15 09:32:20.020,4.881,4000
2020-10-15 09:32:20.020,4.881,500
2020-10-15 09:32:20.020,4.881,100
2020-10-15 09:32:20.020,4.881,7400
2020-10-15 09:32:20.020,4.881,24800
2020-10-15 09:32:20.020,4.881,19200
2020-10-15 09:32:20.020,4.881,2000
2020-10-15 09:32:21.420,4.881,24000
2020-10-15 09:32:21.420,4.881,200
2020-10-15 09:32:21.420,4.882,8200
2020-10-15 09:32:21.420,4.882,200
2020-10-15 09:32:21.420,4.882,30000
2020-10-15 09:32:21.420,4.882,20000
2020-10-15 09:32:21.420,4.882,100
2020-10-15 09:32:21.420,4.882,2000
2020-10-15 09:32:21.420,4.882,100
2020-10-15 09:32:21.420,4.882,2000
2020-10-15 09:32:22.280,4.882,5100
2020-10-15 09:32:27.410,4.883,100
2020-10-15 09:32:27.410,4.883,100
2020-10-15 09:32:27.410,4.883,29800
2020-10-15 09:32:28.730,4.882,10000
2020-10-15 09:32:29.150,4.883,21700
2020-10-15 09:32:30.830,4.883,40000
2020-10-15 09:32:31.160,4.882,10000
2020-10-15 09:32:31.550,4.883,8500
2020-10-15 09:32:31.550,4.883,100
2020-10-15 09:32:31.550,4.883,500
2020-10-15 09:32:31.550,4.883,3300
2020-10-15 09:32:31.550,4.883,300
2020-10-15 09:32:31.550,4.884,7000
2020-10-15 09:32:31.550,4.884,800
2020-10-15 09:32:31.550,4.884,6800
2020-10-15 09:32:31.550,4.884,500
2020-10-15 09:32:32.310,4.884,1600
2020-10-15 09:32:32.680,4.884,188000
2020-10-15 09:32:32.970,4.885,500
2020-10-15 09:32:32.970,4.885,1200
2020-10-15 09:32:32.970,4.885,300
2020-10-15 09:32:32.970,4.885,600
2020-10-15 09:32:32.970,4.885,2300
2020-10-15 09:32:32.970,4.885,3000
2020-10-15 09:32:32.970,4.885,2500
2020-10-15 09:32:32.970,4.885,300
2020-10-15 09:32:32.970,4.885,100
2020-10-15 09:32:32.970,4.885,5000
2020-10-15 09:32:32.970,4.885,4200
2020-10-15 09:32:36.500,4.884,1000
2020-10-15 09:32:36.710,4.884,6000
2020-10-15 09:32:36.880,4.884,19400
2020-10-15 09:32:39.320,4.885,800
2020-10-15 09:32:39.320,4.885,19200
2020-10-15 09:32:40.090,4.884,2400
2020-10-15 09:32:40.670,4.885,800
2020-10-15 09:32:40.670,4.885,1000
2020-10-15 09:32:40.670,4.885,500
2020-10-15 09:32:40.670,4.885,2600
2020-10-15 09:32:40.670,4.885,2000
2020-10-15 09:32:41.220,4.885,100
2020-10-15 09:32:43.720,4.885,9600
2020-10-15 09:32:43.890,4.885,100
2020-10-15 09:32:44.460,4.885,83300
2020-10-15 09:32:44.460,4.884,20000
2020-10-15 09:32:44.460,4.884,5000
2020-10-15 09:32:44.460,4.884,5000
2020-10-15 09:32:44.460,4.884,4400
2020-10-15 09:32:45.530,4.885,1000
2020-10-15 09:32:46.090,4.885,5000
2020-10-15 09:32:46.700,4.884,2200
2020-10-15 09:32:48.760,4.884,5200
2020-10-15 09:32:48.840,4.885,2200
2020-10-15 09:32:49.690,4.884,5000
2020-10-15 09:32:49.850,4.884,3000
2020-10-15 09:32:50.310,4.884,3000
2020-10-15 09:32:50.430,4.884,64600
2020-10-15 09:32:50.430,4.884,2700
2020-10-15 09:32:50.730,4.883,1000
2020-10-15 09:32:50.730,4.883,300
2020-10-15 09:32:50.730,4.883,1700
2020-10-15 09:32:52.600,4.884,30000
2020-10-15 09:32:53.510,4.884,2000
2020-10-15 09:32:53.880,4.883,4800
2020-10-15 09:32:53.880,4.883,200
2020-10-15 09:32:55.230,4.884,10000
2020-10-15 09:32:58.300,4.884,8000
2020-10-15 09:32:58.630,4.884,5000
2020-10-15 09:32:59.030,4.883,300
2020-10-15 09:32:59.030,4.883,30000
2020-10-15 09:32:59.030,4.883,39700
2020-10-15 09:32:59.280,4.883,20000
2020-10-15 09:33:00.510,4.884,200
2020-10-15 09:33:00.780,4.884,300
2020-10-15 09:33:00.890,4.884,177200
2020-10-15 09:33:00.890,4.884,1400
2020-10-15 09:33:00.890,4.884,10000
2020-10-15 09:33:00.890,4.884,200000
2020-10-15 09:33:02.500,4.885,1800
2020-10-15 09:33:02.500,4.885,500
2020-10-15 09:33:02.500,4.885,1000
2020-10-15 09:33:02.500,4.885,1000
2020-10-15 09:33:02.500,4.885,5700
2020-10-15 09:33:03.150,4.884,1000
2020-10-15 09:33:03.620,4.884,4500
2020-10-15 09:33:03.730,4.885,5000
2020-10-15 09:33:03.730,4.885,9000
2020-10-15 09:33:03.730,4.885,17800
2020-10-15 09:33:03.790,4.886,100
2020-10-15 09:33:03.790,4.886,500
2020-10-15 09:33:03.790,4.886,300
2020-10-15 09:33:03.790,4.886,5600
2020-10-15 09:33:03.790,4.886,2000
2020-10-15 09:33:03.790,4.886,1200
2020-10-15 09:33:04.010,4.885,250000
2020-10-15 09:33:04.010,4.885,200
2020-10-15 09:33:05.420,4.884,1800
2020-10-15 09:33:05.950,4.884,5000
2020-10-15 09:33:06.950,4.884,3700
2020-10-15 09:33:07.570,4.884,5000
2020-10-15 09:33:08.180,4.885,500
2020-10-15 09:33:08.410,4.885,400
2020-10-15 09:33:08.530,4.885,100
2020-10-15 09:33:08.530,4.885,900
2020-10-15 09:33:08.590,4.886,2600
2020-10-15 09:33:09.790,4.886,1200
2020-10-15 09:33:09.790,4.886,100
2020-10-15 09:33:09.790,4.886,2100
2020-10-15 09:33:09.790,4.886,2000
2020-10-15 09:33:09.790,4.886,600
2020-10-15 09:33:09.790,4.886,2000
2020-10-15 09:33:09.790,4.886,20000
2020-10-15 09:33:09.790,4.886,12000
2020-10-15 09:33:09.880,4.885,200
2020-10-15 09:33:09.960,4.885,8900
2020-10-15 09:33:09.960,4.885,6600
2020-10-15 09:33:10.080,4.885,3600
2020-10-15 09:33:10.270,4.885,200
2020-10-15 09:33:10.520,4.885,1000
2020-10-15 09:33:10.830,4.885,100000
2020-10-15 09:33:12.110,4.886,8000
2020-10-15 09:33:12.110,4.887,3000
2020-10-15 09:33:12.110,4.887,3000
2020-10-15 09:33:12.110,4.887,100
2020-10-15 09:33:12.110,4.887,700
2020-10-15 09:33:12.110,4.887,2300
2020-10-15 09:33:12.110,4.887,200
2020-10-15 09:33:12.110,4.887,4300
2020-10-15 09:33:12.110,4.887,5000
2020-10-15 09:33:12.110,4.887,2000
2020-10-15 09:33:12.110,4.888,84600
2020-10-15 09:33:12.110,4.888,10000
2020-10-15 09:33:12.110,4.888,3000
2020-10-15 09:33:12.110,4.888,2000
2020-10-15 09:33:12.110,4.888,3000
2020-10-15 09:33:12.110,4.888,100
2020-10-15 09:33:12.110,4.888,1100
2020-10-15 09:33:12.110,4.888,10000
2020-10-15 09:33:12.110,4.888,7700
2020-10-15 09:33:12.600,4.885,500
2020-10-15 09:33:12.600,4.885,332800
2020-10-15 09:33:15.490,4.885,200
2020-10-15 09:33:15.520,4.884,300
2020-10-15 09:33:15.740,4.885,300
2020-10-15 09:33:16.940,4.885,4000
2020-10-15 09:33:17.050,4.886,100
2020-10-15 09:33:17.050,4.886,200
2020-10-15 09:33:17.530,4.886,10000
2020-10-15 09:33:17.550,4.886,15000
2020-10-15 09:33:17.960,4.885,300
2020-10-15 09:33:17.960,4.885,2000
2020-10-15 09:33:18.390,4.886,10200
2020-10-15 09:33:18.510,4.886,100
2020-10-15 09:33:19.230,4.886,1000
2020-10-15 09:33:19.260,4.885,300
2020-10-15 09:33:20.800,4.886,200
2020-10-15 09:33:20.800,4.885,7700
2020-10-15 09:33:20.800,4.885,100
2020-10-15 09:33:20.800,4.885,3000
2020-10-15 09:33:21.310,4.885,6500
2020-10-15 09:33:22.750,4.885,1800
2020-10-15 09:33:23.370,4.885,5000
2020-10-15 09:33:24.170,4.885,100000
2020-10-15 09:33:26.230,4.885,13400
2020-10-15 09:33:26.550,4.885,300
2020-10-15 09:33:27.110,4.885,16800
2020-10-15 09:33:27.250,4.885,30000
2020-10-15 09:33:27.250,4.885,2000
2020-10-15 09:33:27.370,4.885,150100
2020-10-15 09:33:27.430,4.884,200
2020-10-15 09:33:27.900,4.884,1600
2020-10-15 09:33:28.010,4.884,5200
2020-10-15 09:33:28.010,4.884,500
2020-10-15 09:33:28.010,4.884,1000
2020-10-15 09:33:28.010,4.884,100
2020-10-15 09:33:28.010,4.884,300
2020-10-15 09:33:28.010,4.884,800
2020-10-15 09:33:28.010,4.884,1000
2020-10-15 09:33:28.010,4.884,10000
2020-10-15 09:33:28.010,4.884,30000
2020-10-15 09:33:28.530,4.884,284400
2020-10-15 09:33:28.530,4.885,8300
2020-10-15 09:33:28.710,4.885,10000
2020-10-15 09:33:28.740,4.885,100000
2020-10-15 09:33:28.770,4.885,2000
2020-10-15 09:33:29.430,4.885,10000
2020-10-15 09:33:29.430,4.885,32800
2020-10-15 09:33:29.430,4.885,17200
2020-10-15 09:33:29.610,4.884,600000
2020-10-15 09:33:29.610,4.884,30000
2020-10-15 09:33:29.610,4.884,77800
2020-10-15 09:33:29.690,4.885,7800
2020-10-15 09:33:29.690,4.885,2200
2020-10-15 09:33:30.640,4.885,100
2020-10-15 09:33:30.960,4.885,2100
2020-10-15 09:33:31.180,4.885,3600
2020-10-15 09:33:31.180,4.885,500
2020-10-15 09:33:31.580,4.886,9500
2020-10-15 09:33:31.580,4.886,5500
2020-10-15 09:33:33.290,4.885,5000
2020-10-15 09:33:34.280,4.885,300
2020-10-15 09:33:35.870,4.885,5000
2020-10-15 09:33:37.150,4.886,300
2020-10-15 09:33:38.310,4.885,9700
2020-10-15 09:33:38.310,4.885,1900
2020-10-15 09:33:38.310,4.885,3700
2020-10-15 09:33:38.310,4.885,2000
2020-10-15 09:33:38.310,4.885,1000
2020-10-15 09:33:38.310,4.885,1000
2020-10-15 09:33:38.310,4.884,10000
2020-10-15 09:33:38.310,4.884,5000
2020-10-15 09:33:38.620,4.884,3000
2020-10-15 09:33:38.660,4.884,1500
2020-10-15 09:33:38.950,4.884,20000
2020-10-15 09:33:39.510,4.884,113600
2020-10-15 09:33:39.630,4.884,10000
2020-10-15 09:33:40.740,4.884,5000
2020-10-15 09:33:41.080,4.884,10000
2020-10-15 09:33:41.450,4.884,10000
2020-10-15 09:33:41.480,4.884,30000
2020-10-15 09:33:41.480,4.884,20000
2020-10-15 09:33:41.480,4.884,40000
2020-10-15 09:33:41.860,4.884,35900
2020-10-15 09:33:41.860,4.885,400
2020-10-15 09:33:41.860,4.885,46600
2020-10-15 09:33:41.860,4.886,34200
2020-10-15 09:33:41.860,4.886,100
2020-10-15 09:33:41.860,4.886,300
2020-10-15 09:33:41.860,4.886,5000
2020-10-15 09:33:41.860,4.886,200
2020-10-15 09:33:41.860,4.886,200
2020-10-15 09:33:41.860,4.886,1000
2020-10-15 09:33:41.860,4.886,300
2020-10-15 09:33:43.650,4.887,5000
2020-10-15 09:33:43.650,4.887,95000
2020-10-15 09:33:43.880,4.886,500
2020-10-15 09:33:44.140,4.886,25400
2020-10-15 09:33:44.140,4.886,34600
2020-10-15 09:33:44.690,4.887,14700
2020-10-15 09:33:45.500,4.887,113600
2020-10-15 09:33:46.050,4.886,200
2020-10-15 09:33:47.910,4.886,100
2020-10-15 09:33:47.940,4.887,150100
2020-10-15 09:33:48.440,4.887,297000
2020-10-15 09:33:48.740,4.887,30000
2020-10-15 09:33:50.480,4.887,100000
2020-10-15 09:33:50.480,4.887,30000
2020-10-15 09:33:50.480,4.887,60000
2020-10-15 09:33:50.540,4.886,15100
2020-10-15 09:33:50.540,4.886,100
2020-10-15 09:33:50.540,4.886,30000
2020-10-15 09:33:50.540,4.886,200
2020-10-15 09:33:50.900,4.886,20000
2020-10-15 09:33:51.290,4.886,5000
2020-10-15 09:33:51.530,4.886,30000
2020-10-15 09:33:52.230,4.886,21900
2020-10-15 09:33:52.440,4.886,127700
2020-10-15 09:33:52.440,4.886,5000
2020-10-15 09:33:52.440,4.886,17400
2020-10-15 09:33:52.440,4.886,5000
2020-10-15 09:33:52.590,4.886,2600
2020-10-15 09:33:52.700,4.887,32000
2020-10-15 09:33:52.700,4.887,20000
2020-10-15 09:33:52.700,4.887,1400
2020-10-15 09:33:52.700,4.887,5100
2020-10-15 09:33:52.700,4.887,500
2020-10-15 09:33:52.700,4.887,100
2020-10-15 09:33:52.700,4.887,100
2020-10-15 09:33:53.480,4.887,2000
2020-10-15 09:33:53.830,4.887,5000
2020-10-15 09:33:53.950,4.887,4500
2020-10-15 09:33:54.010,4.887,500
2020-10-15 09:33:54.280,4.887,85700
2020-10-15 09:33:54.340,4.887,200
2020-10-15 09:33:55.380,4.887,2000
2020-10-15 09:33:56.490,4.887,32200
2020-10-15 09:33:56.570,4.887,500
2020-10-15 09:33:58.420,4.887,3000
2020-10-15 09:33:59.400,4.887,15000
2020-10-15 09:34:01.950,4.887,1000
2020-10-15 09:34:01.950,4.887,700
2020-10-15 09:34:01.950,4.886,27400
2020-10-15 09:34:01.950,4.886,100
2020-10-15 09:34:01.950,4.886,6500
2020-10-15 09:34:01.950,4.886,50000
2020-10-15 09:34:01.950,4.886,10000
2020-10-15 09:34:01.950,4.885,500
2020-10-15 09:34:01.950,4.885,30000
2020-10-15 09:34:01.950,4.885,30000
2020-10-15 09:34:01.950,4.885,40000
2020-10-15 09:34:01.950,4.885,12000
2020-10-15 09:34:01.950,4.885,20000
2020-10-15 09:34:01.950,4.885,20400
2020-10-15 09:34:02.090,4.885,60000
2020-10-15 09:34:02.410,4.885,40000
2020-10-15 09:34:02.490,4.885,20000
2020-10-15 09:34:02.490,4.885,80000
2020-10-15 09:34:02.490,4.885,10000
2020-10-15 09:34:02.520,4.885,41400
2020-10-15 09:34:02.760,4.887,5000
2020-10-15 09:34:03.840,4.887,100
2020-10-15 09:34:04.060,4.887,1000
2020-10-15 09:34:04.120,4.887,100
2020-10-15 09:34:04.210,4.887,50000
2020-10-15 09:34:05.550,4.887,100
2020-10-15 09:34:06.700,4.886,10000
2020-10-15 09:34:06.700,4.886,30000
2020-10-15 09:34:06.700,4.886,10000
2020-10-15 09:34:06.700,4.886,28800
2020-10-15 09:34:07.230,4.886,5000
2020-10-15 09:34:08.050,4.886,500
2020-10-15 09:34:08.070,4.887,3700
2020-10-15 09:34:08.070,4.887,1500
2020-10-15 09:34:08.070,4.887,4800
2020-10-15 09:34:08.070,4.887,20200
2020-10-15 09:34:08.070,4.887,9800
2020-10-15 09:34:08.460,4.887,60200
2020-10-15 09:34:08.460,4.887,10000
2020-10-15 09:34:08.460,4.888,2300
2020-10-15 09:34:08.460,4.888,5000
2020-10-15 09:34:08.460,4.888,8700
2020-10-15 09:34:09.620,4.888,7600
2020-10-15 09:34:09.620,4.888,8700
2020-10-15 09:34:09.620,4.888,1300
2020-10-15 09:34:10.070,4.887,10000
2020-10-15 09:34:10.440,4.888,100
2020-10-15 09:34:11.040,4.887,5000
2020-10-15 09:34:11.130,4.888,3600
2020-10-15 09:34:11.130,4.888,26400
2020-10-15 09:34:11.130,4.888,30000
2020-10-15 09:34:11.260,4.888,10000
2020-10-15 09:34:11.450,4.888,8600
2020-10-15 09:34:11.450,4.888,1100
2020-10-15 09:34:11.450,4.888,10300
2020-10-15 09:34:11.450,4.888,14700
2020-10-15 09:34:11.450,4.888,10000
2020-10-15 09:34:11.450,4.888,1000
2020-10-15 09:34:11.450,4.888,1000
2020-10-15 09:34:11.450,4.888,10000
2020-10-15 09:34:11.450,4.888,10000
2020-10-15 09:34:11.450,4.888,5200
2020-10-15 09:34:11.450,4.888,500
2020-10-15 09:34:11.450,4.888,8000
2020-10-15 09:34:11.450,4.888,9600
2020-10-15 09:34:11.600,4.888,30000
2020-10-15 09:34:11.680,4.887,25000
2020-10-15 09:34:11.680,4.887,475000
2020-10-15 09:34:11.830,4.887,5000
2020-10-15 09:34:12.770,4.888,2900
2020-10-15 09:34:12.770,4.888,1500
2020-10-15 09:34:12.770,4.888,100
2020-10-15 09:34:12.770,4.888,2000
2020-10-15 09:34:12.770,4.889,9600
2020-10-15 09:34:12.770,4.889,100
2020-10-15 09:34:12.770,4.889,10000
2020-10-15 09:34:12.770,4.889,2300
2020-10-15 09:34:12.770,4.889,3000
2020-10-15 09:34:12.770,4.889,15000
2020-10-15 09:34:12.770,4.889,4800
2020-10-15 09:34:12.770,4.889,42500
2020-10-15 09:34:12.770,4.889,1800
2020-10-15 09:34:12.770,4.889,5000
2020-10-15 09:34:12.770,4.889,8100
2020-10-15 09:34:13.160,4.887,800
2020-10-15 09:34:15.070,4.888,1000
2020-10-15 09:34:15.580,4.889,1000
2020-10-15 09:34:16.540,4.889,1000
2020-10-15 09:34:16.680,4.888,50000
2020-10-15 09:34:16.680,4.887,7800
2020-10-15 09:34:17.190,4.887,9500
2020-10-15 09:34:17.950,4.887,112800
2020-10-15 09:34:17.950,4.887,8100
2020-10-15 09:34:17.950,4.887,5000
2020-10-15 09:34:17.950,4.887,200
2020-10-15 09:34:17.950,4.887,300
2020-10-15 09:34:18.790,4.887,600
2020-10-15 09:34:20.200,4.887,30000
2020-10-15 09:34:20.260,4.887,10000
2020-10-15 09:34:20.430,4.887,28300
2020-10-15 09:34:20.430,4.887,21700
2020-10-15 09:34:20.490,4.887,60000
2020-10-15 09:34:20.490,4.887,20000
2020-10-15 09:34:20.490,4.887,20000
2020-10-15 09:34:20.490,4.887,100000
2020-10-15 09:34:20.490,4.887,100000
2020-10-15 09:34:20.490,4.887,10000
2020-10-15 09:34:20.670,4.887,10000
2020-10-15 09:34:20.700,4.887,500
2020-10-15 09:34:20.790,4.887,300
2020-10-15 09:34:21.100,4.887,200
2020-10-15 09:34:21.730,4.887,10000
2020-10-15 09:34:22.060,4.887,3000
2020-10-15 09:34:23.010,4.886,24500
2020-10-15 09:34:23.010,4.886,6700
2020-10-15 09:34:23.450,4.887,10000
2020-10-15 09:34:23.480,4.887,50000
2020-10-15 09:34:24.100,4.887,6100
2020-10-15 09:34:24.100,4.887,3900
2020-10-15 09:34:24.350,4.887,16100
2020-10-15 09:34:24.350,4.888,2500
2020-10-15 09:34:24.380,4.889,1000
2020-10-15 09:34:24.460,4.889,100
2020-10-15 09:34:24.580,4.889,4000
2020-10-15 09:34:25.120,4.888,100
2020-10-15 09:34:25.200,4.889,5000
2020-10-15 09:34:25.200,4.889,5000
2020-10-15 09:34:25.610,4.889,2000
2020-10-15 09:34:26.390,4.889,500
2020-10-15 09:34:26.420,4.888,600
2020-10-15 09:34:27.340,4.888,30700
2020-10-15 09:34:27.340,4.886,23300
2020-10-15 09:34:27.340,4.886,10000
2020-10-15 09:34:27.340,4.886,200
2020-10-15 09:34:28.050,4.886,60000
2020-10-15 09:34:28.680,4.885,1300
2020-10-15 09:34:28.770,4.886,300
2020-10-15 09:34:28.850,4.886,200
2020-10-15 09:34:29.210,4.886,4100
2020-10-15 09:34:29.440,4.886,20000
2020-10-15 09:34:29.460,4.886,100000
2020-10-15 09:34:29.490,4.886,100000
2020-10-15 09:34:29.490,4.886,10000
2020-10-15 09:34:30.560,4.885,1100
2020-10-15 09:34:31.530,4.886,20000
2020-10-15 09:34:32.460,4.886,20000
2020-10-15 09:34:32.460,4.886,10000
2020-10-15 09:34:33.030,4.886,13000
2020-10-15 09:34:33.210,4.887,1000
2020-10-15 09:34:33.210,4.888,49000
2020-10-15 09:34:33.880,4.888,500
2020-10-15 09:34:34.340,4.888,400
2020-10-15 09:34:34.990,4.887,100
2020-10-15 09:34:34.990,4.886,400
2020-10-15 09:34:36.920,4.888,500
2020-10-15 09:34:37.930,4.888,1000
2020-10-15 09:34:37.980,4.887,300
2020-10-15 09:34:38.570,4.888,900
2020-10-15 09:34:39.350,4.887,100
2020-10-15 09:34:39.740,4.887,600
2020-10-15 09:34:39.740,4.887,4400
2020-10-15 09:34:40.030,4.887,2500
2020-10-15 09:34:40.300,4.887,9000
2020-10-15 09:34:40.480,4.888,7700
2020-10-15 09:34:40.480,4.888,22300
2020-10-15 09:34:40.790,4.887,400
2020-10-15 09:34:40.920,4.887,5200
2020-10-15 09:34:40.920,4.887,300
2020-10-15 09:34:41.340,4.888,3500
2020-10-15 09:34:42.520,4.888,2000
2020-10-15 09:34:42.950,4.887,200
2020-10-15 09:34:44.050,4.887,500
2020-10-15 09:34:47.310,4.887,1000
2020-10-15 09:34:47.310,4.887,300
2020-10-15 09:34:47.310,4.887,300
2020-10-15 09:34:47.310,4.887,200
2020-10-15 09:34:47.310,4.886,600
2020-10-15 09:34:47.310,4.886,2600
2020-10-15 09:34:47.560,4.888,36200
2020-10-15 09:34:47.560,4.888,10300
2020-10-15 09:34:47.560,4.888,200
2020-10-15 09:34:47.560,4.888,2800
2020-10-15 09:34:47.560,4.888,18800
2020-10-15 09:34:47.560,4.888,3300
2020-10-15 09:34:47.560,4.888,1000
2020-10-15 09:34:47.560,4.888,10000
2020-10-15 09:34:47.560,4.888,20000
2020-10-15 09:34:47.560,4.888,100000
2020-10-15 09:34:47.560,4.888,182500
2020-10-15 09:34:47.560,4.888,30000
2020-10-15 09:34:47.560,4.888,500
2020-10-15 09:34:47.560,4.888,10100
2020-10-15 09:34:47.850,4.888,1000
2020-10-15 09:34:51.230,4.888,8000
2020-10-15 09:34:51.260,4.889,10600
2020-10-15 09:34:51.890,4.888,8800
2020-10-15 09:34:54.670,4.888,2700
2020-10-15 09:34:55.240,4.888,53800
2020-10-15 09:34:55.240,4.888,12800
2020-10-15 09:34:55.540,4.888,4900
2020-10-15 09:34:55.680,4.888,4100
2020-10-15 09:34:56.220,4.888,1000
2020-10-15 09:34:56.770,4.888,100
2020-10-15 09:34:57.050,4.888,600
2020-10-15 09:34:58.400,4.888,9300
2020-10-15 09:34:58.400,4.888,1000
2020-10-15 09:34:58.400,4.888,200
2020-10-15 09:34:58.690,4.888,100
2020-10-15 09:35:00.330,4.888,39400
2020-10-15 09:35:00.330,4.888,160600
2020-10-15 09:35:00.970,4.888,500
2020-10-15 09:35:01.000,4.888,100
2020-10-15 09:35:01.660,4.887,1000
2020-10-15 09:35:01.660,4.888,9600
2020-10-15 09:35:01.800,4.888,10100
2020-10-15 09:35:02.200,4.888,5000
2020-10-15 09:35:04.440,4.888,52300
2020-10-15 09:35:04.470,4.888,40300
2020-10-15 09:35:05.090,4.888,21500
2020-10-15 09:35:05.090,4.888,100
2020-10-15 09:35:05.090,4.888,2000
2020-10-15 09:35:05.090,4.888,18400
2020-10-15 09:35:06.450,4.888,500
2020-10-15 09:35:06.590,4.888,19500
2020-10-15 09:35:06.590,4.889,500
2020-10-15 09:35:07.950,4.887,10000
2020-10-15 09:35:09.900,4.887,200
2020-10-15 09:35:12.160,4.886,20300
2020-10-15 09:35:12.160,4.886,20000
2020-10-15 09:35:12.160,4.886,5000
2020-10-15 09:35:12.160,4.886,5000
2020-10-15 09:35:12.160,4.886,5000
2020-10-15 09:35:12.160,4.886,5000
2020-10-15 09:35:12.160,4.886,300
2020-10-15 09:35:12.160,4.886,2100
2020-10-15 09:35:12.160,4.886,2000
2020-10-15 09:35:12.160,4.886,55300
2020-10-15 09:35:12.670,4.886,1000
2020-10-15 09:35:13.780,4.887,100
2020-10-15 09:35:14.610,4.887,2500
2020-10-15 09:35:14.640,4.887,40100
2020-10-15 09:35:14.920,4.888,100
2020-10-15 09:35:15.320,4.888,13300
2020-10-15 09:35:16.690,4.888,86600
2020-10-15 09:35:16.690,4.888,3400
2020-10-15 09:35:16.690,4.888,100
2020-10-15 09:35:16.690,4.888,8000
2020-10-15 09:35:16.690,4.888,8700
2020-10-15 09:35:16.690,4.889,1400
2020-10-15 09:35:16.690,4.889,100000
2020-10-15 09:35:16.690,4.889,200
2020-10-15 09:35:16.690,4.889,17900
2020-10-15 09:35:17.290,4.887,59900
2020-10-15 09:35:17.870,4.887,10000
2020-10-15 09:35:18.370,4.887,10000
2020-10-15 09:35:19.830,4.887,10600
2020-10-15 09:35:20.340,4.887,300000
2020-10-15 09:35:20.400,4.887,40000
2020-10-15 09:35:20.400,4.887,30000
2020-10-15 09:35:20.400,4.887,10000
2020-10-15 09:35:20.600,4.886,400
2020-10-15 09:35:20.630,4.886,36800
2020-10-15 09:35:21.330,4.887,10000
2020-10-15 09:35:21.390,4.887,1000
2020-10-15 09:35:22.220,4.887,10000
2020-10-15 09:35:22.610,4.887,107300
2020-10-15 09:35:22.610,4.887,1000
2020-10-15 09:35:22.610,4.887,1000
2020-10-15 09:35:22.610,4.887,300
2020-10-15 09:35:23.070,4.887,1000
2020-10-15 09:35:24.280,4.887,1000
2020-10-15 09:35:26.040,4.887,600
2020-10-15 09:35:26.290,4.888,2000
2020-10-15 09:35:26.290,4.888,16800
2020-10-15 09:35:26.290,4.888,4000
2020-10-15 09:35:26.290,4.888,17200
2020-10-15 09:35:26.350,4.888,200
2020-10-15 09:35:27.160,4.887,500
2020-10-15 09:35:27.480,4.887,6100
2020-10-15 09:35:27.780,4.888,17200
2020-10-15 09:35:27.780,4.888,22800
2020-10-15 09:35:29.020,4.887,5000
2020-10-15 09:35:30.290,4.888,40000
2020-10-15 09:35:31.290,4.888,100000
2020-10-15 09:35:31.590,4.887,5000
2020-10-15 09:35:32.100,4.887,200
2020-10-15 09:35:32.330,4.888,20000
2020-10-15 09:35:33.010,4.888,20000
2020-10-15 09:35:33.060,4.887,1000
2020-10-15 09:35:33.060,4.887,1000
2020-10-15 09:35:33.060,4.887,3000
2020-10-15 09:35:33.330,4.887,2000
2020-10-15 09:35:37.300,4.888,44400
2020-10-15 09:35:37.300,4.888,5000
2020-10-15 09:35:37.300,4.888,100
2020-10-15 09:35:37.300,4.888,500
2020-10-15 09:35:37.460,4.887,500
2020-10-15 09:35:37.460,4.887,600
2020-10-15 09:35:38.840,4.887,600
2020-10-15 09:35:40.360,4.887,800
2020-10-15 09:35:41.120,4.886,500
2020-10-15 09:35:43.780,4.887,2500
2020-10-15 09:35:43.780,4.887,500
2020-10-15 09:35:43.780,4.887,17000
2020-10-15 09:35:44.230,4.887,200
2020-10-15 09:35:45.460,4.887,104100
2020-10-15 09:35:45.460,4.887,16500
2020-10-15 09:35:46.580,4.886,6700
2020-10-15 09:35:47.250,4.887,2400
2020-10-15 09:35:47.250,4.887,7600
2020-10-15 09:35:47.310,4.887,10000
2020-10-15 09:35:48.660,4.887,300
2020-10-15 09:35:49.400,4.886,20000
2020-10-15 09:35:50.380,4.887,200
2020-10-15 09:35:53.280,4.887,20000
2020-10-15 09:35:53.670,4.887,200
2020-10-15 09:35:56.210,4.887,1000
2020-10-15 09:35:56.530,4.886,400
2020-10-15 09:35:57.260,4.886,78900
2020-10-15 09:35:57.260,4.886,5000
2020-10-15 09:35:57.260,4.886,100
2020-10-15 09:35:57.260,4.886,12000
2020-10-15 09:35:57.260,4.886,1400
2020-10-15 09:35:57.260,4.886,2300
2020-10-15 09:35:57.260,4.886,300
2020-10-15 09:35:57.460,4.887,4100
2020-10-15 09:35:58.310,4.886,10000
2020-10-15 09:35:58.740,4.886,10000
2020-10-15 09:35:58.860,4.887,100
2020-10-15 09:36:01.500,4.886,100
2020-10-15 09:36:02.270,4.886,5000
2020-10-15 09:36:02.420,4.887,1900
2020-10-15 09:36:02.680,4.886,16800
2020-10-15 09:36:02.880,4.887,1700
2020-10-15 09:36:02.880,4.887,1000
2020-10-15 09:36:02.880,4.887,8300
2020-10-15 09:36:04.260,4.887,900
2020-10-15 09:36:05.660,4.886,1000
2020-10-15 09:36:06.010,4.886,300
2020-10-15 09:36:07.180,4.886,56500
2020-10-15 09:36:07.180,4.886,19400
2020-10-15 09:36:07.610,4.886,1000
2020-10-15 09:36:08.030,4.886,10000
2020-10-15 09:36:09.060,4.886,200
2020-10-15 09:36:09.190,4.886,100
2020-10-15 09:36:12.220,4.886,12800
2020-10-15 09:36:12.220,4.886,1000
2020-10-15 09:36:12.450,4.886,2900
2020-10-15 09:36:12.750,4.887,500
2020-10-15 09:36:13.570,4.887,7100
2020-10-15 09:36:13.570,4.887,900
2020-10-15 09:36:13.570,4.887,300
2020-10-15 09:36:13.570,4.887,1000
2020-10-15 09:36:13.570,4.887,700
2020-10-15 09:36:14.800,4.886,500
2020-10-15 09:36:15.230,4.886,300
2020-10-15 09:36:15.830,4.886,10100
2020-10-15 09:36:16.970,4.886,2000
2020-10-15 09:36:17.900,4.886,5200
2020-10-15 09:36:18.350,4.887,100
2020-10-15 09:36:18.990,4.886,18400
2020-10-15 09:36:19.410,4.886,5000
2020-10-15 09:36:19.460,4.886,500
2020-10-15 09:36:20.760,4.887,20000
2020-10-15 09:36:21.520,4.887,100
2020-10-15 09:36:22.170,4.886,14200
2020-10-15 09:36:23.440,4.886,12700
2020-10-15 09:36:23.700,4.887,20000
2020-10-15 09:36:24.110,4.886,33200
2020-10-15 09:36:24.310,4.886,2600
2020-10-15 09:36:24.540,4.886,47200
2020-10-15 09:36:24.540,4.886,1000
2020-10-15 09:36:24.540,4.886,1400
2020-10-15 09:36:24.540,4.886,100
2020-10-15 09:36:24.540,4.886,9700
2020-10-15 09:36:24.540,4.886,200
2020-10-15 09:36:26.480,4.887,100
2020-10-15 09:36:28.900,4.886,20000
2020-10-15 09:36:29.240,4.887,1700
2020-10-15 09:36:29.550,4.887,1200
2020-10-15 09:36:29.550,4.887,8800
2020-10-15 09:36:30.510,4.886,500
2020-10-15 09:36:30.660,4.886,5000
2020-10-15 09:36:30.910,4.886,100
2020-10-15 09:36:31.640,4.887,200
2020-10-15 09:36:33.360,4.887,200
2020-10-15 09:36:33.360,4.887,289800
2020-10-15 09:36:33.360,4.887,1000
2020-10-15 09:36:33.360,4.887,1000
2020-10-15 09:36:33.360,4.887,100000
2020-10-15 09:36:33.360,4.887,5000
2020-10-15 09:36:33.360,4.887,800
2020-10-15 09:36:33.360,4.887,8900
2020-10-15 09:36:33.510,4.887,93500
2020-10-15 09:36:33.510,4.887,1000
2020-10-15 09:36:33.560,4.886,400
2020-10-15 09:36:33.560,4.887,1000
2020-10-15 09:36:33.600,4.887,500
2020-10-15 09:36:33.670,4.886,4000
2020-10-15 09:36:33.670,4.886,100
2020-10-15 09:36:34.470,4.886,6000
2020-10-15 09:36:35.620,4.886,1000
2020-10-15 09:36:35.620,4.886,3100
2020-10-15 09:36:35.620,4.886,2200
2020-10-15 09:36:35.780,4.886,300
2020-10-15 09:36:35.840,4.886,1000
2020-10-15 09:36:35.960,4.887,3000
2020-10-15 09:36:36.100,4.886,9200
2020-10-15 09:36:36.270,4.886,89900
2020-10-15 09:36:36.550,4.886,1100
2020-10-15 09:36:36.830,4.886,54900
2020-10-15 09:36:36.880,4.886,38300
2020-10-15 09:36:36.880,4.885,12400
2020-10-15 09:36:36.880,4.885,31700
2020-10-15 09:36:36.880,4.885,500
2020-10-15 09:36:36.880,4.885,100000
2020-10-15 09:36:36.880,4.885,1000
2020-10-15 09:36:36.880,4.885,1000
2020-10-15 09:36:36.880,4.885,10000
2020-10-15 09:36:36.880,4.885,100000
2020-10-15 09:36:36.880,4.885,5100
2020-10-15 09:36:38.360,4.884,100
2020-10-15 09:36:38.360,4.884,19900
2020-10-15 09:36:39.270,4.886,1300
2020-10-15 09:36:40.040,4.885,27900
2020-10-15 09:36:40.700,4.885,10000
2020-10-15 09:36:40.700,4.885,10000
2020-10-15 09:36:40.700,4.885,10000
2020-10-15 09:36:40.700,4.885,10000
2020-10-15 09:36:40.700,4.885,10000
2020-10-15 09:36:40.790,4.885,10000
2020-10-15 09:36:40.790,4.885,10000
2020-10-15 09:36:40.790,4.885,10000
2020-10-15 09:36:40.880,4.885,10000
2020-10-15 09:36:41.340,4.884,300
2020-10-15 09:36:43.710,4.884,1200
2020-10-15 09:36:45.280,4.884,4000
2020-10-15 09:36:45.280,4.884,1300
2020-10-15 09:36:47.690,4.885,100
2020-10-15 09:36:47.980,4.884,10000
2020-10-15 09:36:48.060,4.884,2000
2020-10-15 09:36:49.090,4.885,27200
2020-10-15 09:36:49.290,4.884,21300
2020-10-15 09:36:49.290,4.884,100
2020-10-15 09:36:49.290,4.884,17300
2020-10-15 09:36:49.400,4.884,2700
2020-10-15 09:36:49.400,4.884,100
2020-10-15 09:36:49.400,4.884,300
2020-10-15 09:36:49.400,4.884,10000
2020-10-15 09:36:49.400,4.884,100000
2020-10-15 09:36:51.460,4.884,2000
2020-10-15 09:36:56.560,4.883,5000
2020-10-15 09:36:56.560,4.883,10000
2020-10-15 09:36:56.680,4.883,10000
2020-10-15 09:36:57.040,4.883,54800
2020-10-15 09:36:58.030,4.883,5000
2020-10-15 09:36:58.440,4.883,20000
2020-10-15 09:36:59.250,4.883,50000
2020-10-15 09:37:00.240,4.882,1000
2020-10-15 09:37:00.240,4.882,1000
2020-10-15 09:37:00.760,4.883,10000
2020-10-15 09:37:01.260,4.883,200
2020-10-15 09:37:01.870,4.883,1500
2020-10-15 09:37:01.990,4.882,1000
2020-10-15 09:37:02.670,4.883,300
2020-10-15 09:37:02.670,4.883,10000
2020-10-15 09:37:03.060,4.883,11900
2020-10-15 09:37:03.080,4.883,10000
2020-10-15 09:37:03.520,4.883,100
2020-10-15 09:37:03.520,4.883,20000
2020-10-15 09:37:03.980,4.883,12300
2020-10-15 09:37:03.980,4.883,7300
2020-10-15 09:37:03.980,4.883,2100
2020-10-15 09:37:04.580,4.883,3000
2020-10-15 09:37:05.670,4.884,500
2020-10-15 09:37:06.460,4.883,100
2020-10-15 09:37:06.460,4.883,10000
2020-10-15 09:37:06.460,4.883,9900
2020-10-15 09:37:08.990,4.883,15400
2020-10-15 09:37:09.760,4.883,10000
2020-10-15 09:37:12.120,4.884,8000
2020-10-15 09:37:12.320,4.883,114700
2020-10-15 09:37:12.320,4.883,50000
2020-10-15 09:37:12.320,4.883,100
2020-10-15 09:37:12.320,4.883,500
2020-10-15 09:37:12.320,4.883,800
2020-10-15 09:37:12.400,4.882,400
2020-10-15 09:37:12.790,4.883,1000
2020-10-15 09:37:13.110,4.883,55000
2020-10-15 09:37:13.970,4.882,300
2020-10-15 09:37:14.290,4.882,1300
2020-10-15 09:37:14.290,4.882,500
2020-10-15 09:37:14.720,4.883,10000
2020-10-15 09:37:14.970,4.883,67900
2020-10-15 09:37:15.730,4.883,1400
2020-10-15 09:37:16.160,4.883,500
2020-10-15 09:37:16.270,4.883,4500
2020-10-15 09:37:16.680,4.883,500
2020-10-15 09:37:17.160,4.882,500
2020-10-15 09:37:17.160,4.882,31700
2020-10-15 09:37:18.360,4.883,200
2020-10-15 09:37:18.800,4.882,2200
2020-10-15 09:37:20.240,4.882,100000
2020-10-15 09:37:23.200,4.882,21400
2020-10-15 09:37:23.670,4.882,50000
2020-10-15 09:37:23.670,4.882,300
2020-10-15 09:37:23.730,4.883,3000
2020-10-15 09:37:24.120,4.883,100
2020-10-15 09:37:25.620,4.882,100
2020-10-15 09:37:26.290,4.882,30000
2020-10-15 09:37:28.200,4.883,500
2020-10-15 09:37:29.730,4.882,32200
2020-10-15 09:37:30.080,4.882,21800
2020-10-15 09:37:30.330,4.882,10000
2020-10-15 09:37:30.530,4.882,300
2020-10-15 09:37:30.530,4.882,100000
2020-10-15 09:37:30.850,4.882,100
2020-10-15 09:37:31.970,4.882,2100
2020-10-15 09:37:32.860,4.882,100
2020-10-15 09:37:34.180,4.882,200
2020-10-15 09:37:35.020,4.882,500
2020-10-15 09:37:35.260,4.882,196700
2020-10-15 09:37:35.260,4.882,3300
2020-10-15 09:37:36.200,4.882,3000
2020-10-15 09:37:37.400,4.882,700
2020-10-15 09:37:37.400,4.882,24300
2020-10-15 09:37:37.620,4.881,1000
2020-10-15 09:37:37.620,4.881,10000
2020-10-15 09:37:37.620,4.881,500
2020-10-15 09:37:37.620,4.881,100
2020-10-15 09:37:37.620,4.881,100000
2020-10-15 09:37:38.430,4.88,3000
2020-10-15 09:37:38.430,4.88,1500
2020-10-15 09:37:38.430,4.88,500
2020-10-15 09:37:38.430,4.88,1000
2020-10-15 09:37:38.430,4.88,10400
2020-10-15 09:37:38.430,4.88,1300
2020-10-15 09:37:38.430,4.88,200
2020-10-15 09:37:38.430,4.88,2900
2020-10-15 09:37:38.430,4.88,100
2020-10-15 09:37:38.430,4.88,500
2020-10-15 09:37:38.430,4.88,100
2020-10-15 09:37:38.430,4.88,600
2020-10-15 09:37:38.430,4.88,5000
2020-10-15 09:37:38.430,4.88,500
2020-10-15 09:37:38.430,4.88,1000
2020-10-15 09:37:38.430,4.88,1500
2020-10-15 09:37:38.430,4.88,3900
2020-10-15 09:37:38.430,4.88,300
2020-10-15 09:37:38.690,4.88,2000
2020-10-15 09:37:39.060,4.88,100000
2020-10-15 09:37:41.110,4.881,1400
2020-10-15 09:37:44.910,4.879,8800
2020-10-15 09:37:45.110,4.88,41000
2020-10-15 09:37:45.110,4.88,109000
2020-10-15 09:37:47.660,4.879,1000
2020-10-15 09:37:48.260,4.88,200
2020-10-15 09:37:48.430,4.88,100
2020-10-15 09:37:49.220,4.88,20000
2020-10-15 09:37:49.660,4.879,8800
2020-10-15 09:37:49.780,4.88,100
2020-10-15 09:37:50.200,4.88,500
2020-10-15 09:37:51.320,4.88,100
2020-10-15 09:37:51.690,4.879,7000
2020-10-15 09:37:51.950,4.879,74400
2020-10-15 09:37:51.950,4.879,1000
2020-10-15 09:37:51.950,4.879,3200
2020-10-15 09:37:53.970,4.878,15400
2020-10-15 09:37:55.070,4.878,22700
2020-10-15 09:37:55.070,4.878,3000
2020-10-15 09:37:55.070,4.878,10000
2020-10-15 09:37:55.070,4.878,500
2020-10-15 09:37:55.070,4.878,5000
2020-10-15 09:37:55.070,4.878,1000
2020-10-15 09:37:55.070,4.878,10000
2020-10-15 09:37:55.070,4.878,100000
2020-10-15 09:37:55.070,4.878,50000
2020-10-15 09:37:55.340,4.878,20000
2020-10-15 09:37:58.390,4.878,300
2020-10-15 09:38:00.190,4.878,27200
2020-10-15 09:38:00.700,4.878,20000
2020-10-15 09:38:02.580,4.877,100
2020-10-15 09:38:02.580,4.877,5300
2020-10-15 09:38:02.580,4.877,100
2020-10-15 09:38:02.580,4.877,100
2020-10-15 09:38:03.490,4.877,9100
2020-10-15 09:38:04.900,4.876,13100
2020-10-15 09:38:04.900,4.876,200
2020-10-15 09:38:04.900,4.876,200
2020-10-15 09:38:04.900,4.876,200
2020-10-15 09:38:04.900,4.876,10000
2020-10-15 09:38:04.900,4.876,60000
2020-10-15 09:38:04.900,4.876,216300
2020-10-15 09:38:05.300,4.877,500
2020-10-15 09:38:07.510,4.875,10000
2020-10-15 09:38:07.510,4.875,1800
2020-10-15 09:38:07.940,4.876,100
2020-10-15 09:38:10.580,4.875,700
2020-10-15 09:38:10.580,4.875,500
2020-10-15 09:38:10.580,4.875,5000
2020-10-15 09:38:10.580,4.875,100
2020-10-15 09:38:10.700,4.875,900
2020-10-15 09:38:10.700,4.875,3000
2020-10-15 09:38:10.700,4.875,100
2020-10-15 09:38:10.700,4.875,100
2020-10-15 09:38:10.700,4.875,1000
2020-10-15 09:38:10.700,4.875,1000
2020-10-15 09:38:10.700,4.875,300
2020-10-15 09:38:10.700,4.875,2400
2020-10-15 09:38:10.700,4.875,200
2020-10-15 09:38:10.700,4.875,10000
2020-10-15 09:38:10.700,4.875,281000
2020-10-15 09:38:10.700,4.876,299900
2020-10-15 09:38:10.700,4.876,300000
2020-10-15 09:38:10.700,4.876,20000
2020-10-15 09:38:10.700,4.876,50000
2020-10-15 09:38:10.700,4.877,49100
2020-10-15 09:38:11.040,4.875,100000
2020-10-15 09:38:11.980,4.876,100
2020-10-15 09:38:14.950,4.875,500
2020-10-15 09:38:15.540,4.875,10000
2020-10-15 09:38:15.680,4.874,20000
2020-10-15 09:38:16.800,4.876,5000
2020-10-15 09:38:20.620,4.875,16800
2020-10-15 09:38:21.290,4.875,300000
2020-10-15 09:38:21.290,4.876,400
2020-10-15 09:38:21.360,4.875,300000
2020-10-15 09:38:22.230,4.875,200000
2020-10-15 09:38:22.370,4.875,183200
2020-10-15 09:38:22.370,4.875,300
2020-10-15 09:38:22.370,4.875,300
2020-10-15 09:38:23.400,4.875,1800
2020-10-15 09:38:23.790,4.875,200
2020-10-15 09:38:23.990,4.874,10000
2020-10-15 09:38:26.440,4.875,14200
2020-10-15 09:38:26.750,4.874,700
2020-10-15 09:38:26.860,4.875,5000
2020-10-15 09:38:26.920,4.875,3000
2020-10-15 09:38:26.940,4.874,3000
2020-10-15 09:38:27.820,4.874,12300
2020-10-15 09:38:27.870,4.875,20000
2020-10-15 09:38:28.350,4.874,10600
2020-10-15 09:38:28.350,4.874,100
2020-10-15 09:38:28.350,4.874,400
2020-10-15 09:38:28.350,4.874,200
2020-10-15 09:38:28.350,4.874,100
2020-10-15 09:38:28.350,4.874,2000
2020-10-15 09:38:28.350,4.874,5000
2020-10-15 09:38:28.350,4.874,600
2020-10-15 09:38:28.770,4.874,1500
2020-10-15 09:38:28.770,4.874,1000
2020-10-15 09:38:28.770,4.874,200
2020-10-15 09:38:28.770,4.874,1000
2020-10-15 09:38:28.770,4.874,10000
2020-10-15 09:38:28.770,4.874,12200
2020-10-15 09:38:28.770,4.874,1100
2020-10-15 09:38:28.770,4.874,1100
2020-10-15 09:38:28.770,4.874,1000
2020-10-15 09:38:28.770,4.874,1000
2020-10-15 09:38:28.770,4.874,69900
2020-10-15 09:38:29.410,4.874,14800
2020-10-15 09:38:29.410,4.874,200
2020-10-15 09:38:29.440,4.875,100
2020-10-15 09:38:29.980,4.875,100
2020-10-15 09:38:30.190,4.875,5000
2020-10-15 09:38:30.780,4.874,100
2020-10-15 09:38:30.780,4.874,1000
2020-10-15 09:38:30.780,4.874,200
2020-10-15 09:38:30.780,4.874,100
2020-10-15 09:38:30.780,4.873,1300
2020-10-15 09:38:30.890,4.875,2200
2020-10-15 09:38:31.080,4.874,1100
2020-10-15 09:38:31.600,4.874,5000
2020-10-15 09:38:31.910,4.874,5000
2020-10-15 09:38:32.940,4.874,38900
2020-10-15 09:38:33.210,4.875,6000
2020-10-15 09:38:33.270,4.875,58600
2020-10-15 09:38:33.270,4.875,200000
2020-10-15 09:38:33.270,4.875,41400
2020-10-15 09:38:34.190,4.874,100
2020-10-15 09:38:34.190,4.875,200
2020-10-15 09:38:35.270,4.874,3000
2020-10-15 09:38:35.590,4.875,1900
2020-10-15 09:38:36.230,4.874,5800
2020-10-15 09:38:36.400,4.875,200
2020-10-15 09:38:36.770,4.874,400
2020-10-15 09:38:38.210,4.874,1000
2020-10-15 09:38:39.310,4.874,133700
2020-10-15 09:38:39.310,4.874,1000
2020-10-15 09:38:39.310,4.874,1000
2020-10-15 09:38:39.310,4.874,29800
2020-10-15 09:38:39.310,4.874,20000
2020-10-15 09:38:39.310,4.874,200
2020-10-15 09:38:39.310,4.873,9100
2020-10-15 09:38:39.310,4.873,1000
2020-10-15 09:38:39.310,4.873,400
2020-10-15 09:38:39.310,4.873,400
2020-10-15 09:38:39.310,4.873,10000
2020-10-15 09:38:39.310,4.873,1000
2020-10-15 09:38:39.310,4.873,50000
2020-10-15 09:38:39.310,4.873,42400
2020-10-15 09:38:41.440,4.874,11000
2020-10-15 09:38:41.470,4.874,3000
2020-10-15 09:38:42.780,4.873,500
2020-10-15 09:38:43.140,4.874,6000
2020-10-15 09:38:43.140,4.874,10000
2020-10-15 09:38:43.140,4.874,4000
2020-10-15 09:38:43.250,4.874,200
2020-10-15 09:38:43.510,4.873,4500
2020-10-15 09:38:43.920,4.873,2000
2020-10-15 09:38:44.410,4.873,20600
2020-10-15 09:38:44.410,4.873,2000
2020-10-15 09:38:44.410,4.873,500
2020-10-15 09:38:44.410,4.873,32500
2020-10-15 09:38:46.080,4.874,200
2020-10-15 09:38:46.190,4.874,100
2020-10-15 09:38:48.120,4.873,5000
2020-10-15 09:38:50.010,4.873,1000
2020-10-15 09:38:50.710,4.874,200
2020-10-15 09:38:50.740,4.873,300
2020-10-15 09:38:51.520,4.873,600
2020-10-15 09:38:51.800,4.874,300
2020-10-15 09:38:51.800,4.874,3600
2020-10-15 09:38:53.040,4.873,1100
2020-10-15 09:38:53.380,4.874,100
2020-10-15 09:38:53.440,4.874,100
2020-10-15 09:38:53.620,4.874,1200
2020-10-15 09:38:53.620,4.874,4800
2020-10-15 09:38:53.910,4.874,200
2020-10-15 09:38:54.500,4.873,9500
2020-10-15 09:38:54.500,4.873,200
2020-10-15 09:38:54.500,4.873,500
2020-10-15 09:38:54.500,4.873,5000
2020-10-15 09:38:54.500,4.873,50000
2020-10-15 09:38:54.500,4.873,10000
2020-10-15 09:38:54.500,4.873,7000
2020-10-15 09:38:54.500,4.873,17800
2020-10-15 09:38:55.190,4.874,100
2020-10-15 09:38:56.200,4.874,100
2020-10-15 09:38:56.400,4.874,100
2020-10-15 09:38:56.660,4.874,3000
2020-10-15 09:38:57.740,4.873,1000
2020-10-15 09:38:58.030,4.874,100
2020-10-15 09:38:58.550,4.873,1000
2020-10-15 09:39:00.190,4.873,2000
2020-10-15 09:39:00.270,4.873,700
2020-10-15 09:39:01.480,4.873,2000
2020-10-15 09:39:02.240,4.873,1400
2020-10-15 09:39:02.410,4.874,300
2020-10-15 09:39:02.550,4.873,100
2020-10-15 09:39:03.060,4.874,500
2020-10-15 09:39:03.350,4.874,2000
2020-10-15 09:39:03.350,4.874,600
2020-10-15 09:39:03.350,4.874,200
2020-10-15 09:39:04.460,4.874,200
2020-10-15 09:39:04.460,4.873,500
2020-10-15 09:39:05.990,4.874,1000
2020-10-15 09:39:05.990,4.874,9000
2020-10-15 09:39:06.130,4.875,2000
2020-10-15 09:39:06.270,4.874,300
2020-10-15 09:39:07.190,4.874,2400
2020-10-15 09:39:08.700,4.874,5000
2020-10-15 09:39:09.770,4.875,3000
2020-10-15 09:39:09.770,4.875,200
2020-10-15 09:39:09.770,4.875,500
2020-10-15 09:39:10.760,4.875,46300
2020-10-15 09:39:10.760,4.875,600
2020-10-15 09:39:13.400,4.874,800
2020-10-15 09:39:13.820,4.874,5000
2020-10-15 09:39:14.310,4.874,47500
2020-10-15 09:39:14.310,4.874,100
2020-10-15 09:39:14.310,4.874,10000
2020-10-15 09:39:14.310,4.874,5000
2020-10-15 09:39:14.310,4.874,4000
2020-10-15 09:39:14.310,4.874,100000
2020-10-15 09:39:14.310,4.874,2000
2020-10-15 09:39:14.310,4.874,73000
2020-10-15 09:39:14.310,4.874,2000
2020-10-15 09:39:14.310,4.874,1000
2020-10-15 09:39:14.310,4.874,7000
2020-10-15 09:39:14.310,4.873,43500
2020-10-15 09:39:14.310,4.873,4900
2020-10-15 09:39:14.690,4.874,1000
2020-10-15 09:39:14.690,4.875,2900
2020-10-15 09:39:15.590,4.874,100
2020-10-15 09:39:16.000,4.874,10000
2020-10-15 09:39:16.920,4.873,1200
2020-10-15 09:39:17.240,4.874,5000
2020-10-15 09:39:19.730,4.874,800
2020-10-15 09:39:19.790,4.874,9200
2020-10-15 09:39:19.790,4.874,1000
2020-10-15 09:39:19.790,4.874,100
2020-10-15 09:39:19.790,4.874,4700
2020-10-15 09:39:20.440,4.874,1500
2020-10-15 09:39:20.560,4.873,2000
2020-10-15 09:39:22.670,4.874,200
2020-10-15 09:39:22.850,4.874,93600
2020-10-15 09:39:22.850,4.874,1100
2020-10-15 09:39:22.850,4.874,1000
2020-10-15 09:39:24.770,4.874,4300
2020-10-15 09:39:25.810,4.874,29800
2020-10-15 09:39:27.020,4.874,1000
2020-10-15 09:39:27.820,4.874,9000
2020-10-15 09:39:27.820,4.873,91900
2020-10-15 09:39:27.820,4.873,3300
2020-10-15 09:39:27.820,4.873,300
2020-10-15 09:39:27.820,4.873,100000
2020-10-15 09:39:27.820,4.873,1000
2020-10-15 09:39:27.820,4.873,100
2020-10-15 09:39:27.820,4.873,500
2020-10-15 09:39:27.820,4.873,300
2020-10-15 09:39:27.820,4.873,1000
2020-10-15 09:39:27.820,4.873,600
2020-10-15 09:39:27.820,4.873,5000
2020-10-15 09:39:27.820,4.873,5000
2020-10-15 09:39:27.820,4.873,6800
2020-10-15 09:39:27.820,4.873,50000
2020-10-15 09:39:27.820,4.873,25200
2020-10-15 09:39:28.050,4.874,1000
2020-10-15 09:39:28.410,4.874,9000
2020-10-15 09:39:28.410,4.874,100
2020-10-15 09:39:29.660,4.874,200
2020-10-15 09:39:29.840,4.873,374800
2020-10-15 09:39:29.900,4.872,500
2020-10-15 09:39:29.900,4.872,300
2020-10-15 09:39:29.900,4.872,5000
2020-10-15 09:39:29.900,4.872,500
2020-10-15 09:39:29.900,4.872,49300
2020-10-15 09:39:30.630,4.873,2000
2020-10-15 09:39:31.320,4.873,5000
2020-10-15 09:39:32.030,4.873,10000
2020-10-15 09:39:32.680,4.873,2000
2020-10-15 09:39:33.850,4.872,1000
2020-10-15 09:39:33.880,4.872,49700
2020-10-15 09:39:33.880,4.872,4600
2020-10-15 09:39:33.880,4.872,500
2020-10-15 09:39:33.880,4.872,5000
2020-10-15 09:39:33.880,4.872,1000
2020-10-15 09:39:33.880,4.872,3000
2020-10-15 09:39:33.880,4.872,60000
2020-10-15 09:39:34.760,4.871,300
2020-10-15 09:39:34.760,4.871,25000
2020-10-15 09:39:34.760,4.871,300
2020-10-15 09:39:34.760,4.871,200
2020-10-15 09:39:34.760,4.871,200
2020-10-15 09:39:34.760,4.871,5000
2020-10-15 09:39:34.760,4.871,100000
2020-10-15 09:39:34.760,4.871,25000
2020-10-15 09:39:34.760,4.871,50000
2020-10-15 09:39:34.760,4.871,10000
2020-10-15 09:39:34.760,4.871,50000
2020-10-15 09:39:34.760,4.871,34000
2020-10-15 09:39:34.780,4.871,26000
2020-10-15 09:39:34.780,4.871,100
2020-10-15 09:39:34.780,4.871,300
2020-10-15 09:39:34.780,4.871,100000
2020-10-15 09:39:34.810,4.87,100
2020-10-15 09:39:34.810,4.87,400
2020-10-15 09:39:34.810,4.87,100
2020-10-15 09:39:34.810,4.87,6000
2020-10-15 09:39:34.810,4.87,2100
2020-10-15 09:39:34.810,4.87,7000
2020-10-15 09:39:34.810,4.87,400
2020-10-15 09:39:34.810,4.87,100
2020-10-15 09:39:34.810,4.87,2000
2020-10-15 09:39:34.810,4.87,300
2020-10-15 09:39:34.810,4.87,15000
2020-10-15 09:39:34.810,4.87,7100
2020-10-15 09:39:34.810,4.87,300
2020-10-15 09:39:34.810,4.87,2100
2020-10-15 09:39:34.810,4.87,20000
2020-10-15 09:39:34.810,4.87,10500
2020-10-15 09:39:34.810,4.87,10000
2020-10-15 09:39:34.810,4.87,500
2020-10-15 09:39:34.810,4.87,5000
2020-10-15 09:39:34.810,4.87,200
2020-10-15 09:39:34.810,4.87,5000
2020-10-15 09:39:34.810,4.87,300
2020-10-15 09:39:34.810,4.87,5500
2020-10-15 09:39:34.810,4.87,44500
2020-10-15 09:39:34.810,4.87,100
2020-10-15 09:39:34.810,4.87,10000
2020-10-15 09:39:34.810,4.87,100
2020-10-15 09:39:34.810,4.87,500
2020-10-15 09:39:34.810,4.87,10000
2020-10-15 09:39:34.810,4.87,1500
2020-10-15 09:39:34.810,4.87,10000
2020-10-15 09:39:34.810,4.87,5000
2020-10-15 09:39:34.810,4.87,3000
2020-10-15 09:39:34.810,4.87,4000
2020-10-15 09:39:34.810,4.87,100
2020-10-15 09:39:34.810,4.87,2000
2020-10-15 09:39:34.810,4.87,1000
2020-10-15 09:39:34.810,4.87,8200
2020-10-15 09:39:34.810,4.87,1800
2020-10-15 09:39:34.810,4.87,200
2020-10-15 09:39:34.810,4.87,1000
2020-10-15 09:39:34.810,4.87,60000
2020-10-15 09:39:35.020,4.87,37000
2020-10-15 09:39:35.020,4.871,63000
2020-10-15 09:39:35.280,4.871,100
2020-10-15 09:39:35.720,4.872,1100
2020-10-15 09:39:35.770,4.872,20000
2020-10-15 09:39:36.760,4.869,2300
2020-10-15 09:39:36.760,4.869,500
2020-10-15 09:39:36.760,4.869,7500
2020-10-15 09:39:36.760,4.869,5000
2020-10-15 09:39:36.760,4.869,100
2020-10-15 09:39:36.760,4.869,200
2020-10-15 09:39:36.760,4.869,1000
2020-10-15 09:39:36.760,4.868,1500
2020-10-15 09:39:36.760,4.868,10000
2020-10-15 09:39:36.760,4.868,37500
2020-10-15 09:39:36.760,4.868,3000
2020-10-15 09:39:36.760,4.868,100
2020-10-15 09:39:36.760,4.868,200
2020-10-15 09:39:36.760,4.868,700
2020-10-15 09:39:36.760,4.868,2500
2020-10-15 09:39:36.760,4.868,1000
2020-10-15 09:39:36.760,4.868,1000
2020-10-15 09:39:36.760,4.868,25900
2020-10-15 09:39:37.030,4.869,100000
2020-10-15 09:39:38.040,4.87,100000
2020-10-15 09:39:38.040,4.87,200
2020-10-15 09:39:38.570,4.87,500
2020-10-15 09:39:38.820,4.871,10000
2020-10-15 09:39:39.550,4.872,500
2020-10-15 09:39:43.190,4.87,300
2020-10-15 09:39:43.730,4.868,100
2020-10-15 09:39:44.630,4.87,10000
2020-10-15 09:39:44.940,4.868,500
2020-10-15 09:39:45.870,4.87,100
2020-10-15 09:39:46.360,4.869,400
2020-10-15 09:39:46.970,4.87,8100
2020-10-15 09:39:48.010,4.87,300
2020-10-15 09:39:48.040,4.87,300
2020-10-15 09:39:48.160,4.87,1000
2020-10-15 09:39:48.710,4.87,500
2020-10-15 09:39:49.310,4.87,1000
2020-10-15 09:39:50.440,4.87,78400
2020-10-15 09:39:50.710,4.87,10000
2020-10-15 09:39:51.100,4.87,1000
2020-10-15 09:39:51.780,4.871,3000
2020-10-15 09:39:52.730,4.87,1000
2020-10-15 09:39:52.730,4.87,5000
2020-10-15 09:39:53.070,4.871,2100
2020-10-15 09:39:53.120,4.87,20000
2020-10-15 09:39:53.400,4.87,20000
2020-10-15 09:39:53.770,4.87,20000
2020-10-15 09:39:55.350,4.871,100
2020-10-15 09:39:55.370,4.871,66600
2020-10-15 09:39:56.480,4.869,200
2020-10-15 09:39:58.820,4.87,6100
2020-10-15 09:39:58.820,4.871,22600
2020-10-15 09:39:59.740,4.87,400
2020-10-15 09:40:00.830,4.869,300000
2020-10-15 09:40:02.000,4.869,27800
2020-10-15 09:40:02.030,4.869,300000
2020-10-15 09:40:02.030,4.869,45300
2020-10-15 09:40:02.030,4.869,4000
2020-10-15 09:40:02.030,4.869,50000
2020-10-15 09:40:02.030,4.869,1000
2020-10-15 09:40:02.030,4.869,1000
2020-10-15 09:40:02.030,4.869,1000
2020-10-15 09:40:03.160,4.869,500
2020-10-15 09:40:04.090,4.869,500
2020-10-15 09:40:04.090,4.869,99500
2020-10-15 09:40:04.840,4.868,50000
2020-10-15 09:40:04.840,4.868,10000
2020-10-15 09:40:04.840,4.868,10000
2020-10-15 09:40:04.840,4.868,10000
2020-10-15 09:40:04.840,4.868,3000
2020-10-15 09:40:04.840,4.868,400
2020-10-15 09:40:04.840,4.868,200
2020-10-15 09:40:04.840,4.867,600
2020-10-15 09:40:04.840,4.867,2000
2020-10-15 09:40:04.840,4.867,213800
2020-10-15 09:40:06.790,4.868,1000
2020-10-15 09:40:06.790,4.868,7000
2020-10-15 09:40:07.040,4.867,1000
2020-10-15 09:40:07.130,4.867,8200
2020-10-15 09:40:07.950,4.867,77000
2020-10-15 09:40:07.950,4.867,20000
2020-10-15 09:40:07.950,4.867,500
2020-10-15 09:40:07.950,4.867,100
2020-10-15 09:40:07.950,4.867,100
2020-10-15 09:40:07.950,4.867,300
2020-10-15 09:40:07.950,4.867,8000
2020-10-15 09:40:08.010,4.867,100
2020-10-15 09:40:08.910,4.868,5000
2020-10-15 09:40:09.120,4.867,1000
2020-10-15 09:40:09.840,4.867,6000
2020-10-15 09:40:11.250,4.868,100
2020-10-15 09:40:13.370,4.867,900
2020-10-15 09:40:13.610,4.867,700
2020-10-15 09:40:14.240,4.867,400
2020-10-15 09:40:14.240,4.867,1800
2020-10-15 09:40:14.360,4.869,600
2020-10-15 09:40:14.560,4.867,100
2020-10-15 09:40:14.760,4.867,1100
2020-10-15 09:40:14.960,4.869,100
2020-10-15 09:40:15.890,4.867,27000
2020-10-15 09:40:15.890,4.867,5000
2020-10-15 09:40:16.680,4.867,100
2020-10-15 09:40:17.470,4.867,60000
2020-10-15 09:40:17.850,4.866,5000
2020-10-15 09:40:17.850,4.866,5000
2020-10-15 09:40:17.850,4.866,2500
2020-10-15 09:40:17.850,4.866,400
2020-10-15 09:40:18.140,4.867,1000
2020-10-15 09:40:18.200,4.867,100
2020-10-15 09:40:19.370,4.867,10000
2020-10-15 09:40:19.540,4.866,100
2020-10-15 09:40:19.540,4.866,500
2020-10-15 09:40:19.540,4.866,100
2020-10-15 09:40:19.540,4.866,200
2020-10-15 09:40:19.540,4.866,300
2020-10-15 09:40:20.580,4.867,100
2020-10-15 09:40:21.230,4.867,9100
2020-10-15 09:40:22.170,4.868,100
2020-10-15 09:40:22.450,4.867,700
2020-10-15 09:40:22.710,4.868,2000
2020-10-15 09:40:23.340,4.868,25000
2020-10-15 09:40:23.420,4.868,10000
2020-10-15 09:40:23.750,4.868,12900
2020-10-15 09:40:23.750,4.868,1200
2020-10-15 09:40:24.990,4.868,100
2020-10-15 09:40:25.470,4.868,14500
2020-10-15 09:40:28.310,4.868,1000
2020-10-15 09:40:29.860,4.868,1100
2020-10-15 09:40:31.180,4.868,200
2020-10-15 09:40:31.470,4.868,100
2020-10-15 09:40:32.030,4.868,500
2020-10-15 09:40:32.450,4.868,10400
2020-10-15 09:40:33.200,4.868,4000
2020-10-15 09:40:33.200,4.868,4000
2020-10-15 09:40:33.200,4.868,4000
2020-10-15 09:40:33.200,4.868,2000
2020-10-15 09:40:33.370,4.869,1000
2020-10-15 09:40:33.370,4.869,1000
2020-10-15 09:40:33.370,4.869,2000
2020-10-15 09:40:34.350,4.869,8000
2020-10-15 09:40:35.100,4.869,2200
2020-10-15 09:40:35.100,4.869,31700
2020-10-15 09:40:35.770,4.87,4100
2020-10-15 09:40:35.770,4.87,500
2020-10-15 09:40:35.770,4.87,2800
2020-10-15 09:40:35.770,4.87,2600
2020-10-15 09:40:36.370,4.869,1000
2020-10-15 09:40:39.830,4.869,4100
2020-10-15 09:40:40.050,4.87,3400
2020-10-15 09:40:40.050,4.871,300
2020-10-15 09:40:40.050,4.872,16300
2020-10-15 09:40:40.220,4.869,500
2020-10-15 09:40:41.010,4.869,5000
2020-10-15 09:40:44.420,4.872,12000
2020-10-15 09:40:45.100,4.87,67400
2020-10-15 09:40:45.100,4.869,2600
2020-10-15 09:40:45.300,4.869,600
2020-10-15 09:40:46.060,4.87,100
2020-10-15 09:40:46.060,4.869,400
2020-10-15 09:40:48.220,4.87,400
2020-10-15 09:40:48.620,4.87,100
2020-10-15 09:40:49.010,4.87,7500
2020-10-15 09:40:50.010,4.87,2500
2020-10-15 09:40:50.440,4.87,1000
2020-10-15 09:40:50.470,4.869,4100
2020-10-15 09:40:50.470,4.869,4900
2020-10-15 09:40:51.290,4.87,5000
2020-10-15 09:40:51.440,4.87,1000
2020-10-15 09:40:51.730,4.87,500
2020-10-15 09:40:51.820,4.87,1000
2020-10-15 09:40:51.870,4.871,1000
2020-10-15 09:40:51.870,4.872,4000
2020-10-15 09:40:52.720,4.87,12000
2020-10-15 09:40:54.090,4.87,300
2020-10-15 09:40:54.630,4.87,1000
2020-10-15 09:40:55.090,4.87,35200
2020-10-15 09:40:55.090,4.87,2500
2020-10-15 09:40:56.050,4.869,100
2020-10-15 09:40:56.140,4.87,1000
2020-10-15 09:40:59.360,4.869,200
2020-10-15 09:40:59.360,4.869,100
2020-10-15 09:40:59.360,4.869,10000
2020-10-15 09:40:59.360,4.869,50000
2020-10-15 09:40:59.360,4.869,400
2020-10-15 09:40:59.360,4.869,39300
2020-10-15 09:41:00.750,4.87,1000
2020-10-15 09:41:02.230,4.869,60700
2020-10-15 09:41:02.230,4.869,100
2020-10-15 09:41:02.230,4.869,17500
2020-10-15 09:41:02.230,4.869,100
2020-10-15 09:41:02.230,4.869,1000
2020-10-15 09:41:02.230,4.869,11500
2020-10-15 09:41:02.230,4.869,1000
2020-10-15 09:41:02.230,4.869,100
2020-10-15 09:41:02.230,4.869,5000
2020-10-15 09:41:02.230,4.869,1000
2020-10-15 09:41:03.380,4.87,100
2020-10-15 09:41:03.900,4.869,8700
2020-10-15 09:41:03.900,4.869,4700
2020-10-15 09:41:04.180,4.87,200
2020-10-15 09:41:04.290,4.869,1100
2020-10-15 09:41:04.290,4.869,5900
2020-10-15 09:41:05.270,4.87,30000
2020-10-15 09:41:05.510,4.869,4100
2020-10-15 09:41:05.510,4.869,600
2020-10-15 09:41:05.810,4.87,100
2020-10-15 09:41:06.270,4.87,100000
2020-10-15 09:41:06.540,4.87,700
2020-10-15 09:41:08.770,4.87,80000
2020-10-15 09:41:08.840,4.87,1000
2020-10-15 09:41:11.470,4.87,100
2020-10-15 09:41:11.550,4.87,90000
2020-10-15 09:41:11.550,4.87,100000
2020-10-15 09:41:11.550,4.87,100000
2020-10-15 09:41:11.550,4.87,10000
2020-10-15 09:41:11.550,4.87,30000
2020-10-15 09:41:11.550,4.87,100000
2020-10-15 09:41:11.550,4.87,10000
2020-10-15 09:41:11.550,4.87,20000
2020-10-15 09:41:11.610,4.87,2100
2020-10-15 09:41:12.080,4.87,2000
2020-10-15 09:41:12.740,4.87,6000
2020-10-15 09:41:12.740,4.869,2600
2020-10-15 09:41:14.390,4.869,200
2020-10-15 09:41:14.600,4.87,80000
2020-10-15 09:41:14.600,4.87,31400
2020-10-15 09:41:14.600,4.87,200
2020-10-15 09:41:14.600,4.87,100
2020-10-15 09:41:14.600,4.87,48300
2020-10-15 09:41:14.810,4.87,20000
2020-10-15 09:41:15.930,4.87,100
2020-10-15 09:41:16.190,4.869,5500
2020-10-15 09:41:17.370,4.87,2000
2020-10-15 09:41:18.280,4.87,1000
2020-10-15 09:41:18.670,4.87,4700
2020-10-15 09:41:18.670,4.869,1600
2020-10-15 09:41:18.700,4.869,2500
2020-10-15 09:41:19.010,4.87,100
2020-10-15 09:41:19.010,4.869,3900
2020-10-15 09:41:19.300,4.871,6100
2020-10-15 09:41:19.300,4.871,33900
2020-10-15 09:41:19.360,4.871,40000
2020-10-15 09:41:20.530,4.871,10000
2020-10-15 09:41:20.620,4.871,10000
2020-10-15 09:41:20.620,4.871,100
2020-10-15 09:41:23.740,4.87,100
2020-10-15 09:41:25.040,4.872,2000
2020-10-15 09:41:28.520,4.87,1300
2020-10-15 09:41:28.710,4.87,5000
2020-10-15 09:41:31.210,4.871,5000
2020-10-15 09:41:32.300,4.87,5000
2020-10-15 09:41:32.300,4.87,3000
2020-10-15 09:41:32.530,4.87,1500
2020-10-15 09:41:33.370,4.872,4100
2020-10-15 09:41:33.370,4.872,300
2020-10-15 09:41:33.370,4.872,30000
2020-10-15 09:41:33.370,4.872,5700
2020-10-15 09:41:33.940,4.872,100
2020-10-15 09:41:36.470,4.872,50000
2020-10-15 09:41:36.820,4.871,200
2020-10-15 09:41:36.820,4.87,3500
2020-10-15 09:41:36.820,4.87,1000
2020-10-15 09:41:36.820,4.87,10000
2020-10-15 09:41:36.820,4.87,100
2020-10-15 09:41:36.820,4.87,100
2020-10-15 09:41:36.820,4.87,5100
2020-10-15 09:41:36.880,4.872,1000
2020-10-15 09:41:37.440,4.87,700
2020-10-15 09:41:37.440,4.87,1000
2020-10-15 09:41:39.240,4.872,500
2020-10-15 09:41:40.230,4.872,100
2020-10-15 09:41:40.700,4.872,400
2020-10-15 09:41:41.010,4.87,100
2020-10-15 09:41:41.150,4.87,100
2020-10-15 09:41:41.830,4.87,1900
2020-10-15 09:41:43.200,4.87,400
2020-10-15 09:41:44.630,4.872,3000
2020-10-15 09:41:44.690,4.87,1500
2020-10-15 09:41:46.430,4.87,1000
2020-10-15 09:41:48.200,4.871,7300
2020-10-15 09:41:48.750,4.87,8400
2020-10-15 09:41:48.750,4.87,500
2020-10-15 09:41:48.750,4.87,300
2020-10-15 09:41:48.750,4.87,300
2020-10-15 09:41:49.460,4.871,300
2020-10-15 09:41:49.830,4.87,200
2020-10-15 09:41:49.830,4.87,200
2020-10-15 09:41:49.830,4.87,200
2020-10-15 09:41:50.300,4.87,700
2020-10-15 09:41:50.660,4.871,500
2020-10-15 09:41:51.600,4.871,1000
2020-10-15 09:41:52.340,4.87,2200
2020-10-15 09:41:52.450,4.871,200
2020-10-15 09:41:53.210,4.87,1900
2020-10-15 09:41:53.210,4.87,100
2020-10-15 09:41:53.270,4.87,1000
2020-10-15 09:41:54.420,4.871,3000
2020-10-15 09:41:54.870,4.87,8600
2020-10-15 09:41:54.870,4.87,7100
2020-10-15 09:41:54.870,4.87,10000
2020-10-15 09:41:54.870,4.87,2000
2020-10-15 09:41:54.870,4.87,1000
2020-10-15 09:41:54.870,4.87,300
2020-10-15 09:41:54.870,4.87,1000
2020-10-15 09:41:54.870,4.87,3000
2020-10-15 09:41:54.870,4.87,5000
2020-10-15 09:41:54.980,4.87,10000
2020-10-15 09:41:58.840,4.869,3100
2020-10-15 09:41:58.840,4.869,1400
2020-10-15 09:41:58.840,4.869,100
2020-10-15 09:41:58.840,4.869,21600
2020-10-15 09:41:58.840,4.869,100
2020-10-15 09:41:58.840,4.869,200
2020-10-15 09:41:58.840,4.869,20000
2020-10-15 09:41:58.840,4.869,100
2020-10-15 09:41:58.840,4.869,10000
2020-10-15 09:41:58.840,4.869,500
2020-10-15 09:41:58.840,4.869,3300
2020-10-15 09:41:59.190,4.869,30000
2020-10-15 09:41:59.540,4.869,500
2020-10-15 09:41:59.800,4.869,9100
2020-10-15 09:41:59.800,4.869,10000
2020-10-15 09:42:01.180,4.87,400
2020-10-15 09:42:01.180,4.87,700
2020-10-15 09:42:01.180,4.87,300
2020-10-15 09:42:03.240,4.87,1000
2020-10-15 09:42:05.250,4.87,3100
2020-10-15 09:42:05.250,4.87,2000
2020-10-15 09:42:06.830,4.871,17700
2020-10-15 09:42:06.830,4.871,100000
2020-10-15 09:42:06.830,4.871,1000
2020-10-15 09:42:06.830,4.871,100000
2020-10-15 09:42:06.830,4.871,200
2020-10-15 09:42:06.830,4.871,300
2020-10-15 09:42:08.920,4.871,75800
2020-10-15 09:42:09.010,4.871,300
2020-10-15 09:42:09.460,4.872,6200
2020-10-15 09:42:11.150,4.872,10900
2020-10-15 09:42:12.100,4.871,5100
2020-10-15 09:42:12.600,4.87,1000
2020-10-15 09:42:12.760,4.87,200
2020-10-15 09:42:14.070,4.871,30000
2020-10-15 09:42:14.070,4.871,50000
2020-10-15 09:42:16.860,4.871,200
2020-10-15 09:42:17.510,4.87,2200
2020-10-15 09:42:17.630,4.87,1500
2020-10-15 09:42:17.630,4.87,100
2020-10-15 09:42:17.630,4.87,5000
2020-10-15 09:42:17.630,4.87,2400
2020-10-15 09:42:20.700,4.87,300
2020-10-15 09:42:21.070,4.871,1200
2020-10-15 09:42:22.680,4.871,2800
2020-10-15 09:42:23.580,4.87,100
2020-10-15 09:42:23.970,4.871,400
2020-10-15 09:42:25.490,4.87,2200
2020-10-15 09:42:25.490,4.87,100
2020-10-15 09:42:25.590,4.87,100
2020-10-15 09:42:26.090,4.871,7400
2020-10-15 09:42:26.090,4.871,2600
2020-10-15 09:42:27.690,4.87,1000
2020-10-15 09:42:28.920,4.871,6900
2020-10-15 09:42:30.030,4.871,5500
2020-10-15 09:42:30.710,4.871,2000
2020-10-15 09:42:35.940,4.871,4100
2020-10-15 09:42:36.030,4.871,3000
2020-10-15 09:42:36.920,4.871,5000
2020-10-15 09:42:37.480,4.871,1400
2020-10-15 09:42:38.180,4.871,29000
2020-10-15 09:42:38.180,4.871,1000
2020-10-15 09:42:38.180,4.871,200
2020-10-15 09:42:38.180,4.871,37300
2020-10-15 09:42:39.780,4.871,1200
2020-10-15 09:42:40.500,4.872,3000
2020-10-15 09:42:40.580,4.872,100
2020-10-15 09:42:41.120,4.872,500
2020-10-15 09:42:41.740,4.872,800
2020-10-15 09:42:43.580,4.872,300
2020-10-15 09:42:45.960,4.871,600
2020-10-15 09:42:47.650,4.871,13100
2020-10-15 09:42:49.320,4.871,1400
2020-10-15 09:42:49.630,4.872,100
2020-10-15 09:42:49.630,4.871,246400
2020-10-15 09:42:49.630,4.871,5000
2020-10-15 09:42:49.630,4.871,10000
2020-10-15 09:42:49.630,4.871,1200
2020-10-15 09:42:49.630,4.871,3000
2020-10-15 09:42:49.750,4.87,2000
2020-10-15 09:42:49.750,4.87,100
2020-10-15 09:42:49.750,4.87,5000
2020-10-15 09:42:49.750,4.87,100
2020-10-15 09:42:49.750,4.87,1000
2020-10-15 09:42:49.750,4.87,600
2020-10-15 09:42:49.750,4.87,1000
2020-10-15 09:42:49.750,4.87,100
2020-10-15 09:42:49.750,4.87,3000
2020-10-15 09:42:49.750,4.87,100
2020-10-15 09:42:49.750,4.87,100
2020-10-15 09:42:49.750,4.87,21600
2020-10-15 09:42:49.750,4.87,10000
2020-10-15 09:42:49.750,4.87,500
2020-10-15 09:42:49.750,4.87,1000
2020-10-15 09:42:49.750,4.87,500
2020-10-15 09:42:50.240,4.87,20000
2020-10-15 09:42:52.300,4.87,1000
2020-10-15 09:42:52.410,4.87,232300
2020-10-15 09:42:52.410,4.87,10000
2020-10-15 09:42:52.410,4.871,34400
2020-10-15 09:42:52.410,4.871,20000
2020-10-15 09:42:52.410,4.872,408400
2020-10-15 09:42:52.520,4.872,10000
2020-10-15 09:42:53.830,4.87,100
2020-10-15 09:42:53.830,4.87,10000
2020-10-15 09:42:54.790,4.87,5000
2020-10-15 09:42:59.050,4.87,500
2020-10-15 09:42:59.370,4.87,5000
2020-10-15 09:43:00.000,4.87,1000
2020-10-15 09:43:01.410,4.87,100
2020-10-15 09:43:01.440,4.87,10000
2020-10-15 09:43:01.760,4.87,5000
2020-10-15 09:43:04.160,4.871,200
2020-10-15 09:43:05.530,4.87,200
2020-10-15 09:43:05.530,4.87,1000
2020-10-15 09:43:05.530,4.869,9800
2020-10-15 09:43:06.930,4.87,1800
2020-10-15 09:43:07.280,4.87,4200
2020-10-15 09:43:09.560,4.87,100
2020-10-15 09:43:11.360,4.87,900
2020-10-15 09:43:11.880,4.87,300
2020-10-15 09:43:15.490,4.87,200
2020-10-15 09:43:15.490,4.87,100
2020-10-15 09:43:16.140,4.87,100
2020-10-15 09:43:16.280,4.87,100
2020-10-15 09:43:16.830,4.869,100
2020-10-15 09:43:18.490,4.87,10000
2020-10-15 09:43:21.500,4.87,200
2020-10-15 09:43:24.100,4.87,100
2020-10-15 09:43:25.030,4.87,700
2020-10-15 09:43:25.030,4.87,2000
2020-10-15 09:43:25.030,4.87,4300
2020-10-15 09:43:25.890,4.87,1900
2020-10-15 09:43:28.020,4.87,100
2020-10-15 09:43:28.910,4.87,1000
2020-10-15 09:43:30.330,4.87,500
2020-10-15 09:43:32.750,4.87,1500
2020-10-15 09:43:32.750,4.87,48500
2020-10-15 09:43:33.210,4.871,2000
2020-10-15 09:43:33.890,4.87,10000
2020-10-15 09:43:36.460,4.87,500
2020-10-15 09:43:37.690,4.871,10000
2020-10-15 09:43:39.390,4.871,200
2020-10-15 09:43:39.910,4.871,400
2020-10-15 09:43:42.000,4.871,2000
2020-10-15 09:43:42.790,4.871,1900
2020-10-15 09:43:42.850,4.87,1000
2020-10-15 09:43:44.240,4.87,6300
2020-10-15 09:43:44.240,4.87,2000
2020-10-15 09:43:44.240,4.87,100
2020-10-15 09:43:44.240,4.87,1600
2020-10-15 09:43:46.670,4.871,100
2020-10-15 09:43:47.970,4.871,100
2020-10-15 09:43:48.660,4.871,10000
2020-10-15 09:43:48.830,4.871,500
2020-10-15 09:43:49.820,4.871,200
2020-10-15 09:43:50.050,4.871,1000
2020-10-15 09:43:51.340,4.87,300
2020-10-15 09:43:52.320,4.871,200
2020-10-15 09:43:52.660,4.87,900
2020-10-15 09:43:53.070,4.871,200
2020-10-15 09:43:53.870,4.87,500
2020-10-15 09:43:56.170,4.871,200
2020-10-15 09:43:56.260,4.87,6700
2020-10-15 09:43:56.260,4.87,700
2020-10-15 09:43:56.260,4.87,1000
2020-10-15 09:43:56.260,4.87,1000
2020-10-15 09:43:56.260,4.87,3000
2020-10-15 09:43:56.260,4.87,1000
2020-10-15 09:43:56.260,4.87,600
2020-10-15 09:43:56.260,4.87,100
2020-10-15 09:43:56.260,4.87,200
2020-10-15 09:43:56.260,4.87,100
2020-10-15 09:43:56.260,4.87,6000
2020-10-15 09:43:56.260,4.87,1000
2020-10-15 09:43:58.070,4.87,200
2020-10-15 09:44:01.310,4.87,100
2020-10-15 09:44:01.920,4.87,2300
2020-10-15 09:44:02.360,4.87,6000
2020-10-15 09:44:02.360,4.87,24000
2020-10-15 09:44:02.500,4.87,10000
2020-10-15 09:44:02.660,4.869,2700
2020-10-15 09:44:04.610,4.87,200
2020-10-15 09:44:06.010,4.87,500
2020-10-15 09:44:06.390,4.87,100
2020-10-15 09:44:06.860,4.869,9000
2020-10-15 09:44:06.860,4.869,5000
2020-10-15 09:44:06.860,4.869,500
2020-10-15 09:44:06.860,4.869,50000
2020-10-15 09:44:06.860,4.869,2500
2020-10-15 09:44:06.860,4.869,1000
2020-10-15 09:44:06.860,4.869,2000
2020-10-15 09:44:06.860,4.869,500
2020-10-15 09:44:06.860,4.869,12100
2020-10-15 09:44:06.860,4.869,17400
2020-10-15 09:44:06.980,4.869,15000
2020-10-15 09:44:07.850,4.869,67600
2020-10-15 09:44:07.850,4.869,1000
2020-10-15 09:44:07.850,4.869,50000
2020-10-15 09:44:07.850,4.869,200
2020-10-15 09:44:07.850,4.869,3000
2020-10-15 09:44:07.850,4.869,600
2020-10-15 09:44:07.850,4.869,300
2020-10-15 09:44:07.850,4.869,1000
2020-10-15 09:44:07.850,4.868,3000
2020-10-15 09:44:07.850,4.868,5000
2020-10-15 09:44:07.850,4.868,2000
2020-10-15 09:44:07.850,4.868,200
2020-10-15 09:44:07.850,4.868,5300
2020-10-15 09:44:07.850,4.868,100000
2020-10-15 09:44:07.850,4.868,5000
2020-10-15 09:44:07.850,4.868,10000
2020-10-15 09:44:07.850,4.868,20000
2020-10-15 09:44:07.850,4.868,5000
2020-10-15 09:44:07.850,4.868,2000
2020-10-15 09:44:07.850,4.868,100
2020-10-15 09:44:07.850,4.868,10000
2020-10-15 09:44:07.850,4.868,200
2020-10-15 09:44:07.850,4.868,18500
2020-10-15 09:44:09.320,4.869,500
2020-10-15 09:44:09.320,4.869,300
2020-10-15 09:44:10.200,4.869,2700
2020-10-15 09:44:11.070,4.87,1000
2020-10-15 09:44:11.850,4.869,700
2020-10-15 09:44:14.940,4.869,96600
2020-10-15 09:44:14.940,4.869,3400
2020-10-15 09:44:15.050,4.869,1000
2020-10-15 09:44:15.330,4.869,15600
2020-10-15 09:44:15.330,4.868,11600
2020-10-15 09:44:15.330,4.868,9200
2020-10-15 09:44:15.330,4.868,5000
2020-10-15 09:44:15.330,4.868,10000
2020-10-15 09:44:15.330,4.868,50000
2020-10-15 09:44:15.330,4.868,2000
2020-10-15 09:44:15.330,4.868,10000
2020-10-15 09:44:15.330,4.868,1000
2020-10-15 09:44:15.330,4.868,30000
2020-10-15 09:44:15.330,4.868,5000
2020-10-15 09:44:15.330,4.868,100
2020-10-15 09:44:15.330,4.868,100
2020-10-15 09:44:15.330,4.868,1700
2020-10-15 09:44:15.330,4.868,100
2020-10-15 09:44:15.330,4.868,100000
2020-10-15 09:44:15.330,4.868,30000
2020-10-15 09:44:15.330,4.868,2000
2020-10-15 09:44:15.330,4.868,16600
2020-10-15 09:44:17.580,4.868,1400
2020-10-15 09:44:22.810,4.869,10000
2020-10-15 09:44:24.710,4.869,100
2020-10-15 09:44:24.930,4.869,500
2020-10-15 09:44:25.440,4.868,2000
2020-10-15 09:44:25.440,4.868,800
2020-10-15 09:44:25.440,4.868,7200
2020-10-15 09:44:26.290,4.869,100
2020-10-15 09:44:26.690,4.869,200
2020-10-15 09:44:28.820,4.87,300
2020-10-15 09:44:29.500,4.869,800
2020-10-15 09:44:29.980,4.87,500
2020-10-15 09:44:30.390,4.869,300
2020-10-15 09:44:32.220,4.87,5100
2020-10-15 09:44:33.270,4.869,1000
2020-10-15 09:44:33.670,4.869,23300
2020-10-15 09:44:37.690,4.869,100
2020-10-15 09:44:37.880,4.869,1200
2020-10-15 09:44:38.040,4.87,200
2020-10-15 09:44:38.300,4.87,21800
2020-10-15 09:44:38.300,4.87,100
2020-10-15 09:44:38.300,4.87,1000
2020-10-15 09:44:38.300,4.87,8200
2020-10-15 09:44:38.300,4.87,8900
2020-10-15 09:44:38.390,4.87,100000
2020-10-15 09:44:38.420,4.869,5000
2020-10-15 09:44:39.000,4.87,100
2020-10-15 09:44:39.620,4.87,100
2020-10-15 09:44:40.620,4.869,18100
2020-10-15 09:44:40.620,4.869,300
2020-10-15 09:44:40.620,4.869,10000
2020-10-15 09:44:40.620,4.869,30000
2020-10-15 09:44:40.620,4.869,30000
2020-10-15 09:44:40.620,4.869,7200
2020-10-15 09:44:41.220,4.869,7000
2020-10-15 09:44:41.220,4.869,3300
2020-10-15 09:44:41.220,4.87,4800
2020-10-15 09:44:41.220,4.87,2500
2020-10-15 09:44:41.220,4.87,2500
2020-10-15 09:44:41.220,4.87,2000
2020-10-15 09:44:41.220,4.87,2500
2020-10-15 09:44:42.350,4.87,5600
2020-10-15 09:44:44.260,4.871,20000
2020-10-15 09:44:44.640,4.87,700
2020-10-15 09:44:44.920,4.87,1600
2020-10-15 09:44:46.170,4.87,5700
2020-10-15 09:44:47.270,4.871,10000
2020-10-15 09:44:48.280,4.871,800
2020-10-15 09:44:49.110,4.87,11800
2020-10-15 09:44:49.110,4.87,10000
2020-10-15 09:44:49.110,4.87,100
2020-10-15 09:44:49.110,4.87,1500
2020-10-15 09:44:49.110,4.869,16600
2020-10-15 09:44:49.980,4.869,5200
2020-10-15 09:44:50.100,4.871,100
2020-10-15 09:44:57.340,4.87,300
2020-10-15 09:44:57.340,4.871,3100
2020-10-15 09:44:57.340,4.871,700
2020-10-15 09:44:57.340,4.871,400
2020-10-15 09:44:57.540,4.871,1500
2020-10-15 09:44:58.530,4.869,400
2020-10-15 09:45:00.680,4.87,200
2020-10-15 09:45:00.680,4.871,2300
2020-10-15 09:45:01.310,4.87,100
2020-10-15 09:45:02.970,4.869,9600
2020-10-15 09:45:02.970,4.869,10000
2020-10-15 09:45:02.970,4.869,500
2020-10-15 09:45:06.530,4.869,100
2020-10-15 09:45:08.010,4.869,10000
2020-10-15 09:45:08.890,4.868,4000
2020-10-15 09:45:08.890,4.868,10000
2020-10-15 09:45:08.890,4.868,500
2020-10-15 09:45:08.890,4.868,500
2020-10-15 09:45:08.890,4.868,500
2020-10-15 09:45:08.890,4.868,500
2020-10-15 09:45:08.890,4.868,5800
2020-10-15 09:45:08.890,4.868,7000
2020-10-15 09:45:08.890,4.868,1000
2020-10-15 09:45:08.890,4.868,1000
2020-10-15 09:45:08.890,4.868,50000
2020-10-15 09:45:08.890,4.868,5000
2020-10-15 09:45:08.890,4.868,2000
2020-10-15 09:45:08.890,4.868,500
2020-10-15 09:45:08.890,4.868,7200
2020-10-15 09:45:08.890,4.867,3500
2020-10-15 09:45:09.030,4.869,35700
2020-10-15 09:45:12.250,4.869,200
2020-10-15 09:45:12.930,4.869,400
2020-10-15 09:45:13.890,4.869,50000
2020-10-15 09:45:15.540,4.868,1000
2020-10-15 09:45:15.540,4.868,5000
2020-10-15 09:45:15.540,4.867,6500
2020-10-15 09:45:15.540,4.867,400
2020-10-15 09:45:16.880,4.869,2100
2020-10-15 09:45:17.230,4.867,600
2020-10-15 09:45:17.230,4.867,3500
2020-10-15 09:45:17.540,4.869,500
2020-10-15 09:45:17.720,4.869,200
2020-10-15 09:45:18.700,4.869,1000
2020-10-15 09:45:19.930,4.869,1000
2020-10-15 09:45:22.380,4.869,100
2020-10-15 09:45:22.700,4.869,165100
2020-10-15 09:45:24.450,4.869,15700
2020-10-15 09:45:25.690,4.869,10100
2020-10-15 09:45:25.690,4.869,11100
2020-10-15 09:45:26.140,4.869,20000
2020-10-15 09:45:26.730,4.869,10000
2020-10-15 09:45:28.180,4.869,22100
2020-10-15 09:45:28.590,4.869,500
2020-10-15 09:45:29.390,4.869,1000
2020-10-15 09:45:29.570,4.87,100
2020-10-15 09:45:29.630,4.869,500
2020-10-15 09:45:29.820,4.869,1600
2020-10-15 09:45:30.520,4.869,40500
2020-10-15 09:45:30.780,4.869,700
2020-10-15 09:45:30.780,4.869,5000
2020-10-15 09:45:30.780,4.869,3700
2020-10-15 09:45:31.350,4.87,200
2020-10-15 09:45:32.970,4.869,100
2020-10-15 09:45:32.970,4.869,100
2020-10-15 09:45:35.740,4.869,100
2020-10-15 09:45:37.630,4.868,10000
2020-10-15 09:45:39.380,4.869,49700
2020-10-15 09:45:39.380,4.869,300
2020-10-15 09:45:39.550,4.868,1000
2020-10-15 09:45:40.270,4.868,2000
2020-10-15 09:45:40.270,4.868,2000
2020-10-15 09:45:40.910,4.868,100
2020-10-15 09:45:41.320,4.868,1000
2020-10-15 09:45:41.490,4.868,4900
2020-10-15 09:45:43.240,4.869,100
2020-10-15 09:45:43.770,4.869,500
2020-10-15 09:45:46.890,4.869,1200
2020-10-15 09:45:49.110,4.868,10000
2020-10-15 09:45:51.000,4.868,10000
2020-10-15 09:45:51.980,4.869,1500
2020-10-15 09:45:53.150,4.868,500
2020-10-15 09:45:54.590,4.868,300
2020-10-15 09:45:55.320,4.869,200
2020-10-15 09:45:55.510,4.868,24300
2020-10-15 09:45:55.510,4.868,1000
2020-10-15 09:45:55.510,4.868,6900
2020-10-15 09:45:55.960,4.868,8200
2020-10-15 09:45:58.180,4.867,20000
2020-10-15 09:45:58.540,4.868,100
2020-10-15 09:45:59.040,4.868,200
2020-10-15 09:45:59.640,4.868,8800
2020-10-15 09:46:00.290,4.868,3900
2020-10-15 09:46:00.290,4.868,1000
2020-10-15 09:46:00.340,4.869,6200
2020-10-15 09:46:00.340,4.869,300
2020-10-15 09:46:00.340,4.869,400
2020-10-15 09:46:00.340,4.869,200
2020-10-15 09:46:00.340,4.869,2500
2020-10-15 09:46:00.340,4.869,800
2020-10-15 09:46:02.610,4.869,300
2020-10-15 09:46:04.920,4.869,39300
2020-10-15 09:46:04.920,4.869,1500
2020-10-15 09:46:07.240,4.869,200
2020-10-15 09:46:07.310,4.868,800
2020-10-15 09:46:08.160,4.868,4300
2020-10-15 09:46:08.160,4.868,5000
2020-10-15 09:46:08.160,4.868,10000
2020-10-15 09:46:08.160,4.868,500
2020-10-15 09:46:08.160,4.868,100
2020-10-15 09:46:08.160,4.868,50000
2020-10-15 09:46:08.160,4.868,2000
2020-10-15 09:46:08.160,4.867,23500
2020-10-15 09:46:10.860,4.868,10000
2020-10-15 09:46:11.680,4.868,200
2020-10-15 09:46:11.680,4.868,400
2020-10-15 09:46:11.870,4.868,2500
2020-10-15 09:46:12.200,4.869,1400
2020-10-15 09:46:14.800,4.868,2100
2020-10-15 09:46:14.800,4.868,100
2020-10-15 09:46:14.800,4.868,100
2020-10-15 09:46:14.800,4.868,2000
2020-10-15 09:46:14.800,4.867,3000
2020-10-15 09:46:14.800,4.867,100
2020-10-15 09:46:14.800,4.867,100
2020-10-15 09:46:14.800,4.867,1000
2020-10-15 09:46:14.800,4.867,1000
2020-10-15 09:46:14.800,4.867,4900
2020-10-15 09:46:14.800,4.867,100
2020-10-15 09:46:14.800,4.867,2000
2020-10-15 09:46:14.800,4.867,2000
2020-10-15 09:46:14.800,4.867,5000
2020-10-15 09:46:14.800,4.867,11800
2020-10-15 09:46:17.600,4.868,100
2020-10-15 09:46:17.600,4.868,200
2020-10-15 09:46:17.600,4.867,5800
2020-10-15 09:46:18.110,4.867,15000
2020-10-15 09:46:19.810,4.867,3000
2020-10-15 09:46:21.330,4.867,6800
2020-10-15 09:46:21.330,4.867,800
2020-10-15 09:46:22.230,4.867,200
2020-10-15 09:46:23.360,4.869,2000
2020-10-15 09:46:23.360,4.869,9200
2020-10-15 09:46:23.360,4.869,6000
2020-10-15 09:46:23.360,4.87,277800
2020-10-15 09:46:29.640,4.869,100
2020-10-15 09:46:29.640,4.869,200
2020-10-15 09:46:29.640,4.869,2000
2020-10-15 09:46:29.640,4.868,4700
2020-10-15 09:46:29.670,4.868,100
2020-10-15 09:46:30.730,4.868,300
2020-10-15 09:46:34.510,4.869,100
2020-10-15 09:46:34.830,4.87,100
2020-10-15 09:46:36.190,4.868,1000
2020-10-15 09:46:36.470,4.868,3500
2020-10-15 09:46:37.040,4.868,20400
2020-10-15 09:46:37.040,4.868,100
2020-10-15 09:46:37.040,4.868,3000
2020-10-15 09:46:37.510,4.868,2000
2020-10-15 09:46:38.420,4.868,10000
2020-10-15 09:46:38.420,4.868,50000
2020-10-15 09:46:39.090,4.868,6000
2020-10-15 09:46:40.900,4.868,2000
2020-10-15 09:46:41.390,4.868,9500
2020-10-15 09:46:41.390,4.868,1600
2020-10-15 09:46:41.390,4.868,58900
2020-10-15 09:46:41.530,4.868,20400
2020-10-15 09:46:42.210,4.868,500
2020-10-15 09:46:43.060,4.868,200
2020-10-15 09:46:43.060,4.868,100
2020-10-15 09:46:43.840,4.87,200
2020-10-15 09:46:44.420,4.87,21000
2020-10-15 09:46:45.090,4.868,6000
2020-10-15 09:46:46.190,4.868,7200
2020-10-15 09:46:48.530,4.868,1500
2020-10-15 09:46:49.950,4.868,10000
2020-10-15 09:46:51.240,4.869,100
2020-10-15 09:46:52.680,4.868,2000
2020-10-15 09:46:52.710,4.869,500
2020-10-15 09:46:54.350,4.869,200
2020-10-15 09:46:57.020,4.868,1600
2020-10-15 09:46:57.190,4.868,21400
2020-10-15 09:46:57.190,4.868,50000
2020-10-15 09:46:57.190,4.868,5000
2020-10-15 09:46:57.190,4.868,37300
2020-10-15 09:46:57.190,4.868,3000
2020-10-15 09:46:57.190,4.868,22100
2020-10-15 09:46:57.190,4.868,10000
2020-10-15 09:46:57.190,4.868,40000
2020-10-15 09:46:57.190,4.868,1000
2020-10-15 09:46:57.190,4.868,100
2020-10-15 09:46:57.190,4.868,1000
2020-10-15 09:46:57.190,4.867,4000
2020-10-15 09:46:57.190,4.867,200
2020-10-15 09:46:57.190,4.867,10000
2020-10-15 09:46:57.190,4.867,3500
2020-10-15 09:46:57.190,4.867,10000
2020-10-15 09:46:57.190,4.867,500
2020-10-15 09:46:57.190,4.867,2300
2020-10-15 09:46:57.190,4.867,2400
2020-10-15 09:46:57.190,4.867,7100
2020-10-15 09:46:57.190,4.867,1000
2020-10-15 09:46:57.190,4.867,900
2020-10-15 09:46:57.190,4.867,20000
2020-10-15 09:46:57.190,4.867,5900
2020-10-15 09:46:57.190,4.867,5000
2020-10-15 09:46:57.190,4.867,300
2020-10-15 09:46:57.190,4.867,1100
2020-10-15 09:46:57.190,4.867,34900
2020-10-15 09:46:58.060,4.867,15100
2020-10-15 09:46:58.060,4.867,20000
2020-10-15 09:46:58.060,4.867,1000
2020-10-15 09:46:58.060,4.867,5000
2020-10-15 09:46:58.060,4.867,1600
2020-10-15 09:46:58.060,4.867,7300
2020-10-15 09:46:58.060,4.867,200
2020-10-15 09:46:58.060,4.867,5000
2020-10-15 09:46:58.060,4.867,200
2020-10-15 09:46:58.060,4.867,200
2020-10-15 09:46:58.060,4.867,100
2020-10-15 09:46:58.060,4.867,10000
2020-10-15 09:46:58.060,4.867,1700
2020-10-15 09:46:58.060,4.867,500
2020-10-15 09:46:58.230,4.867,3000
2020-10-15 09:46:58.570,4.866,3200
2020-10-15 09:46:58.570,4.866,7000
2020-10-15 09:46:58.570,4.866,500
2020-10-15 09:46:58.570,4.866,200
2020-10-15 09:46:58.570,4.866,4000
2020-10-15 09:46:58.570,4.866,10000
2020-10-15 09:46:58.570,4.866,5000
2020-10-15 09:46:58.570,4.866,100
2020-10-15 09:46:58.570,4.866,1000
2020-10-15 09:46:58.570,4.866,5000
2020-10-15 09:46:58.570,4.866,100
2020-10-15 09:46:58.570,4.866,79200
2020-10-15 09:46:58.570,4.866,1000
2020-10-15 09:46:58.570,4.866,500
2020-10-15 09:46:58.570,4.866,100
2020-10-15 09:46:58.570,4.866,100
2020-10-15 09:46:58.570,4.866,1000
2020-10-15 09:46:58.570,4.866,300
2020-10-15 09:46:58.570,4.866,200
2020-10-15 09:46:58.570,4.866,1000
2020-10-15 09:46:58.570,4.866,200
2020-10-15 09:46:58.570,4.866,100
2020-10-15 09:46:58.570,4.866,200
2020-10-15 09:46:58.570,4.866,2000
2020-10-15 09:46:58.570,4.866,100
2020-10-15 09:46:58.570,4.866,2000
2020-10-15 09:46:58.570,4.866,100
2020-10-15 09:46:58.570,4.866,7300
2020-10-15 09:46:58.570,4.866,300
2020-10-15 09:46:58.570,4.866,3000
2020-10-15 09:46:58.570,4.866,4000
2020-10-15 09:46:58.570,4.866,7500
2020-10-15 09:46:58.570,4.866,7600
2020-10-15 09:46:58.570,4.866,200
2020-10-15 09:46:58.570,4.866,100000
2020-10-15 09:46:58.570,4.866,400
2020-10-15 09:46:58.570,4.866,200
2020-10-15 09:46:58.570,4.866,1000
2020-10-15 09:46:58.570,4.866,500
2020-10-15 09:46:58.600,4.866,3000
2020-10-15 09:46:58.630,4.866,100
2020-10-15 09:46:59.050,4.866,100
2020-10-15 09:47:00.870,4.866,1000
2020-10-15 09:47:01.610,4.866,500
2020-10-15 09:47:04.340,4.866,100
2020-10-15 09:47:05.410,4.866,4200
2020-10-15 09:47:05.610,4.866,100
2020-10-15 09:47:07.270,4.866,500
2020-10-15 09:47:07.320,4.865,1900
2020-10-15 09:47:07.640,4.865,3100
2020-10-15 09:47:07.640,4.865,2300
2020-10-15 09:47:07.640,4.865,1000
2020-10-15 09:47:07.640,4.865,8400
2020-10-15 09:47:07.950,4.866,1000
2020-10-15 09:47:09.080,4.865,1600
2020-10-15 09:47:09.080,4.865,5000
2020-10-15 09:47:09.080,4.865,10000
2020-10-15 09:47:09.080,4.865,500
2020-10-15 09:47:09.080,4.865,1000
2020-10-15 09:47:09.080,4.865,700
2020-10-15 09:47:09.080,4.865,3000
2020-10-15 09:47:09.080,4.865,3000
2020-10-15 09:47:09.080,4.865,1600
2020-10-15 09:47:09.080,4.865,6800
2020-10-15 09:47:09.270,4.865,3200
2020-10-15 09:47:13.130,4.866,12800
2020-10-15 09:47:13.460,4.867,1100
2020-10-15 09:47:13.770,4.867,7000
2020-10-15 09:47:13.830,4.867,1000
2020-10-15 09:47:13.890,4.867,1000
2020-10-15 09:47:14.010,4.866,5000
2020-10-15 09:47:16.550,4.866,2200
2020-10-15 09:47:16.550,4.866,500
2020-10-15 09:47:16.550,4.866,400
2020-10-15 09:47:18.150,4.867,14700
2020-10-15 09:47:18.240,4.867,200
2020-10-15 09:47:19.110,4.866,19600
2020-10-15 09:47:19.110,4.866,300
2020-10-15 09:47:19.110,4.866,20000
2020-10-15 09:47:19.110,4.866,5000
2020-10-15 09:47:19.110,4.866,58200
2020-10-15 09:47:19.110,4.866,100
2020-10-15 09:47:19.890,4.866,100
2020-10-15 09:47:19.920,4.865,800
2020-10-15 09:47:20.370,4.866,80000
2020-10-15 09:47:20.430,4.866,10000
2020-10-15 09:47:21.300,4.866,10000
2020-10-15 09:47:21.850,4.866,100
2020-10-15 09:47:22.250,4.866,700
2020-10-15 09:47:22.250,4.866,200
2020-10-15 09:47:22.250,4.866,200
2020-10-15 09:47:22.250,4.866,1900
2020-10-15 09:47:22.880,4.867,5000
2020-10-15 09:47:23.820,4.867,20000
2020-10-15 09:47:23.820,4.867,50000
2020-10-15 09:47:23.820,4.867,40000
2020-10-15 09:47:26.330,4.867,600
2020-10-15 09:47:26.330,4.866,6300
2020-10-15 09:47:26.550,4.868,100
2020-10-15 09:47:27.410,4.866,700
2020-10-15 09:47:27.410,4.866,1800
2020-10-15 09:47:30.050,4.867,100
2020-10-15 09:47:33.000,4.867,400
2020-10-15 09:47:33.030,4.867,1600
2020-10-15 09:47:33.560,4.867,100
2020-10-15 09:47:33.610,4.867,200
2020-10-15 09:47:33.840,4.866,3300
2020-10-15 09:47:33.840,4.866,200
2020-10-15 09:47:33.840,4.866,7500
2020-10-15 09:47:33.840,4.866,1000
2020-10-15 09:47:33.840,4.866,10000
2020-10-15 09:47:33.840,4.866,3100
2020-10-15 09:47:33.840,4.866,300
2020-10-15 09:47:33.840,4.866,2000
2020-10-15 09:47:33.840,4.866,2000
2020-10-15 09:47:33.840,4.866,10600
2020-10-15 09:47:34.770,4.867,2500
2020-10-15 09:47:36.270,4.866,19400
2020-10-15 09:47:36.270,4.866,27200
2020-10-15 09:47:36.740,4.867,3900
2020-10-15 09:47:38.350,4.867,200
2020-10-15 09:47:38.780,4.868,5000
2020-10-15 09:47:38.780,4.868,200
2020-10-15 09:47:38.780,4.868,1000
2020-10-15 09:47:38.780,4.868,13800
2020-10-15 09:47:39.800,4.867,1000
2020-10-15 09:47:40.610,4.868,100
2020-10-15 09:47:44.680,4.868,5100
2020-10-15 09:47:45.270,4.868,2000
2020-10-15 09:47:45.940,4.867,200
2020-10-15 09:47:46.890,4.868,35200
2020-10-15 09:47:48.550,4.869,200
2020-10-15 09:47:48.550,4.87,500
2020-10-15 09:47:48.550,4.87,4300
2020-10-15 09:47:50.970,4.868,200
2020-10-15 09:47:50.970,4.868,800
2020-10-15 09:47:55.550,4.868,200
2020-10-15 09:47:55.840,4.868,10000
2020-10-15 09:47:55.860,4.867,4700
2020-10-15 09:47:55.860,4.867,100
2020-10-15 09:47:55.860,4.867,10000
2020-10-15 09:47:55.860,4.867,200
2020-10-15 09:47:55.860,4.867,1000
2020-10-15 09:47:55.860,4.867,10000
2020-10-15 09:47:55.860,4.867,200
2020-10-15 09:47:55.860,4.867,173800
2020-10-15 09:47:56.640,4.868,290000
2020-10-15 09:47:58.790,4.868,2000
2020-10-15 09:48:00.740,4.869,2000
2020-10-15 09:48:01.860,4.869,3000
2020-10-15 09:48:01.860,4.869,100
2020-10-15 09:48:02.370,4.868,1000
2020-10-15 09:48:02.370,4.868,5000
2020-10-15 09:48:02.950,4.869,100
2020-10-15 09:48:04.540,4.869,300
2020-10-15 09:48:05.330,4.869,20000
2020-10-15 09:48:05.620,4.869,100
2020-10-15 09:48:05.980,4.868,100
2020-10-15 09:48:06.150,4.868,2000
2020-10-15 09:48:06.570,4.869,100
2020-10-15 09:48:07.400,4.868,400
2020-10-15 09:48:08.070,4.868,32500
2020-10-15 09:48:08.070,4.868,7200
2020-10-15 09:48:08.070,4.868,10000
2020-10-15 09:48:08.070,4.868,300
2020-10-15 09:48:10.540,4.869,1000
2020-10-15 09:48:11.810,4.868,2100
2020-10-15 09:48:12.010,4.868,200
2020-10-15 09:48:12.420,4.869,13000
2020-10-15 09:48:15.470,4.868,100
2020-10-15 09:48:16.930,4.868,2400
2020-10-15 09:48:17.960,4.868,200
2020-10-15 09:48:18.250,4.868,1000
2020-10-15 09:48:20.340,4.869,500
2020-10-15 09:48:21.710,4.868,3700
2020-10-15 09:48:21.710,4.868,100
2020-10-15 09:48:21.710,4.868,200
2020-10-15 09:48:21.710,4.868,10000
2020-10-15 09:48:21.850,4.868,3000
2020-10-15 09:48:23.120,4.868,2800
2020-10-15 09:48:24.940,4.868,200
2020-10-15 09:48:26.400,4.868,500
2020-10-15 09:48:26.400,4.868,4000
2020-10-15 09:48:27.170,4.868,300
2020-10-15 09:48:27.170,4.868,1800
2020-10-15 09:48:27.690,4.868,1800
2020-10-15 09:48:28.120,4.868,1800
2020-10-15 09:48:28.320,4.868,300
2020-10-15 09:48:28.510,4.868,1800
2020-10-15 09:48:28.890,4.868,700
2020-10-15 09:48:28.890,4.868,1100
2020-10-15 09:48:29.000,4.868,3000
2020-10-15 09:48:29.360,4.868,3000
