Datetime,Price,Volume
2020-08-25 09:25:00.730,3.357,23700
2020-08-25 09:25:00.730,3.357,26300
2020-08-25 09:25:00.730,3.357,4300
2020-08-25 09:25:00.730,3.357,1400
2020-08-25 09:25:00.730,3.357,500
2020-08-25 09:25:00.730,3.357,100
2020-08-25 09:25:00.730,3.357,100
2020-08-25 09:25:00.730,3.357,11200
2020-08-25 09:25:00.730,3.357,20100
2020-08-25 09:25:00.730,3.357,8000
2020-08-25 09:25:00.730,3.357,100
2020-08-25 09:25:00.730,3.357,3000
2020-08-25 09:25:00.730,3.357,3700
2020-08-25 09:25:00.730,3.357,5200
2020-08-25 09:25:00.730,3.357,100
2020-08-25 09:25:00.730,3.357,100
2020-08-25 09:25:00.730,3.357,2800
2020-08-25 09:25:00.730,3.357,20100
2020-08-25 09:25:00.730,3.357,20200
2020-08-25 09:25:00.730,3.357,100
2020-08-25 09:25:00.730,3.357,800
2020-08-25 09:25:00.730,3.357,31000
2020-08-25 09:25:00.730,3.357,14900
2020-08-25 09:25:00.730,3.357,2400
2020-08-25 09:25:00.730,3.357,10900
2020-08-25 09:25:00.730,3.357,16700
2020-08-25 09:25:00.730,3.357,100
2020-08-25 09:25:00.730,3.357,2300
2020-08-25 09:25:00.730,3.357,4600
2020-08-25 09:25:00.730,3.357,2000
2020-08-25 09:25:00.730,3.357,15000
2020-08-25 09:25:00.730,3.357,50000
2020-08-25 09:25:00.730,3.357,12000
2020-08-25 09:25:00.730,3.357,1300
2020-08-25 09:25:00.730,3.357,1000
2020-08-25 09:25:00.730,3.357,16500
2020-08-25 09:25:00.730,3.357,15300
2020-08-25 09:25:00.730,3.357,34700
2020-08-25 09:25:00.730,3.357,1600
2020-08-25 09:25:00.730,3.357,600
2020-08-25 09:25:00.730,3.357,1500
2020-08-25 09:25:00.730,3.357,1000
2020-08-25 09:25:00.730,3.357,15000
2020-08-25 09:25:00.730,3.357,5000
2020-08-25 09:25:00.730,3.357,100
2020-08-25 09:25:00.730,3.357,3100
2020-08-25 09:25:00.730,3.357,200
2020-08-25 09:25:00.730,3.357,9000
2020-08-25 09:25:00.730,3.357,4000
2020-08-25 09:25:00.730,3.357,100
2020-08-25 09:25:00.730,3.357,3100
2020-08-25 09:25:00.730,3.357,220000
2020-08-25 09:25:00.730,3.357,230000
2020-08-25 09:25:00.730,3.357,3200
2020-08-25 09:25:00.730,3.357,100
2020-08-25 09:25:00.730,3.357,7000
2020-08-25 09:25:00.730,3.357,6200
2020-08-25 09:25:00.730,3.357,13000
2020-08-25 09:25:00.730,3.357,100
2020-08-25 09:25:00.730,3.357,2000
2020-08-25 09:25:00.730,3.357,100
2020-08-25 09:25:00.730,3.357,200
2020-08-25 09:25:00.730,3.357,300
2020-08-25 09:25:00.730,3.357,300
2020-08-25 09:25:00.730,3.357,600
2020-08-25 09:25:00.730,3.357,100
2020-08-25 09:25:00.730,3.357,300
2020-08-25 09:25:00.730,3.357,30000
2020-08-25 09:25:00.730,3.357,100
2020-08-25 09:25:00.730,3.357,500
2020-08-25 09:25:00.730,3.357,800
2020-08-25 09:25:00.730,3.357,6100
2020-08-25 09:25:00.730,3.357,73900
2020-08-25 09:25:00.730,3.357,100
2020-08-25 09:25:00.730,3.357,63800
2020-08-25 09:25:00.730,3.357,10000
2020-08-25 09:25:00.730,3.357,30500
2020-08-25 09:25:00.730,3.357,5000
2020-08-25 09:25:00.730,3.357,100
2020-08-25 09:25:00.730,3.357,100
2020-08-25 09:25:00.730,3.357,136400
2020-08-25 09:25:00.730,3.357,13100
2020-08-25 09:25:00.730,3.357,300
2020-08-25 09:25:00.730,3.357,400
2020-08-25 09:25:00.730,3.357,10000
2020-08-25 09:25:00.730,3.357,100
2020-08-25 09:25:00.730,3.357,200
2020-08-25 09:25:00.730,3.357,111700
2020-08-25 09:25:00.730,3.357,500
2020-08-25 09:25:00.730,3.357,2300
2020-08-25 09:25:00.730,3.357,1700
2020-08-25 09:25:00.730,3.357,200
2020-08-25 09:25:00.730,3.357,1800
2020-08-25 09:25:00.730,3.357,2000
2020-08-25 09:25:00.730,3.357,100
2020-08-25 09:25:00.730,3.357,1000
2020-08-25 09:25:00.730,3.357,500
2020-08-25 09:25:00.730,3.357,200
2020-08-25 09:25:00.730,3.357,1000
2020-08-25 09:25:00.730,3.357,1000
2020-08-25 09:25:00.730,3.357,6000
2020-08-25 09:25:00.730,3.357,100
2020-08-25 09:25:00.730,3.357,1000
2020-08-25 09:25:00.730,3.357,8400
2020-08-25 09:25:00.730,3.357,400
2020-08-25 09:25:00.730,3.357,3000
2020-08-25 09:25:00.730,3.357,100
2020-08-25 09:25:00.730,3.357,1000
2020-08-25 09:25:00.730,3.357,10000
2020-08-25 09:25:00.730,3.357,200
2020-08-25 09:25:00.730,3.357,500
2020-08-25 09:25:00.730,3.357,6000
2020-08-25 09:25:00.730,3.357,278800
2020-08-25 09:25:00.730,3.357,21300
2020-08-25 09:25:00.730,3.357,200
2020-08-25 09:25:00.730,3.357,100
2020-08-25 09:25:00.730,3.357,1000
2020-08-25 09:25:00.730,3.357,100
2020-08-25 09:25:00.730,3.357,200
2020-08-25 09:25:00.730,3.357,100
2020-08-25 09:25:00.730,3.357,1000
2020-08-25 09:25:00.730,3.357,6000
2020-08-25 09:25:00.730,3.357,6000
2020-08-25 09:25:00.730,3.357,4000
2020-08-25 09:25:00.730,3.357,2800
2020-08-25 09:25:00.730,3.357,100
2020-08-25 09:25:00.730,3.357,7100
2020-08-25 09:25:00.730,3.357,700
2020-08-25 09:25:00.730,3.357,1000
2020-08-25 09:25:00.730,3.357,5000
2020-08-25 09:25:00.730,3.357,10000
2020-08-25 09:25:00.730,3.357,6000
2020-08-25 09:30:00.110,3.358,100
2020-08-25 09:30:00.110,3.358,1000
2020-08-25 09:30:00.110,3.358,500
2020-08-25 09:30:00.110,3.358,6000
2020-08-25 09:30:00.110,3.358,300
2020-08-25 09:30:00.110,3.358,1000
2020-08-25 09:30:00.110,3.358,6000
2020-08-25 09:30:00.110,3.358,7700
2020-08-25 09:30:00.110,3.359,100
2020-08-25 09:30:00.110,3.359,1000
2020-08-25 09:30:00.110,3.359,10000
2020-08-25 09:30:00.110,3.359,6000
2020-08-25 09:30:00.110,3.359,1200
2020-08-25 09:30:00.110,3.36,2000
2020-08-25 09:30:00.110,3.36,200
2020-08-25 09:30:00.110,3.36,100
2020-08-25 09:30:00.110,3.36,1000
2020-08-25 09:30:00.110,3.36,2300
2020-08-25 09:30:00.110,3.36,3100
2020-08-25 09:30:00.110,3.36,10000
2020-08-25 09:30:00.110,3.36,2000
2020-08-25 09:30:00.110,3.36,2000
2020-08-25 09:30:00.110,3.36,3500
2020-08-25 09:30:00.110,3.36,6000
2020-08-25 09:30:00.110,3.36,15000
2020-08-25 09:30:00.110,3.36,3000
2020-08-25 09:30:00.110,3.36,6000
2020-08-25 09:30:00.110,3.361,100
2020-08-25 09:30:00.110,3.361,1000
2020-08-25 09:30:00.110,3.361,100
2020-08-25 09:30:00.110,3.361,200
2020-08-25 09:30:00.110,3.361,500
2020-08-25 09:30:00.110,3.361,700
2020-08-25 09:30:00.110,3.361,6000
2020-08-25 09:30:00.110,3.361,500
2020-08-25 09:30:00.110,3.362,100
2020-08-25 09:30:00.110,3.362,1000
2020-08-25 09:30:00.110,3.362,6000
2020-08-25 09:30:00.110,3.362,49500
2020-08-25 09:30:00.110,3.362,10000
2020-08-25 09:30:00.110,3.362,6000
2020-08-25 09:30:00.110,3.363,10000
2020-08-25 09:30:00.110,3.363,3000
2020-08-25 09:30:00.110,3.363,100
2020-08-25 09:30:00.110,3.363,1000
2020-08-25 09:30:00.110,3.363,1200
2020-08-25 09:30:00.110,3.363,6000
2020-08-25 09:30:00.370,3.363,20000
2020-08-25 09:30:00.370,3.363,10000
2020-08-25 09:30:00.370,3.363,10000
2020-08-25 09:30:00.420,3.363,2000
2020-08-25 09:30:00.460,3.363,100
2020-08-25 09:30:00.460,3.363,2700
2020-08-25 09:30:00.560,3.363,3000
2020-08-25 09:30:00.610,3.363,195900
2020-08-25 09:30:00.610,3.363,100
2020-08-25 09:30:00.610,3.363,200
2020-08-25 09:30:00.710,3.363,2000
2020-08-25 09:30:00.800,3.363,5000
2020-08-25 09:30:00.800,3.363,10000
2020-08-25 09:30:00.800,3.363,1600
2020-08-25 09:30:00.800,3.363,79300
2020-08-25 09:30:00.800,3.364,200
2020-08-25 09:30:00.800,3.364,100
2020-08-25 09:30:00.800,3.364,1000
2020-08-25 09:30:00.800,3.364,3700
2020-08-25 09:30:00.890,3.363,100
2020-08-25 09:30:00.940,3.363,100
2020-08-25 09:30:00.980,3.363,10000
2020-08-25 09:30:01.030,3.36,2000
2020-08-25 09:30:01.150,3.36,200
2020-08-25 09:30:01.150,3.36,3800
2020-08-25 09:30:01.150,3.359,8500
2020-08-25 09:30:01.250,3.359,300
2020-08-25 09:30:01.290,3.359,5000
2020-08-25 09:30:01.290,3.359,800
2020-08-25 09:30:01.370,3.359,2000
2020-08-25 09:30:01.370,3.361,100
2020-08-25 09:30:01.370,3.359,3700
2020-08-25 09:30:01.370,3.361,12100
2020-08-25 09:30:01.370,3.361,3000
2020-08-25 09:30:01.370,3.362,200
2020-08-25 09:30:01.480,3.363,100
2020-08-25 09:30:01.480,3.363,800
2020-08-25 09:30:01.480,3.363,13800
2020-08-25 09:30:01.480,3.359,25000
2020-08-25 09:30:01.480,3.358,100
2020-08-25 09:30:01.480,3.358,1600
2020-08-25 09:30:01.730,3.359,1000
2020-08-25 09:30:01.800,3.359,3000
2020-08-25 09:30:01.800,3.359,17800
2020-08-25 09:30:01.880,3.359,4300
2020-08-25 09:30:01.880,3.359,6000
2020-08-25 09:30:01.880,3.358,19700
2020-08-25 09:30:01.880,3.358,1500
2020-08-25 09:30:01.880,3.358,6000
2020-08-25 09:30:02.200,3.358,6400
2020-08-25 09:30:02.280,3.359,10000
2020-08-25 09:30:02.330,3.358,2600
2020-08-25 09:30:02.450,3.359,1000
2020-08-25 09:30:02.520,3.358,5000
2020-08-25 09:30:02.570,3.359,9000
2020-08-25 09:30:02.570,3.359,5000
2020-08-25 09:30:02.570,3.36,500
2020-08-25 09:30:02.570,3.358,100
2020-08-25 09:30:02.720,3.359,5000
2020-08-25 09:30:02.720,3.359,1500
2020-08-25 09:30:02.720,3.36,900
2020-08-25 09:30:02.720,3.36,10000
2020-08-25 09:30:02.720,3.36,10000
2020-08-25 09:30:02.720,3.361,28000
2020-08-25 09:30:02.720,3.361,10200
2020-08-25 09:30:02.720,3.361,5000
2020-08-25 09:30:02.720,3.361,3100
2020-08-25 09:30:02.720,3.361,600
2020-08-25 09:30:02.850,3.361,5000
2020-08-25 09:30:02.850,3.361,2200
2020-08-25 09:30:02.850,3.361,3000
2020-08-25 09:30:02.990,3.361,20000
2020-08-25 09:30:03.240,3.361,70000
2020-08-25 09:30:03.240,3.361,4000
2020-08-25 09:30:03.240,3.361,700
2020-08-25 09:30:03.340,3.36,5000
2020-08-25 09:30:03.340,3.36,1700
2020-08-25 09:30:03.440,3.36,15000
2020-08-25 09:30:03.830,3.36,1000
2020-08-25 09:30:03.890,3.36,15000
2020-08-25 09:30:04.000,3.36,100
2020-08-25 09:30:04.000,3.36,9500
2020-08-25 09:30:04.090,3.36,1900
2020-08-25 09:30:04.220,3.36,5200
2020-08-25 09:30:04.370,3.36,103500
2020-08-25 09:30:04.530,3.36,3000
2020-08-25 09:30:04.530,3.361,25000
2020-08-25 09:30:04.530,3.36,13600
2020-08-25 09:30:04.650,3.36,3500
2020-08-25 09:30:04.710,3.36,22000
2020-08-25 09:30:04.710,3.36,8000
2020-08-25 09:30:04.800,3.36,7000
2020-08-25 09:30:04.800,3.36,9000
2020-08-25 09:30:05.010,3.36,1000
2020-08-25 09:30:05.010,3.36,1500
2020-08-25 09:30:05.010,3.36,3000
2020-08-25 09:30:05.010,3.36,500
2020-08-25 09:30:05.050,3.36,1300
2020-08-25 09:30:05.050,3.359,18700
2020-08-25 09:30:05.050,3.359,2400
2020-08-25 09:30:05.050,3.359,7600
2020-08-25 09:30:05.140,3.359,12300
2020-08-25 09:30:05.140,3.359,2000
2020-08-25 09:30:05.280,3.359,8100
2020-08-25 09:30:05.280,3.359,1900
2020-08-25 09:30:05.360,3.359,600
2020-08-25 09:30:05.360,3.359,2500
2020-08-25 09:30:05.360,3.358,3000
2020-08-25 09:30:05.360,3.358,5000
2020-08-25 09:30:05.360,3.358,12000
2020-08-25 09:30:05.360,3.358,9100
2020-08-25 09:30:05.360,3.358,10000
2020-08-25 09:30:05.360,3.358,7300
2020-08-25 09:30:05.360,3.358,5900
2020-08-25 09:30:05.360,3.358,500
2020-08-25 09:30:05.360,3.358,2000
2020-08-25 09:30:05.360,3.358,2700
2020-08-25 09:30:05.670,3.358,100
2020-08-25 09:30:05.820,3.358,2200
2020-08-25 09:30:05.820,3.358,2300
2020-08-25 09:30:05.820,3.358,200
2020-08-25 09:30:05.860,3.358,1000
2020-08-25 09:30:05.860,3.358,3300
2020-08-25 09:30:06.150,3.359,10000
2020-08-25 09:30:06.150,3.359,1300
2020-08-25 09:30:06.270,3.36,15000
2020-08-25 09:30:06.330,3.36,3500
2020-08-25 09:30:06.400,3.36,5000
2020-08-25 09:30:06.400,3.361,3000
2020-08-25 09:30:06.710,3.36,400
2020-08-25 09:30:06.940,3.36,2000
2020-08-25 09:30:07.060,3.361,1800
2020-08-25 09:30:07.090,3.361,500
2020-08-25 09:30:07.090,3.36,21000
2020-08-25 09:30:07.170,3.36,17300
2020-08-25 09:30:07.170,3.36,6000
2020-08-25 09:30:07.170,3.36,6900
2020-08-25 09:30:07.170,3.359,1000
2020-08-25 09:30:07.170,3.359,1000
2020-08-25 09:30:07.170,3.358,3200
2020-08-25 09:30:07.170,3.358,3000
2020-08-25 09:30:07.170,3.358,18000
2020-08-25 09:30:07.170,3.358,1500
2020-08-25 09:30:07.170,3.358,83100
2020-08-25 09:30:07.380,3.358,100
2020-08-25 09:30:07.500,3.358,27400
2020-08-25 09:30:07.830,3.359,100
2020-08-25 09:30:07.830,3.361,32100
2020-08-25 09:30:07.830,3.361,3500
2020-08-25 09:30:07.830,3.361,21000
2020-08-25 09:30:07.830,3.361,4100
2020-08-25 09:30:07.830,3.361,10000
2020-08-25 09:30:07.830,3.361,900
2020-08-25 09:30:07.830,3.361,3700
2020-08-25 09:30:08.180,3.361,17100
2020-08-25 09:30:08.180,3.361,2400
2020-08-25 09:30:08.360,3.36,200
2020-08-25 09:30:08.360,3.359,1500
2020-08-25 09:30:08.570,3.359,500
2020-08-25 09:30:08.630,3.359,3400
2020-08-25 09:30:09.400,3.359,2900
2020-08-25 09:30:09.610,3.361,120800
2020-08-25 09:30:10.350,3.36,200
2020-08-25 09:30:12.870,3.359,600
2020-08-25 09:30:12.870,3.359,2400
2020-08-25 09:30:13.330,3.36,200
2020-08-25 09:30:14.060,3.359,25700
2020-08-25 09:30:15.820,3.36,100
2020-08-25 09:30:16.970,3.36,10000
2020-08-25 09:30:17.810,3.359,100
2020-08-25 09:30:17.940,3.359,99700
2020-08-25 09:30:17.940,3.358,189400
2020-08-25 09:30:17.940,3.358,7000
2020-08-25 09:30:17.940,3.358,100
2020-08-25 09:30:17.940,3.358,3800
2020-08-25 09:30:20.670,3.36,9900
2020-08-25 09:30:20.670,3.36,500
2020-08-25 09:30:20.670,3.36,6000
2020-08-25 09:30:20.670,3.36,30000
2020-08-25 09:30:20.670,3.361,100
2020-08-25 09:30:20.670,3.361,3300
2020-08-25 09:30:20.670,3.361,1000
2020-08-25 09:30:20.670,3.361,6600
2020-08-25 09:30:20.670,3.361,100
2020-08-25 09:30:20.670,3.361,30000
2020-08-25 09:30:20.670,3.361,20000
2020-08-25 09:30:20.670,3.361,2900
2020-08-25 09:30:20.670,3.361,2700
2020-08-25 09:30:20.670,3.362,40000
2020-08-25 09:30:20.670,3.362,3100
2020-08-25 09:30:20.670,3.362,10000
2020-08-25 09:30:20.670,3.362,1000
2020-08-25 09:30:20.670,3.362,132800
2020-08-25 09:30:22.250,3.359,700
2020-08-25 09:30:22.910,3.359,500
2020-08-25 09:30:23.240,3.36,100
2020-08-25 09:30:24.350,3.36,200
2020-08-25 09:30:24.580,3.36,17700
2020-08-25 09:30:24.580,3.36,100
2020-08-25 09:30:25.250,3.36,10000
2020-08-25 09:30:25.380,3.36,4400
2020-08-25 09:30:26.170,3.36,400
2020-08-25 09:30:27.150,3.36,14600
2020-08-25 09:30:27.680,3.361,400
2020-08-25 09:30:27.950,3.36,5000
2020-08-25 09:30:28.640,3.361,9600
2020-08-25 09:30:28.640,3.361,400
2020-08-25 09:30:29.030,3.361,15700
2020-08-25 09:30:29.030,3.361,20100
2020-08-25 09:30:29.030,3.361,8200
2020-08-25 09:30:29.030,3.361,1300
2020-08-25 09:30:29.520,3.36,400
2020-08-25 09:30:30.190,3.36,27400
2020-08-25 09:30:30.190,3.36,100
2020-08-25 09:30:30.190,3.36,5000
2020-08-25 09:30:31.210,3.359,17300
2020-08-25 09:30:31.210,3.359,10700
2020-08-25 09:30:31.580,3.36,117500
2020-08-25 09:30:31.580,3.36,3000
2020-08-25 09:30:33.080,3.36,200
2020-08-25 09:30:34.400,3.36,117200
2020-08-25 09:30:35.420,3.361,200
2020-08-25 09:30:35.420,3.361,2300
2020-08-25 09:30:36.100,3.36,5000
2020-08-25 09:30:36.630,3.361,7700
2020-08-25 09:30:36.630,3.361,5000
2020-08-25 09:30:36.630,3.361,100000
2020-08-25 09:30:36.630,3.361,10000
2020-08-25 09:30:36.720,3.361,24600
2020-08-25 09:30:36.850,3.36,1000
2020-08-25 09:30:36.940,3.361,5400
2020-08-25 09:30:36.940,3.362,500
2020-08-25 09:30:36.940,3.362,100
2020-08-25 09:30:36.940,3.362,3000
2020-08-25 09:30:36.940,3.362,5000
2020-08-25 09:30:36.940,3.362,50000
2020-08-25 09:30:36.940,3.362,20000
2020-08-25 09:30:36.940,3.363,25100
2020-08-25 09:30:36.940,3.363,3000
2020-08-25 09:30:36.940,3.363,5000
2020-08-25 09:30:36.940,3.363,11400
2020-08-25 09:30:36.940,3.363,200
2020-08-25 09:30:36.940,3.363,10000
2020-08-25 09:30:36.940,3.363,1300
2020-08-25 09:30:36.940,3.363,5000
2020-08-25 09:30:36.940,3.363,10000
2020-08-25 09:30:36.940,3.363,1000
2020-08-25 09:30:36.940,3.363,55600
2020-08-25 09:30:36.940,3.363,88400
2020-08-25 09:30:37.010,3.363,57800
2020-08-25 09:30:37.010,3.364,6300
2020-08-25 09:30:37.010,3.364,6000
2020-08-25 09:30:37.010,3.364,500
2020-08-25 09:30:37.010,3.364,6000
2020-08-25 09:30:37.010,3.364,100
2020-08-25 09:30:37.010,3.364,20000
2020-08-25 09:30:37.010,3.364,200000
2020-08-25 09:30:37.010,3.364,2200
2020-08-25 09:30:37.010,3.365,100
2020-08-25 09:30:37.010,3.365,1000
2020-08-25 09:30:37.460,3.36,1700
2020-08-25 09:30:38.350,3.361,300000
2020-08-25 09:30:38.540,3.36,8000
2020-08-25 09:30:38.540,3.36,2600
2020-08-25 09:30:38.540,3.36,5400
2020-08-25 09:30:38.970,3.36,21900
2020-08-25 09:30:39.100,3.362,8300
2020-08-25 09:30:39.650,3.362,20000
2020-08-25 09:30:40.370,3.362,16000
2020-08-25 09:30:40.580,3.362,50000
2020-08-25 09:30:40.810,3.362,3000
2020-08-25 09:30:41.020,3.363,40000
2020-08-25 09:30:41.020,3.363,30000
2020-08-25 09:30:41.020,3.364,40000
2020-08-25 09:30:41.020,3.364,30000
2020-08-25 09:30:41.080,3.364,5000
2020-08-25 09:30:41.080,3.364,40000
2020-08-25 09:30:41.080,3.364,40000
2020-08-25 09:30:41.140,3.364,30000
2020-08-25 09:30:41.140,3.364,30000
2020-08-25 09:30:41.400,3.364,100
2020-08-25 09:30:41.790,3.364,14900
2020-08-25 09:30:42.260,3.36,1000
2020-08-25 09:30:42.670,3.361,200
2020-08-25 09:30:42.750,3.361,1200
2020-08-25 09:30:42.980,3.361,9000
2020-08-25 09:30:43.360,3.363,30000
2020-08-25 09:30:45.210,3.363,100
2020-08-25 09:30:46.090,3.363,30000
2020-08-25 09:30:46.090,3.363,40000
2020-08-25 09:30:47.250,3.364,15100
2020-08-25 09:30:47.250,3.364,10000
2020-08-25 09:30:47.250,3.364,1000
2020-08-25 09:30:47.250,3.364,10000
2020-08-25 09:30:47.250,3.364,10000
2020-08-25 09:30:47.250,3.364,40000
2020-08-25 09:30:47.250,3.364,10000
2020-08-25 09:30:47.250,3.364,10000
2020-08-25 09:30:47.830,3.364,30000
2020-08-25 09:30:47.870,3.364,50000
2020-08-25 09:30:48.210,3.364,3500
2020-08-25 09:30:48.720,3.364,30000
2020-08-25 09:30:49.030,3.364,10000
2020-08-25 09:30:49.710,3.362,300
2020-08-25 09:30:49.710,3.361,1200
2020-08-25 09:30:49.840,3.365,300
2020-08-25 09:30:49.840,3.365,20000
2020-08-25 09:30:49.840,3.365,10000
2020-08-25 09:30:49.840,3.365,400
2020-08-25 09:30:49.840,3.365,500
2020-08-25 09:30:49.840,3.365,10000
2020-08-25 09:30:49.840,3.365,1200
2020-08-25 09:30:49.840,3.365,7000
2020-08-25 09:30:49.840,3.365,600
2020-08-25 09:30:50.610,3.361,298800
2020-08-25 09:30:50.610,3.361,1200
2020-08-25 09:30:51.060,3.363,500
2020-08-25 09:30:51.970,3.363,100
2020-08-25 09:30:52.630,3.361,20000
2020-08-25 09:30:52.780,3.363,1200
2020-08-25 09:30:52.780,3.363,10000
2020-08-25 09:30:52.780,3.363,10000
2020-08-25 09:30:55.030,3.363,10000
2020-08-25 09:30:55.030,3.363,8000
2020-08-25 09:30:55.030,3.364,2000
2020-08-25 09:30:56.880,3.361,90000
2020-08-25 09:30:57.250,3.361,1000
2020-08-25 09:30:59.350,3.362,3700
2020-08-25 09:30:59.440,3.362,2700
2020-08-25 09:30:59.660,3.362,2700
2020-08-25 09:31:00.810,3.361,24600
2020-08-25 09:31:00.810,3.361,2000
2020-08-25 09:31:00.810,3.361,1000
2020-08-25 09:31:01.250,3.361,2900
2020-08-25 09:31:01.940,3.361,5100
2020-08-25 09:31:02.320,3.36,2000
2020-08-25 09:31:02.320,3.36,8000
2020-08-25 09:31:02.320,3.36,30000
2020-08-25 09:31:02.320,3.36,30000
2020-08-25 09:31:02.320,3.36,10000
2020-08-25 09:31:02.320,3.36,30000
2020-08-25 09:31:02.320,3.36,20000
2020-08-25 09:31:02.320,3.36,20000
2020-08-25 09:31:02.320,3.36,30000
2020-08-25 09:31:02.320,3.36,30000
2020-08-25 09:31:02.320,3.36,30000
2020-08-25 09:31:02.320,3.36,30000
2020-08-25 09:31:03.160,3.36,12000
2020-08-25 09:31:03.160,3.36,2900
2020-08-25 09:31:03.670,3.361,200
2020-08-25 09:31:04.390,3.361,1100
2020-08-25 09:31:04.420,3.361,3100
2020-08-25 09:31:04.420,3.362,37300
2020-08-25 09:31:04.420,3.362,40000
2020-08-25 09:31:04.420,3.362,28000
2020-08-25 09:31:04.420,3.362,27200
2020-08-25 09:31:04.570,3.362,7500
2020-08-25 09:31:04.570,3.362,8500
2020-08-25 09:31:05.370,3.361,30000
2020-08-25 09:31:05.370,3.361,10000
2020-08-25 09:31:05.760,3.361,20000
2020-08-25 09:31:06.260,3.361,43900
2020-08-25 09:31:06.360,3.361,100
2020-08-25 09:31:06.360,3.362,1700
2020-08-25 09:31:06.420,3.362,1000
2020-08-25 09:31:08.420,3.361,10000
2020-08-25 09:31:09.980,3.36,900
2020-08-25 09:31:10.430,3.36,10000
2020-08-25 09:31:10.560,3.36,1900
2020-08-25 09:31:10.960,3.36,2100
2020-08-25 09:31:11.380,3.36,30000
2020-08-25 09:31:11.380,3.36,30000
2020-08-25 09:31:11.380,3.36,30000
2020-08-25 09:31:12.460,3.361,300
2020-08-25 09:31:12.460,3.361,2000
2020-08-25 09:31:12.460,3.361,700
2020-08-25 09:31:13.490,3.36,30300
2020-08-25 09:31:13.490,3.359,22300
2020-08-25 09:31:13.490,3.359,14300
2020-08-25 09:31:14.230,3.361,500
2020-08-25 09:31:15.000,3.361,300
2020-08-25 09:31:17.010,3.361,300
2020-08-25 09:31:17.040,3.361,3200
2020-08-25 09:31:17.040,3.361,13400
2020-08-25 09:31:17.040,3.361,10000
2020-08-25 09:31:17.040,3.361,100
2020-08-25 09:31:17.040,3.361,1900
2020-08-25 09:31:17.270,3.36,1800
2020-08-25 09:31:17.270,3.36,200
2020-08-25 09:31:17.300,3.361,28100
2020-08-25 09:31:17.300,3.361,2000
2020-08-25 09:31:17.300,3.361,200
2020-08-25 09:31:17.300,3.361,153100
2020-08-25 09:31:17.300,3.361,8000
2020-08-25 09:31:17.300,3.361,15000
2020-08-25 09:31:17.830,3.362,5000
2020-08-25 09:31:18.060,3.361,5000
2020-08-25 09:31:18.120,3.361,100
2020-08-25 09:31:18.220,3.361,3000
2020-08-25 09:31:18.340,3.361,300
2020-08-25 09:31:18.400,3.361,6800
2020-08-25 09:31:18.600,3.361,2000
2020-08-25 09:31:18.630,3.361,76400
2020-08-25 09:31:18.630,3.36,1000
2020-08-25 09:31:18.630,3.36,222600
2020-08-25 09:31:18.850,3.361,900
2020-08-25 09:31:19.610,3.362,283800
2020-08-25 09:31:19.610,3.362,6000
2020-08-25 09:31:19.610,3.362,2000
2020-08-25 09:31:19.610,3.362,2000
2020-08-25 09:31:19.610,3.362,6200
2020-08-25 09:31:19.640,3.361,200
2020-08-25 09:31:19.640,3.361,2800
2020-08-25 09:31:19.710,3.361,4900
2020-08-25 09:31:20.450,3.361,1900
2020-08-25 09:31:20.750,3.361,5000
2020-08-25 09:31:20.940,3.361,2100
2020-08-25 09:31:21.390,3.361,30000
2020-08-25 09:31:21.390,3.361,30000
2020-08-25 09:31:21.390,3.361,30000
2020-08-25 09:31:21.390,3.361,10000
2020-08-25 09:31:22.280,3.361,10000
2020-08-25 09:31:22.830,3.361,8900
2020-08-25 09:31:22.830,3.36,72400
2020-08-25 09:31:22.830,3.359,17400
2020-08-25 09:31:25.070,3.361,100
2020-08-25 09:31:26.810,3.36,900
2020-08-25 09:31:28.140,3.359,1000
2020-08-25 09:31:28.920,3.36,800
2020-08-25 09:31:29.390,3.359,20000
2020-08-25 09:31:29.390,3.359,20000
2020-08-25 09:31:29.710,3.359,500
2020-08-25 09:31:31.280,3.359,26800
2020-08-25 09:31:31.280,3.359,3200
2020-08-25 09:31:32.370,3.359,10000
2020-08-25 09:31:34.030,3.359,5300
2020-08-25 09:31:34.430,3.36,10000
2020-08-25 09:31:34.430,3.36,23300
2020-08-25 09:31:34.430,3.36,100
2020-08-25 09:31:34.430,3.36,8300
2020-08-25 09:31:34.780,3.36,93900
2020-08-25 09:31:34.780,3.359,1500
2020-08-25 09:31:34.780,3.359,8100
2020-08-25 09:31:34.780,3.359,42500
2020-08-25 09:31:36.160,3.361,5000
2020-08-25 09:31:36.860,3.36,3000
2020-08-25 09:31:37.120,3.36,15000
2020-08-25 09:31:37.800,3.36,700
2020-08-25 09:31:37.940,3.36,400
2020-08-25 09:31:38.550,3.361,400
2020-08-25 09:31:38.550,3.361,1000
2020-08-25 09:31:38.810,3.36,2500
2020-08-25 09:31:39.600,3.36,5000
2020-08-25 09:31:39.660,3.36,300
2020-08-25 09:31:40.140,3.359,2500
2020-08-25 09:31:40.200,3.359,2000
2020-08-25 09:31:41.050,3.36,1200
2020-08-25 09:31:41.050,3.36,6000
2020-08-25 09:31:41.050,3.361,1900
2020-08-25 09:31:41.050,3.361,11000
2020-08-25 09:31:41.050,3.361,2000
2020-08-25 09:31:41.050,3.361,500
2020-08-25 09:31:41.050,3.361,2000
2020-08-25 09:31:41.050,3.361,6000
2020-08-25 09:31:41.050,3.361,100
2020-08-25 09:31:41.050,3.361,7600
2020-08-25 09:31:41.050,3.361,20100
2020-08-25 09:31:41.050,3.361,2500
2020-08-25 09:31:41.050,3.361,50000
2020-08-25 09:31:41.050,3.361,80000
2020-08-25 09:31:41.050,3.361,13700
2020-08-25 09:31:41.050,3.361,1000
2020-08-25 09:31:41.050,3.361,5000
2020-08-25 09:31:41.050,3.361,89400
2020-08-25 09:31:42.500,3.359,17000
2020-08-25 09:31:43.340,3.359,40000
2020-08-25 09:31:44.890,3.36,10000
2020-08-25 09:31:44.890,3.36,5000
2020-08-25 09:31:44.890,3.36,5000
2020-08-25 09:31:44.890,3.359,55500
2020-08-25 09:31:47.800,3.36,34800
2020-08-25 09:31:47.800,3.36,1000
2020-08-25 09:31:47.800,3.36,7000
2020-08-25 09:31:47.800,3.361,175600
2020-08-25 09:31:47.800,3.361,10000
2020-08-25 09:31:47.800,3.361,71600
2020-08-25 09:31:47.930,3.359,8000
2020-08-25 09:31:49.420,3.36,1000
2020-08-25 09:31:49.420,3.36,9000
2020-08-25 09:31:49.420,3.361,28500
2020-08-25 09:31:49.420,3.361,97100
2020-08-25 09:31:51.220,3.36,5000
2020-08-25 09:31:51.290,3.36,10000
2020-08-25 09:31:54.130,3.36,284700
2020-08-25 09:31:54.130,3.36,15300
2020-08-25 09:31:54.890,3.36,30000
2020-08-25 09:31:54.890,3.36,30000
2020-08-25 09:31:54.890,3.36,30000
2020-08-25 09:31:54.890,3.36,30000
2020-08-25 09:31:54.890,3.36,4700
2020-08-25 09:31:55.190,3.36,7000
2020-08-25 09:31:59.080,3.36,18300
2020-08-25 09:31:59.080,3.36,30000
2020-08-25 09:31:59.080,3.36,30000
2020-08-25 09:31:59.080,3.36,30000
2020-08-25 09:31:59.080,3.36,30000
2020-08-25 09:31:59.080,3.36,30000
2020-08-25 09:31:59.080,3.36,20000
2020-08-25 09:31:59.080,3.36,2200
2020-08-25 09:31:59.080,3.36,5000
2020-08-25 09:31:59.080,3.36,25000
2020-08-25 09:31:59.080,3.36,1000
2020-08-25 09:31:59.080,3.361,78500
2020-08-25 09:31:59.240,3.359,1300
2020-08-25 09:32:00.750,3.36,3700
2020-08-25 09:32:01.100,3.36,100
2020-08-25 09:32:01.410,3.36,1200
2020-08-25 09:32:01.410,3.36,5400
2020-08-25 09:32:01.410,3.36,30700
2020-08-25 09:32:01.900,3.36,300
2020-08-25 09:32:02.340,3.361,20300
2020-08-25 09:32:02.340,3.361,20000
2020-08-25 09:32:02.340,3.361,4000
2020-08-25 09:32:02.340,3.361,2000
2020-08-25 09:32:02.340,3.361,12500
2020-08-25 09:32:02.340,3.361,10000
2020-08-25 09:32:02.340,3.361,4700
2020-08-25 09:32:02.340,3.361,20000
2020-08-25 09:32:02.340,3.361,206500
2020-08-25 09:32:02.630,3.361,40000
2020-08-25 09:32:02.950,3.361,59500
2020-08-25 09:32:02.950,3.361,16100
2020-08-25 09:32:02.950,3.361,3000
2020-08-25 09:32:04.010,3.361,14100
2020-08-25 09:32:05.330,3.362,1000
2020-08-25 09:32:05.330,3.362,10000
2020-08-25 09:32:05.330,3.362,200
2020-08-25 09:32:05.330,3.362,3200
2020-08-25 09:32:05.330,3.362,5000
2020-08-25 09:32:05.330,3.362,30000
2020-08-25 09:32:05.330,3.362,6200
2020-08-25 09:32:05.330,3.362,9400
2020-08-25 09:32:05.330,3.362,3300
2020-08-25 09:32:05.330,3.362,61500
2020-08-25 09:32:05.330,3.362,5000
2020-08-25 09:32:05.330,3.362,10000
2020-08-25 09:32:05.330,3.362,155200
2020-08-25 09:32:05.420,3.361,3000
2020-08-25 09:32:05.650,3.361,500
2020-08-25 09:32:07.660,3.361,300
2020-08-25 09:32:07.820,3.362,300000
2020-08-25 09:32:08.230,3.362,1000
2020-08-25 09:32:08.480,3.361,100
2020-08-25 09:32:08.940,3.361,146000
2020-08-25 09:32:11.030,3.362,22800
2020-08-25 09:32:11.030,3.362,10000
2020-08-25 09:32:11.030,3.362,6100
2020-08-25 09:32:11.030,3.362,3600
2020-08-25 09:32:11.030,3.362,3000
2020-08-25 09:32:11.280,3.362,30000
2020-08-25 09:32:11.280,3.362,30000
2020-08-25 09:32:11.280,3.362,10000
2020-08-25 09:32:11.280,3.362,20000
2020-08-25 09:32:11.280,3.362,30000
2020-08-25 09:32:11.280,3.362,30000
2020-08-25 09:32:11.280,3.362,30000
2020-08-25 09:32:11.280,3.362,20000
2020-08-25 09:32:11.340,3.363,3400
2020-08-25 09:32:11.340,3.363,10000
2020-08-25 09:32:11.340,3.363,2000
2020-08-25 09:32:11.340,3.363,4600
2020-08-25 09:32:12.040,3.362,3000
2020-08-25 09:32:12.540,3.362,4000
2020-08-25 09:32:13.140,3.361,2000
2020-08-25 09:32:13.560,3.363,400
2020-08-25 09:32:13.560,3.363,200
2020-08-25 09:32:13.560,3.363,10000
2020-08-25 09:32:13.560,3.363,4200
2020-08-25 09:32:13.560,3.363,10000
2020-08-25 09:32:13.560,3.363,20000
2020-08-25 09:32:13.560,3.363,300
2020-08-25 09:32:13.560,3.363,100000
2020-08-25 09:32:13.560,3.364,2900
2020-08-25 09:32:13.560,3.364,5100
2020-08-25 09:32:13.560,3.364,9300
2020-08-25 09:32:13.560,3.364,100
2020-08-25 09:32:13.560,3.364,10000
2020-08-25 09:32:13.560,3.364,300
2020-08-25 09:32:13.560,3.364,4000
2020-08-25 09:32:13.560,3.364,50000
2020-08-25 09:32:13.560,3.364,50000
2020-08-25 09:32:13.560,3.364,2000
2020-08-25 09:32:13.560,3.364,5000
2020-08-25 09:32:13.560,3.364,300
2020-08-25 09:32:13.560,3.364,2000
2020-08-25 09:32:13.560,3.364,13900
2020-08-25 09:32:14.410,3.361,4000
2020-08-25 09:32:14.850,3.361,182300
2020-08-25 09:32:15.070,3.364,6100
2020-08-25 09:32:15.070,3.364,293900
2020-08-25 09:32:15.290,3.362,1900
2020-08-25 09:32:16.520,3.362,8100
2020-08-25 09:32:17.130,3.362,10100
2020-08-25 09:32:19.080,3.362,100
2020-08-25 09:32:19.420,3.363,2000
2020-08-25 09:32:19.420,3.363,17500
2020-08-25 09:32:20.290,3.363,90000
2020-08-25 09:32:21.380,3.363,1000
2020-08-25 09:32:22.180,3.363,500
2020-08-25 09:32:23.260,3.363,10000
2020-08-25 09:32:25.650,3.363,2000
2020-08-25 09:32:25.680,3.363,12600
2020-08-25 09:32:28.900,3.362,3500
2020-08-25 09:32:29.020,3.362,1500
2020-08-25 09:32:29.020,3.362,500
2020-08-25 09:32:29.810,3.362,5500
2020-08-25 09:32:29.940,3.362,14500
2020-08-25 09:32:29.940,3.363,6300
2020-08-25 09:32:32.070,3.363,9000
2020-08-25 09:32:32.310,3.363,22100
2020-08-25 09:32:32.310,3.363,1500
2020-08-25 09:32:32.310,3.363,1000
2020-08-25 09:32:32.310,3.363,1000
2020-08-25 09:32:32.310,3.363,150000
2020-08-25 09:32:32.310,3.363,1300
2020-08-25 09:32:32.310,3.363,3000
2020-08-25 09:32:32.310,3.363,3300
2020-08-25 09:32:32.310,3.364,116800
2020-08-25 09:32:33.250,3.363,2000
2020-08-25 09:32:33.560,3.363,100
2020-08-25 09:32:33.580,3.363,2900
2020-08-25 09:32:33.580,3.363,6300
2020-08-25 09:32:33.580,3.363,33200
2020-08-25 09:32:34.510,3.363,5000
2020-08-25 09:32:36.090,3.364,5000
2020-08-25 09:32:36.340,3.363,100
2020-08-25 09:32:36.990,3.364,10000
2020-08-25 09:32:37.450,3.363,1000
2020-08-25 09:32:37.520,3.364,26200
2020-08-25 09:32:37.910,3.364,48100
2020-08-25 09:32:37.910,3.364,3000
2020-08-25 09:32:37.910,3.364,2000
2020-08-25 09:32:37.910,3.364,1000
2020-08-25 09:32:37.910,3.364,3000
2020-08-25 09:32:37.910,3.364,30000
2020-08-25 09:32:38.190,3.364,5400
2020-08-25 09:32:39.250,3.364,300
2020-08-25 09:32:39.340,3.364,110100
2020-08-25 09:32:40.520,3.365,100
2020-08-25 09:32:40.520,3.365,6000
2020-08-25 09:32:40.520,3.365,100
2020-08-25 09:32:40.520,3.365,3200
2020-08-25 09:32:40.520,3.365,10000
2020-08-25 09:32:40.520,3.365,20000
2020-08-25 09:32:40.520,3.365,10100
2020-08-25 09:32:40.520,3.365,5000
2020-08-25 09:32:40.520,3.365,100
2020-08-25 09:32:40.520,3.365,2000
2020-08-25 09:32:40.520,3.365,1200
2020-08-25 09:32:40.520,3.365,5000
2020-08-25 09:32:40.520,3.365,5000
2020-08-25 09:32:40.520,3.365,30000
2020-08-25 09:32:40.520,3.365,1000
2020-08-25 09:32:40.520,3.365,2000
2020-08-25 09:32:40.520,3.365,2000
2020-08-25 09:32:40.520,3.365,500
2020-08-25 09:32:40.520,3.365,1000
2020-08-25 09:32:40.520,3.365,1600
2020-08-25 09:32:40.520,3.365,16100
2020-08-25 09:32:40.520,3.365,12300
2020-08-25 09:32:40.520,3.365,500
2020-08-25 09:32:40.520,3.365,20000
2020-08-25 09:32:40.520,3.365,145200
2020-08-25 09:32:40.980,3.364,30000
2020-08-25 09:32:41.020,3.364,10000
2020-08-25 09:32:41.120,3.364,2000
2020-08-25 09:32:41.600,3.364,1000
2020-08-25 09:32:41.700,3.365,200
2020-08-25 09:32:41.870,3.364,5000
2020-08-25 09:32:41.960,3.364,49100
2020-08-25 09:32:41.960,3.364,900
2020-08-25 09:32:42.190,3.364,3000
2020-08-25 09:32:42.680,3.364,5000
2020-08-25 09:32:43.450,3.365,5000
2020-08-25 09:32:45.140,3.364,200
2020-08-25 09:32:45.460,3.364,7000
2020-08-25 09:32:46.520,3.365,10000
2020-08-25 09:32:46.640,3.364,49600
2020-08-25 09:32:47.380,3.364,30000
2020-08-25 09:32:48.020,3.364,5000
2020-08-25 09:32:48.090,3.364,5000
2020-08-25 09:32:49.360,3.365,135600
2020-08-25 09:32:49.920,3.364,3000
2020-08-25 09:32:50.100,3.365,1000
2020-08-25 09:32:50.100,3.363,135600
2020-08-25 09:32:50.100,3.363,164400
2020-08-25 09:32:51.590,3.365,20200
2020-08-25 09:32:51.670,3.365,2800
2020-08-25 09:32:52.890,3.365,1000
2020-08-25 09:32:54.210,3.365,500
2020-08-25 09:32:55.020,3.363,10000
2020-08-25 09:32:57.240,3.363,5200
2020-08-25 09:32:58.240,3.364,3000
2020-08-25 09:32:58.240,3.364,900
2020-08-25 09:32:58.240,3.365,131700
2020-08-25 09:33:02.200,3.364,2700
2020-08-25 09:33:02.330,3.363,100
2020-08-25 09:33:02.550,3.364,13800
2020-08-25 09:33:03.780,3.364,3500
2020-08-25 09:33:05.450,3.365,46800
2020-08-25 09:33:05.450,3.365,2000
2020-08-25 09:33:05.450,3.365,63700
2020-08-25 09:33:05.450,3.365,2000
2020-08-25 09:33:05.450,3.365,5000
2020-08-25 09:33:05.450,3.365,2000
2020-08-25 09:33:05.450,3.365,10000
2020-08-25 09:33:05.450,3.365,1900
2020-08-25 09:33:05.450,3.365,5000
2020-08-25 09:33:05.450,3.365,2400
2020-08-25 09:33:05.450,3.365,10000
2020-08-25 09:33:05.450,3.365,8000
2020-08-25 09:33:05.450,3.365,10000
2020-08-25 09:33:05.450,3.365,3000
2020-08-25 09:33:05.450,3.365,2000
2020-08-25 09:33:05.450,3.365,20000
2020-08-25 09:33:05.450,3.365,5000
2020-08-25 09:33:05.450,3.365,2000
2020-08-25 09:33:05.450,3.365,2000
2020-08-25 09:33:05.450,3.365,100
2020-08-25 09:33:05.450,3.365,500
2020-08-25 09:33:05.450,3.365,1000
2020-08-25 09:33:05.450,3.365,33600
2020-08-25 09:33:05.830,3.366,10000
2020-08-25 09:33:05.830,3.366,200
2020-08-25 09:33:05.830,3.366,1000
2020-08-25 09:33:05.830,3.366,30000
2020-08-25 09:33:05.830,3.366,6000
2020-08-25 09:33:05.830,3.366,3000
2020-08-25 09:33:05.830,3.366,1000
2020-08-25 09:33:05.830,3.366,6000
2020-08-25 09:33:05.830,3.366,20000
2020-08-25 09:33:05.830,3.366,1000
2020-08-25 09:33:05.830,3.366,13000
2020-08-25 09:33:05.830,3.366,1000
2020-08-25 09:33:05.830,3.366,100
2020-08-25 09:33:05.830,3.366,300
2020-08-25 09:33:05.830,3.366,20000
2020-08-25 09:33:05.830,3.366,100
2020-08-25 09:33:05.830,3.366,2000
2020-08-25 09:33:05.830,3.366,3000
2020-08-25 09:33:05.830,3.366,92300
2020-08-25 09:33:06.040,3.365,23300
2020-08-25 09:33:07.030,3.366,300000
2020-08-25 09:33:07.900,3.365,2000
2020-08-25 09:33:08.640,3.365,3000
2020-08-25 09:33:08.900,3.365,30000
2020-08-25 09:33:09.030,3.365,9000
2020-08-25 09:33:09.250,3.365,20000
2020-08-25 09:33:09.470,3.365,8000
2020-08-25 09:33:10.230,3.366,100
2020-08-25 09:33:10.330,3.366,107600
2020-08-25 09:33:10.330,3.366,500
2020-08-25 09:33:10.330,3.366,3300
2020-08-25 09:33:10.510,3.366,100
2020-08-25 09:33:11.070,3.365,5000
2020-08-25 09:33:11.400,3.365,3000
2020-08-25 09:33:11.530,3.365,30000
2020-08-25 09:33:11.530,3.365,20000
2020-08-25 09:33:11.530,3.365,10000
2020-08-25 09:33:11.530,3.365,30000
2020-08-25 09:33:11.730,3.365,100
2020-08-25 09:33:12.670,3.366,5300
2020-08-25 09:33:12.990,3.365,400
2020-08-25 09:33:13.970,3.365,206500
2020-08-25 09:33:14.000,3.365,6000
2020-08-25 09:33:15.000,3.364,10000
2020-08-25 09:33:15.330,3.365,62000
2020-08-25 09:33:15.560,3.365,300
2020-08-25 09:33:15.750,3.365,300
2020-08-25 09:33:16.020,3.365,100
2020-08-25 09:33:16.020,3.365,8900
2020-08-25 09:33:16.240,3.365,300100
2020-08-25 09:33:16.600,3.365,2100
2020-08-25 09:33:16.670,3.365,300000
2020-08-25 09:33:17.300,3.365,113700
2020-08-25 09:33:17.300,3.365,5000
2020-08-25 09:33:17.300,3.365,8000
2020-08-25 09:33:17.300,3.365,4400
2020-08-25 09:33:17.760,3.366,1300
2020-08-25 09:33:17.760,3.366,1000
2020-08-25 09:33:17.760,3.366,1000
2020-08-25 09:33:17.760,3.366,700
2020-08-25 09:33:18.230,3.366,6600
2020-08-25 09:33:18.230,3.366,20000
2020-08-25 09:33:18.230,3.366,5000
2020-08-25 09:33:18.230,3.366,3000
2020-08-25 09:33:18.230,3.366,5000
2020-08-25 09:33:18.230,3.366,1000
2020-08-25 09:33:18.230,3.366,20000
2020-08-25 09:33:18.230,3.367,100
2020-08-25 09:33:18.230,3.367,3000
2020-08-25 09:33:18.230,3.367,1000
2020-08-25 09:33:18.230,3.367,6000
2020-08-25 09:33:18.230,3.367,10000
2020-08-25 09:33:18.230,3.367,6000
2020-08-25 09:33:18.230,3.367,123300
2020-08-25 09:33:19.800,3.366,6000
2020-08-25 09:33:20.480,3.366,30000
2020-08-25 09:33:20.480,3.366,20000
2020-08-25 09:33:20.480,3.366,30000
2020-08-25 09:33:20.480,3.366,20000
2020-08-25 09:33:20.760,3.366,20000
2020-08-25 09:33:20.760,3.366,1000
2020-08-25 09:33:22.590,3.367,100
2020-08-25 09:33:22.830,3.366,5000
2020-08-25 09:33:23.110,3.366,800
2020-08-25 09:33:23.450,3.367,32400
2020-08-25 09:33:24.740,3.366,2800
2020-08-25 09:33:24.740,3.365,7200
2020-08-25 09:33:24.810,3.367,210000
2020-08-25 09:33:25.250,3.366,1000
2020-08-25 09:33:25.840,3.366,2000
2020-08-25 09:33:27.750,3.366,47000
2020-08-25 09:33:27.750,3.366,10000
2020-08-25 09:33:27.750,3.366,14600
2020-08-25 09:33:27.750,3.366,78400
2020-08-25 09:33:28.230,3.366,437600
2020-08-25 09:33:28.990,3.366,100
2020-08-25 09:33:29.490,3.366,74400
2020-08-25 09:33:29.720,3.366,200000
2020-08-25 09:33:29.780,3.366,181900
2020-08-25 09:33:31.040,3.366,27600
2020-08-25 09:33:31.040,3.366,5000
2020-08-25 09:33:31.040,3.366,4000
2020-08-25 09:33:31.040,3.366,20000
2020-08-25 09:33:31.180,3.367,134200
2020-08-25 09:33:31.180,3.367,200
2020-08-25 09:33:31.180,3.367,4800
2020-08-25 09:33:31.180,3.367,7500
2020-08-25 09:33:31.180,3.367,1500
2020-08-25 09:33:31.180,3.367,100
2020-08-25 09:33:31.180,3.367,3700
2020-08-25 09:33:31.180,3.367,4700
2020-08-25 09:33:31.180,3.367,6000
2020-08-25 09:33:31.180,3.367,1000
2020-08-25 09:33:31.180,3.367,2000
2020-08-25 09:33:31.180,3.367,3000
2020-08-25 09:33:31.180,3.367,10200
2020-08-25 09:33:31.180,3.367,11900
2020-08-25 09:33:31.180,3.367,1000
2020-08-25 09:33:31.180,3.367,18200
2020-08-25 09:33:32.000,3.367,1800
2020-08-25 09:33:32.000,3.367,5100
2020-08-25 09:33:32.000,3.367,500
2020-08-25 09:33:32.590,3.367,8000
2020-08-25 09:33:34.110,3.367,3000
2020-08-25 09:33:34.750,3.367,20000
2020-08-25 09:33:34.840,3.367,4000
2020-08-25 09:33:34.870,3.367,16900
2020-08-25 09:33:35.690,3.367,5000
2020-08-25 09:33:37.760,3.367,1500
2020-08-25 09:33:39.390,3.368,200
2020-08-25 09:33:39.390,3.368,100
2020-08-25 09:33:39.390,3.368,1000
2020-08-25 09:33:39.390,3.368,400
2020-08-25 09:33:39.390,3.368,200
2020-08-25 09:33:39.390,3.368,6000
2020-08-25 09:33:39.390,3.368,9600
2020-08-25 09:33:39.390,3.368,1200
2020-08-25 09:33:39.390,3.368,6800
2020-08-25 09:33:39.390,3.368,6000
2020-08-25 09:33:39.390,3.368,10000
2020-08-25 09:33:39.390,3.368,1000
2020-08-25 09:33:39.390,3.368,10000
2020-08-25 09:33:39.390,3.368,3000
2020-08-25 09:33:39.390,3.368,1500
2020-08-25 09:33:39.390,3.368,1000
2020-08-25 09:33:39.390,3.368,10900
2020-08-25 09:33:39.390,3.368,5200
2020-08-25 09:33:39.390,3.368,400
2020-08-25 09:33:39.390,3.368,1900
2020-08-25 09:33:39.390,3.368,8400
2020-08-25 09:33:39.390,3.368,4000
2020-08-25 09:33:39.390,3.368,3100
2020-08-25 09:33:39.390,3.368,1500
2020-08-25 09:33:39.390,3.368,20000
2020-08-25 09:33:39.390,3.368,1000
2020-08-25 09:33:39.390,3.368,5000
2020-08-25 09:33:39.390,3.368,3000
2020-08-25 09:33:39.390,3.368,20000
2020-08-25 09:33:39.390,3.368,7700
2020-08-25 09:33:39.390,3.368,2000
2020-08-25 09:33:39.390,3.368,30000
2020-08-25 09:33:39.390,3.368,2000
2020-08-25 09:33:39.390,3.368,200
2020-08-25 09:33:39.390,3.368,5000
2020-08-25 09:33:39.610,3.368,1000
2020-08-25 09:33:40.240,3.369,400
2020-08-25 09:33:40.240,3.369,200
2020-08-25 09:33:40.240,3.369,10000
2020-08-25 09:33:40.240,3.369,6600
2020-08-25 09:33:41.080,3.368,100000
2020-08-25 09:33:41.080,3.368,9800
2020-08-25 09:33:41.080,3.368,500
2020-08-25 09:33:41.080,3.368,4900
2020-08-25 09:33:41.080,3.368,4800
2020-08-25 09:33:41.140,3.368,100000
2020-08-25 09:33:41.140,3.368,10000
2020-08-25 09:33:41.140,3.368,30000
2020-08-25 09:33:41.210,3.368,2900
2020-08-25 09:33:41.630,3.368,6000
2020-08-25 09:33:41.630,3.368,5000
2020-08-25 09:33:43.270,3.368,2700
2020-08-25 09:33:44.140,3.368,100000
2020-08-25 09:33:44.140,3.368,10000
2020-08-25 09:33:44.170,3.368,5000
2020-08-25 09:33:44.740,3.369,3400
2020-08-25 09:33:44.740,3.369,3100
2020-08-25 09:33:44.740,3.369,100
2020-08-25 09:33:44.740,3.369,1000
2020-08-25 09:33:44.740,3.369,10000
2020-08-25 09:33:44.740,3.369,500
2020-08-25 09:33:44.740,3.369,500
2020-08-25 09:33:44.740,3.369,11100
2020-08-25 09:33:44.990,3.368,500
2020-08-25 09:33:45.140,3.369,37800
2020-08-25 09:33:45.620,3.369,6100
2020-08-25 09:33:45.770,3.368,20000
2020-08-25 09:33:45.890,3.369,240000
2020-08-25 09:33:46.220,3.369,5000
2020-08-25 09:33:46.700,3.369,200000
2020-08-25 09:33:46.700,3.369,500
2020-08-25 09:33:46.700,3.369,6000
2020-08-25 09:33:46.700,3.369,10800
2020-08-25 09:33:46.700,3.369,8200
2020-08-25 09:33:46.700,3.369,1000
2020-08-25 09:33:46.700,3.369,105000
2020-08-25 09:33:46.700,3.369,5000
2020-08-25 09:33:46.700,3.369,1000
2020-08-25 09:33:46.700,3.369,20000
2020-08-25 09:33:46.700,3.369,1400
2020-08-25 09:33:46.700,3.369,5000
2020-08-25 09:33:46.700,3.369,10000
2020-08-25 09:33:46.700,3.369,5000
2020-08-25 09:33:46.700,3.369,20000
2020-08-25 09:33:46.700,3.369,2000
2020-08-25 09:33:46.700,3.369,22200
2020-08-25 09:33:46.700,3.369,1000
2020-08-25 09:33:46.700,3.369,5000
2020-08-25 09:33:46.700,3.369,5500
2020-08-25 09:33:46.700,3.369,8800
2020-08-25 09:33:47.130,3.369,100
2020-08-25 09:33:47.160,3.369,80000
2020-08-25 09:33:47.160,3.369,10000
2020-08-25 09:33:47.160,3.369,10000
2020-08-25 09:33:47.160,3.369,10000
2020-08-25 09:33:48.310,3.369,10000
2020-08-25 09:33:48.470,3.369,3700
2020-08-25 09:33:48.870,3.37,2000
2020-08-25 09:33:48.870,3.37,10000
2020-08-25 09:33:48.870,3.37,30000
2020-08-25 09:33:48.870,3.37,2000
2020-08-25 09:33:48.870,3.37,10000
2020-08-25 09:33:48.870,3.37,100
2020-08-25 09:33:48.870,3.37,1000
2020-08-25 09:33:48.870,3.37,1000
2020-08-25 09:33:48.870,3.37,2300
2020-08-25 09:33:48.870,3.37,2000
2020-08-25 09:33:48.870,3.37,15000
2020-08-25 09:33:48.870,3.37,8100
2020-08-25 09:33:48.870,3.37,7400
2020-08-25 09:33:48.960,3.369,6000
2020-08-25 09:33:49.560,3.37,2600
2020-08-25 09:33:49.560,3.37,2000
2020-08-25 09:33:49.560,3.37,6000
2020-08-25 09:33:49.560,3.37,10000
2020-08-25 09:33:49.560,3.37,200
2020-08-25 09:33:49.560,3.37,1200
2020-08-25 09:33:49.560,3.37,700
2020-08-25 09:33:49.560,3.37,3000
2020-08-25 09:33:49.560,3.37,2200
2020-08-25 09:33:49.700,3.369,1000
2020-08-25 09:33:49.980,3.369,25800
2020-08-25 09:33:49.980,3.369,200
2020-08-25 09:33:49.980,3.369,10000
2020-08-25 09:33:49.980,3.369,124700
2020-08-25 09:33:50.690,3.369,4900
2020-08-25 09:33:51.240,3.369,1000
2020-08-25 09:33:52.170,3.37,3800
2020-08-25 09:33:52.170,3.37,1500
2020-08-25 09:33:52.170,3.37,200
2020-08-25 09:33:52.170,3.37,5000
2020-08-25 09:33:52.170,3.37,5000
2020-08-25 09:33:52.170,3.37,2000
2020-08-25 09:33:52.170,3.37,1500
2020-08-25 09:33:52.170,3.37,3000
2020-08-25 09:33:52.170,3.37,5500
2020-08-25 09:33:52.170,3.37,10000
2020-08-25 09:33:52.170,3.37,37800
2020-08-25 09:33:52.330,3.37,1000
2020-08-25 09:33:53.010,3.37,28200
2020-08-25 09:33:53.010,3.37,1000
2020-08-25 09:33:53.380,3.37,1000
2020-08-25 09:33:53.870,3.369,3000
2020-08-25 09:33:56.180,3.37,1200
2020-08-25 09:33:56.580,3.369,500
2020-08-25 09:33:56.710,3.37,6800
2020-08-25 09:33:56.710,3.37,10000
2020-08-25 09:33:56.710,3.37,1000
2020-08-25 09:33:56.710,3.37,10000
2020-08-25 09:33:56.710,3.37,15000
2020-08-25 09:33:56.710,3.37,5000
2020-08-25 09:33:56.710,3.37,2000
2020-08-25 09:33:56.710,3.37,5000
2020-08-25 09:33:56.710,3.37,1000
2020-08-25 09:33:56.710,3.37,1000
2020-08-25 09:33:56.710,3.37,8000
2020-08-25 09:33:56.710,3.37,1000
2020-08-25 09:33:56.710,3.37,3500
2020-08-25 09:33:56.710,3.37,7100
2020-08-25 09:33:56.710,3.37,1000
2020-08-25 09:33:56.710,3.37,5000
2020-08-25 09:33:56.710,3.37,200
2020-08-25 09:33:56.940,3.37,15700
2020-08-25 09:33:56.940,3.369,19100
2020-08-25 09:33:57.560,3.371,100
2020-08-25 09:33:57.560,3.371,1000
2020-08-25 09:33:57.560,3.371,100
2020-08-25 09:33:57.560,3.371,400
2020-08-25 09:33:57.790,3.369,10000
2020-08-25 09:33:57.980,3.369,10000
2020-08-25 09:33:58.010,3.371,1600
2020-08-25 09:33:58.010,3.371,400
2020-08-25 09:33:58.240,3.371,200
2020-08-25 09:33:58.240,3.371,10000
2020-08-25 09:33:58.240,3.371,2000
2020-08-25 09:33:58.240,3.371,6000
2020-08-25 09:33:58.240,3.371,20000
2020-08-25 09:33:58.240,3.371,5000
2020-08-25 09:33:58.240,3.371,100
2020-08-25 09:33:58.240,3.371,3000
2020-08-25 09:33:58.240,3.371,1000
2020-08-25 09:33:58.240,3.371,2000
2020-08-25 09:33:58.240,3.371,5000
2020-08-25 09:33:58.240,3.371,15000
2020-08-25 09:33:58.240,3.371,1600
2020-08-25 09:33:58.240,3.371,1000
2020-08-25 09:33:58.240,3.372,10000
2020-08-25 09:33:58.240,3.372,200
2020-08-25 09:33:58.240,3.372,100
2020-08-25 09:33:58.240,3.372,2000
2020-08-25 09:33:58.240,3.372,1000
2020-08-25 09:33:58.240,3.372,6000
2020-08-25 09:33:58.240,3.372,400
2020-08-25 09:33:58.240,3.372,500
2020-08-25 09:33:58.240,3.372,6000
2020-08-25 09:33:58.240,3.372,1200
2020-08-25 09:33:58.240,3.372,20000
2020-08-25 09:33:58.240,3.372,6000
2020-08-25 09:33:58.240,3.372,100
2020-08-25 09:33:58.240,3.372,400
2020-08-25 09:33:58.240,3.372,5000
2020-08-25 09:33:58.240,3.372,11200
2020-08-25 09:33:58.240,3.372,1000
2020-08-25 09:33:58.240,3.372,3000
2020-08-25 09:33:58.240,3.372,10000
2020-08-25 09:33:58.240,3.372,2000
2020-08-25 09:33:58.240,3.372,6200
2020-08-25 09:33:58.240,3.372,5000
2020-08-25 09:33:58.240,3.372,200
2020-08-25 09:33:58.240,3.372,8000
2020-08-25 09:33:58.240,3.372,5000
2020-08-25 09:33:58.240,3.372,10000
2020-08-25 09:33:58.240,3.372,17600
2020-08-25 09:33:59.200,3.37,100
2020-08-25 09:33:59.200,3.37,1000
2020-08-25 09:33:59.290,3.37,500
2020-08-25 09:33:59.920,3.37,600
2020-08-25 09:34:00.600,3.37,15000
2020-08-25 09:34:00.870,3.37,5000
2020-08-25 09:34:00.970,3.37,40200
2020-08-25 09:34:02.130,3.37,10000
2020-08-25 09:34:02.150,3.37,10000
2020-08-25 09:34:02.150,3.37,10000
2020-08-25 09:34:02.150,3.37,10000
2020-08-25 09:34:02.340,3.37,1000
2020-08-25 09:34:03.650,3.37,700
2020-08-25 09:34:03.840,3.371,1000
2020-08-25 09:34:03.840,3.371,1000
2020-08-25 09:34:03.840,3.372,82400
2020-08-25 09:34:03.840,3.372,10000
2020-08-25 09:34:03.840,3.372,400
2020-08-25 09:34:03.840,3.372,1000
2020-08-25 09:34:03.840,3.372,1000
2020-08-25 09:34:03.840,3.372,48000
2020-08-25 09:34:03.840,3.372,65200
2020-08-25 09:34:05.710,3.371,100
2020-08-25 09:34:05.860,3.371,40000
2020-08-25 09:34:05.860,3.371,30000
2020-08-25 09:34:05.860,3.371,10000
2020-08-25 09:34:05.940,3.371,4000
2020-08-25 09:34:07.120,3.372,20700
2020-08-25 09:34:08.200,3.371,10000
2020-08-25 09:34:08.230,3.371,10000
2020-08-25 09:34:08.230,3.371,10000
2020-08-25 09:34:08.230,3.371,21400
2020-08-25 09:34:08.230,3.371,48600
2020-08-25 09:34:08.230,3.371,100000
2020-08-25 09:34:08.230,3.371,30000
2020-08-25 09:34:08.230,3.371,30000
2020-08-25 09:34:08.230,3.371,10000
2020-08-25 09:34:08.660,3.371,81400
2020-08-25 09:34:08.660,3.371,5000
2020-08-25 09:34:08.660,3.371,3900
2020-08-25 09:34:08.660,3.371,1000
2020-08-25 09:34:08.660,3.37,195600
2020-08-25 09:34:08.660,3.37,1500
2020-08-25 09:34:08.660,3.37,300
2020-08-25 09:34:08.660,3.37,11300
2020-08-25 09:34:09.340,3.371,2700
2020-08-25 09:34:09.430,3.372,100
2020-08-25 09:34:09.460,3.371,5000
2020-08-25 09:34:10.630,3.371,12300
2020-08-25 09:34:10.730,3.371,2500
2020-08-25 09:34:13.430,3.37,5700
2020-08-25 09:34:13.430,3.37,65200
2020-08-25 09:34:13.430,3.37,229100
2020-08-25 09:34:14.160,3.37,500
2020-08-25 09:34:14.600,3.37,100
2020-08-25 09:34:16.920,3.37,100
2020-08-25 09:34:17.510,3.369,30000
2020-08-25 09:34:17.510,3.369,300
2020-08-25 09:34:17.510,3.369,2000
2020-08-25 09:34:17.510,3.369,20000
2020-08-25 09:34:17.510,3.369,1900
2020-08-25 09:34:17.510,3.369,3000
2020-08-25 09:34:17.510,3.369,12500
2020-08-25 09:34:17.510,3.369,93000
2020-08-25 09:34:18.060,3.368,3100
2020-08-25 09:34:18.060,3.368,200
2020-08-25 09:34:18.060,3.368,500
2020-08-25 09:34:18.060,3.368,1000
2020-08-25 09:34:18.060,3.368,3000
2020-08-25 09:34:18.060,3.368,3000
2020-08-25 09:34:18.060,3.368,400
2020-08-25 09:34:18.060,3.368,3800
2020-08-25 09:34:18.520,3.369,122500
2020-08-25 09:34:18.520,3.369,72900
2020-08-25 09:34:19.390,3.369,135600
2020-08-25 09:34:20.920,3.368,3000
2020-08-25 09:34:20.990,3.368,1000
2020-08-25 09:34:21.120,3.368,16000
2020-08-25 09:34:21.420,3.369,200
2020-08-25 09:34:22.290,3.368,24000
2020-08-25 09:34:22.290,3.368,200000
2020-08-25 09:34:22.290,3.367,73900
2020-08-25 09:34:22.290,3.367,81000
2020-08-25 09:34:22.290,3.367,121100
2020-08-25 09:34:23.570,3.369,91300
2020-08-25 09:34:23.570,3.369,500
2020-08-25 09:34:23.570,3.369,2500
2020-08-25 09:34:23.570,3.369,5000
2020-08-25 09:34:23.570,3.369,5000
2020-08-25 09:34:23.570,3.369,9800
2020-08-25 09:34:23.570,3.37,9300
2020-08-25 09:34:23.570,3.37,10000
2020-08-25 09:34:23.570,3.37,30000
2020-08-25 09:34:23.570,3.37,30000
2020-08-25 09:34:23.570,3.37,30000
2020-08-25 09:34:23.570,3.37,30000
2020-08-25 09:34:23.570,3.37,30000
2020-08-25 09:34:23.570,3.37,30000
2020-08-25 09:34:23.570,3.37,30000
2020-08-25 09:34:23.570,3.37,10800
2020-08-25 09:34:23.840,3.37,19200
2020-08-25 09:34:23.840,3.37,19000
2020-08-25 09:34:23.930,3.369,1100
2020-08-25 09:34:24.290,3.369,1200
2020-08-25 09:34:24.700,3.368,100000
2020-08-25 09:34:24.700,3.368,30000
2020-08-25 09:34:26.140,3.368,30000
2020-08-25 09:34:26.230,3.368,1200
2020-08-25 09:34:26.370,3.369,800
2020-08-25 09:34:26.370,3.369,58500
2020-08-25 09:34:26.530,3.369,5000
2020-08-25 09:34:27.450,3.369,5000
2020-08-25 09:34:27.450,3.368,85000
2020-08-25 09:34:27.910,3.369,9000
2020-08-25 09:34:28.210,3.37,200
2020-08-25 09:34:29.180,3.369,30000
2020-08-25 09:34:29.590,3.369,10000
2020-08-25 09:34:30.010,3.37,3600
2020-08-25 09:34:30.010,3.37,3000
2020-08-25 09:34:30.010,3.37,1000
2020-08-25 09:34:30.010,3.37,77400
2020-08-25 09:34:30.010,3.37,7700
2020-08-25 09:34:30.010,3.37,8100
2020-08-25 09:34:30.010,3.37,10000
2020-08-25 09:34:30.010,3.37,2200
2020-08-25 09:34:30.010,3.37,7500
2020-08-25 09:34:30.240,3.37,100
2020-08-25 09:34:30.390,3.37,6100
2020-08-25 09:34:30.390,3.369,13900
2020-08-25 09:34:31.000,3.37,8300
2020-08-25 09:34:31.000,3.37,1500
2020-08-25 09:34:31.000,3.37,6000
2020-08-25 09:34:31.030,3.37,10000
2020-08-25 09:34:31.680,3.37,3000
2020-08-25 09:34:31.910,3.37,1000
2020-08-25 09:34:32.230,3.37,20000
2020-08-25 09:34:33.120,3.37,2800
2020-08-25 09:34:33.370,3.37,42400
2020-08-25 09:34:33.370,3.37,100
2020-08-25 09:34:33.430,3.37,10000
2020-08-25 09:34:34.090,3.37,22700
2020-08-25 09:34:34.090,3.371,100
2020-08-25 09:34:34.090,3.371,4800
2020-08-25 09:34:34.090,3.371,100
2020-08-25 09:34:34.800,3.37,5000
2020-08-25 09:34:35.140,3.37,30000
2020-08-25 09:34:35.290,3.371,4900
2020-08-25 09:34:35.290,3.371,300
2020-08-25 09:34:35.290,3.371,93000
2020-08-25 09:34:35.290,3.371,3000
2020-08-25 09:34:35.290,3.371,20000
2020-08-25 09:34:35.290,3.371,5000
2020-08-25 09:34:35.290,3.371,5000
2020-08-25 09:34:35.730,3.37,10000
2020-08-25 09:34:36.220,3.37,3000
2020-08-25 09:34:36.410,3.37,1000
2020-08-25 09:34:36.410,3.37,600
2020-08-25 09:34:36.440,3.37,5400
2020-08-25 09:34:36.560,3.37,10000
2020-08-25 09:34:36.650,3.37,7600
2020-08-25 09:34:37.600,3.37,100
2020-08-25 09:34:37.760,3.37,2000
2020-08-25 09:34:38.120,3.37,11000
2020-08-25 09:34:38.520,3.37,80000
2020-08-25 09:34:38.990,3.371,4400
2020-08-25 09:34:39.040,3.371,5000
2020-08-25 09:34:39.250,3.371,2000
2020-08-25 09:34:39.440,3.372,1200
2020-08-25 09:34:40.700,3.371,18500
2020-08-25 09:34:40.960,3.372,28000
2020-08-25 09:34:40.960,3.372,10000
2020-08-25 09:34:40.960,3.372,17800
2020-08-25 09:34:40.960,3.372,5000
2020-08-25 09:34:40.960,3.372,10000
2020-08-25 09:34:40.960,3.372,5000
2020-08-25 09:34:40.960,3.372,8600
2020-08-25 09:34:40.960,3.372,1000
2020-08-25 09:34:40.960,3.372,100
2020-08-25 09:34:40.960,3.372,14500
2020-08-25 09:34:41.160,3.371,30000
2020-08-25 09:34:41.160,3.371,30000
2020-08-25 09:34:41.160,3.371,30000
2020-08-25 09:34:41.160,3.371,10000
2020-08-25 09:34:41.190,3.371,500
2020-08-25 09:34:41.350,3.371,29600
2020-08-25 09:34:41.350,3.37,15400
2020-08-25 09:34:41.410,3.37,300
2020-08-25 09:34:41.680,3.37,1000
2020-08-25 09:34:41.780,3.371,100
2020-08-25 09:34:42.050,3.371,4100
2020-08-25 09:34:42.090,3.371,15800
2020-08-25 09:34:42.220,3.371,2000
2020-08-25 09:34:42.360,3.371,1000
2020-08-25 09:34:42.420,3.371,45800
2020-08-25 09:34:42.450,3.37,5000
2020-08-25 09:34:43.040,3.371,4200
2020-08-25 09:34:43.040,3.371,7000
2020-08-25 09:34:43.040,3.372,1800
2020-08-25 09:34:43.040,3.372,1000
2020-08-25 09:34:43.040,3.372,3500
2020-08-25 09:34:43.040,3.372,1500
2020-08-25 09:34:43.130,3.372,5000
2020-08-25 09:34:43.190,3.372,276100
2020-08-25 09:34:43.190,3.371,300000
2020-08-25 09:34:43.190,3.37,72600
2020-08-25 09:34:43.190,3.37,300000
2020-08-25 09:34:43.190,3.37,1000
2020-08-25 09:34:43.190,3.37,8000
2020-08-25 09:34:43.190,3.37,42300
2020-08-25 09:34:43.320,3.373,1000
2020-08-25 09:34:43.320,3.373,3200
2020-08-25 09:34:43.320,3.373,1000
2020-08-25 09:34:43.320,3.373,3800
2020-08-25 09:34:43.320,3.373,200
2020-08-25 09:34:43.320,3.373,3000
2020-08-25 09:34:43.320,3.373,3000
2020-08-25 09:34:43.320,3.373,100
2020-08-25 09:34:43.320,3.373,1000
2020-08-25 09:34:43.320,3.373,1500
2020-08-25 09:34:43.320,3.373,1500
2020-08-25 09:34:43.320,3.373,9000
2020-08-25 09:34:43.320,3.373,3500
2020-08-25 09:34:43.320,3.373,6000
2020-08-25 09:34:43.320,3.373,200
2020-08-25 09:34:43.320,3.373,10000
2020-08-25 09:34:43.320,3.373,1400
2020-08-25 09:34:43.320,3.373,10000
2020-08-25 09:34:43.320,3.373,1000
2020-08-25 09:34:43.320,3.373,20000
2020-08-25 09:34:43.320,3.373,5000
2020-08-25 09:34:43.320,3.373,7000
2020-08-25 09:34:43.320,3.373,1000
2020-08-25 09:34:43.320,3.373,5000
2020-08-25 09:34:43.320,3.373,5000
2020-08-25 09:34:43.320,3.373,3000
2020-08-25 09:34:43.320,3.373,1000
2020-08-25 09:34:43.320,3.373,1000
2020-08-25 09:34:43.320,3.373,3000
2020-08-25 09:34:43.320,3.373,93000
2020-08-25 09:34:43.320,3.373,100
2020-08-25 09:34:43.320,3.373,5500
2020-08-25 09:34:43.320,3.371,30800
2020-08-25 09:34:43.640,3.372,1000
2020-08-25 09:34:43.980,3.372,8000
2020-08-25 09:34:44.140,3.372,30000
2020-08-25 09:34:44.140,3.372,50000
2020-08-25 09:34:44.410,3.372,1000
2020-08-25 09:34:44.680,3.372,1300
2020-08-25 09:34:45.210,3.372,10000
2020-08-25 09:34:45.460,3.373,10000
2020-08-25 09:34:45.460,3.373,7000
2020-08-25 09:34:45.460,3.373,5000
2020-08-25 09:34:45.460,3.373,5000
2020-08-25 09:34:47.110,3.373,20000
2020-08-25 09:34:47.140,3.373,6800
2020-08-25 09:34:47.140,3.372,93200
2020-08-25 09:34:47.660,3.372,3000
2020-08-25 09:34:47.950,3.372,2700
2020-08-25 09:34:49.020,3.372,1500
2020-08-25 09:34:49.050,3.372,1000
2020-08-25 09:34:50.060,3.373,100
2020-08-25 09:34:50.310,3.373,400
2020-08-25 09:34:50.310,3.374,1500
2020-08-25 09:34:50.310,3.374,100
2020-08-25 09:34:50.310,3.374,10000
2020-08-25 09:34:50.310,3.374,5000
2020-08-25 09:34:50.310,3.374,1000
2020-08-25 09:34:50.310,3.374,10000
2020-08-25 09:34:50.310,3.374,6000
2020-08-25 09:34:50.310,3.374,500
2020-08-25 09:34:50.310,3.374,6000
2020-08-25 09:34:50.310,3.374,600
2020-08-25 09:34:50.310,3.374,10000
2020-08-25 09:34:50.310,3.374,1000
2020-08-25 09:34:50.310,3.374,60000
2020-08-25 09:34:50.310,3.374,10000
2020-08-25 09:34:50.310,3.374,1000
2020-08-25 09:34:50.310,3.374,33600
2020-08-25 09:34:50.310,3.374,10000
2020-08-25 09:34:50.310,3.374,2000
2020-08-25 09:34:50.310,3.374,3700
2020-08-25 09:34:50.310,3.374,1000
2020-08-25 09:34:50.310,3.374,20000
2020-08-25 09:34:50.310,3.374,2000
2020-08-25 09:34:50.310,3.374,3000
2020-08-25 09:34:50.310,3.374,2000
2020-08-25 09:34:50.310,3.375,9600
2020-08-25 09:34:50.760,3.372,42500
2020-08-25 09:34:51.970,3.373,14900
2020-08-25 09:34:52.100,3.372,2000
2020-08-25 09:34:52.220,3.372,1000
2020-08-25 09:34:53.170,3.373,100
2020-08-25 09:34:53.300,3.373,5800
2020-08-25 09:34:53.300,3.372,700
2020-08-25 09:34:53.540,3.372,2000
2020-08-25 09:34:53.860,3.372,8000
2020-08-25 09:34:54.890,3.372,100
2020-08-25 09:34:54.920,3.372,1500
2020-08-25 09:34:54.920,3.374,800
2020-08-25 09:34:54.920,3.374,1000
2020-08-25 09:34:54.920,3.374,1000
2020-08-25 09:34:54.920,3.375,200
2020-08-25 09:34:55.300,3.372,3000
2020-08-25 09:34:56.100,3.372,300
2020-08-25 09:34:56.280,3.372,2900
2020-08-25 09:34:56.280,3.373,200
2020-08-25 09:34:56.650,3.373,2500
2020-08-25 09:34:56.650,3.373,2100
2020-08-25 09:34:57.060,3.373,700
2020-08-25 09:34:57.060,3.372,1300
2020-08-25 09:34:57.930,3.372,7000
2020-08-25 09:34:58.180,3.373,300
2020-08-25 09:34:58.760,3.372,3000
2020-08-25 09:34:59.270,3.372,1000
2020-08-25 09:34:59.670,3.372,21000
2020-08-25 09:34:59.670,3.372,103700
2020-08-25 09:34:59.700,3.373,1700
2020-08-25 09:34:59.700,3.373,200
2020-08-25 09:34:59.700,3.373,20000
2020-08-25 09:35:00.010,3.374,1200
2020-08-25 09:35:01.830,3.374,4000
2020-08-25 09:35:02.050,3.373,100
2020-08-25 09:35:02.190,3.373,19500
2020-08-25 09:35:02.190,3.373,600
2020-08-25 09:35:02.190,3.373,200
2020-08-25 09:35:02.190,3.373,1000
2020-08-25 09:35:02.190,3.373,78700
2020-08-25 09:35:02.190,3.373,100000
2020-08-25 09:35:02.190,3.373,100000
2020-08-25 09:35:02.190,3.373,100000
2020-08-25 09:35:02.190,3.374,15000
2020-08-25 09:35:02.710,3.373,18200
2020-08-25 09:35:02.770,3.373,22500
2020-08-25 09:35:03.450,3.373,4000
2020-08-25 09:35:04.030,3.373,3600
2020-08-25 09:35:04.120,3.374,42200
2020-08-25 09:35:04.120,3.374,10000
2020-08-25 09:35:04.120,3.374,500
2020-08-25 09:35:04.120,3.374,5000
2020-08-25 09:35:04.120,3.374,1000
2020-08-25 09:35:04.120,3.374,2000
2020-08-25 09:35:04.120,3.374,4500
2020-08-25 09:35:04.120,3.374,20000
2020-08-25 09:35:04.120,3.374,2000
2020-08-25 09:35:04.120,3.374,50000
2020-08-25 09:35:04.120,3.374,1000
2020-08-25 09:35:04.120,3.374,1500
2020-08-25 09:35:04.120,3.374,9000
2020-08-25 09:35:04.880,3.374,54800
2020-08-25 09:35:05.140,3.374,50000
2020-08-25 09:35:05.140,3.374,30000
2020-08-25 09:35:05.140,3.374,16500
2020-08-25 09:35:05.140,3.374,13500
2020-08-25 09:35:05.140,3.374,20000
2020-08-25 09:35:05.140,3.374,30000
2020-08-25 09:35:05.140,3.374,20000
2020-08-25 09:35:05.140,3.374,10000
2020-08-25 09:35:05.140,3.374,30000
2020-08-25 09:35:05.140,3.374,10000
2020-08-25 09:35:05.210,3.374,37700
2020-08-25 09:35:05.390,3.375,200
2020-08-25 09:35:05.390,3.375,3800
2020-08-25 09:35:06.190,3.375,6200
2020-08-25 09:35:06.190,3.375,300
2020-08-25 09:35:06.190,3.375,200
2020-08-25 09:35:06.190,3.375,100
2020-08-25 09:35:06.190,3.375,3000
2020-08-25 09:35:06.190,3.375,1200
2020-08-25 09:35:06.190,3.375,1000
2020-08-25 09:35:06.190,3.375,100
2020-08-25 09:35:06.190,3.375,10000
2020-08-25 09:35:06.190,3.375,10000
2020-08-25 09:35:06.190,3.375,400
2020-08-25 09:35:06.190,3.375,4000
2020-08-25 09:35:06.190,3.375,200
2020-08-25 09:35:06.190,3.375,200
2020-08-25 09:35:06.190,3.375,10000
2020-08-25 09:35:06.190,3.375,50000
2020-08-25 09:35:06.190,3.375,3000
2020-08-25 09:35:06.190,3.375,3000
2020-08-25 09:35:06.190,3.375,3000
2020-08-25 09:35:06.190,3.375,10000
2020-08-25 09:35:06.190,3.375,5000
2020-08-25 09:35:06.190,3.375,6000
2020-08-25 09:35:06.190,3.375,5000
2020-08-25 09:35:06.190,3.375,10000
2020-08-25 09:35:06.190,3.375,1800
2020-08-25 09:35:06.190,3.375,12000
2020-08-25 09:35:06.190,3.375,3000
2020-08-25 09:35:06.190,3.375,10000
2020-08-25 09:35:06.190,3.375,5000
2020-08-25 09:35:06.190,3.375,2000
2020-08-25 09:35:06.190,3.375,3000
2020-08-25 09:35:06.190,3.375,10000
2020-08-25 09:35:06.190,3.375,100
2020-08-25 09:35:06.190,3.375,10000
2020-08-25 09:35:06.190,3.375,3000
2020-08-25 09:35:06.190,3.375,300
2020-08-25 09:35:06.190,3.375,500
2020-08-25 09:35:06.190,3.375,1000
2020-08-25 09:35:06.190,3.375,12000
2020-08-25 09:35:06.190,3.375,900
2020-08-25 09:35:06.190,3.375,20000
2020-08-25 09:35:06.190,3.375,53500
2020-08-25 09:35:06.760,3.374,10000
2020-08-25 09:35:06.820,3.375,500
2020-08-25 09:35:06.820,3.375,10000
2020-08-25 09:35:06.820,3.375,5000
2020-08-25 09:35:06.820,3.375,1600
2020-08-25 09:35:06.820,3.375,5000
2020-08-25 09:35:06.820,3.375,100
2020-08-25 09:35:06.820,3.375,1000
2020-08-25 09:35:06.820,3.375,2000
2020-08-25 09:35:06.820,3.375,6200
2020-08-25 09:35:06.820,3.375,10000
2020-08-25 09:35:06.820,3.375,500
2020-08-25 09:35:06.820,3.375,20000
2020-08-25 09:35:06.820,3.375,1000
2020-08-25 09:35:06.820,3.375,1000
2020-08-25 09:35:06.820,3.375,3100
2020-08-25 09:35:06.820,3.375,500
2020-08-25 09:35:06.820,3.375,100
2020-08-25 09:35:06.820,3.375,5000
2020-08-25 09:35:06.820,3.375,20000
2020-08-25 09:35:06.820,3.375,2300
2020-08-25 09:35:06.820,3.375,2000
2020-08-25 09:35:06.820,3.375,5000
2020-08-25 09:35:06.820,3.375,10000
2020-08-25 09:35:06.820,3.375,5400
2020-08-25 09:35:06.820,3.375,10000
2020-08-25 09:35:06.820,3.375,300
2020-08-25 09:35:06.820,3.375,5000
2020-08-25 09:35:06.820,3.375,1400
2020-08-25 09:35:06.820,3.375,16000
2020-08-25 09:35:06.820,3.375,10800
2020-08-25 09:35:06.820,3.375,1000
2020-08-25 09:35:06.820,3.375,500
2020-08-25 09:35:06.820,3.375,300
2020-08-25 09:35:06.820,3.375,5000
2020-08-25 09:35:06.820,3.375,50000
2020-08-25 09:35:06.820,3.375,2000
2020-08-25 09:35:06.820,3.375,80400
2020-08-25 09:35:07.560,3.374,2000
2020-08-25 09:35:07.650,3.375,1700
2020-08-25 09:35:08.190,3.375,300000
2020-08-25 09:35:08.510,3.374,400
2020-08-25 09:35:08.540,3.374,20000
2020-08-25 09:35:08.630,3.374,29100
2020-08-25 09:35:09.820,3.374,1000
2020-08-25 09:35:09.820,3.374,9000
2020-08-25 09:35:10.100,3.374,1000
2020-08-25 09:35:10.100,3.375,100
2020-08-25 09:35:10.100,3.375,4000
2020-08-25 09:35:10.100,3.375,100
2020-08-25 09:35:10.100,3.375,10000
2020-08-25 09:35:10.100,3.375,3000
2020-08-25 09:35:10.100,3.376,1400
2020-08-25 09:35:10.140,3.374,2000
2020-08-25 09:35:10.620,3.375,97300
2020-08-25 09:35:11.140,3.375,500
2020-08-25 09:35:11.140,3.374,8400
2020-08-25 09:35:11.450,3.374,10000
2020-08-25 09:35:11.450,3.374,9600
2020-08-25 09:35:11.450,3.374,300
2020-08-25 09:35:11.450,3.374,100
2020-08-25 09:35:11.570,3.375,5000
2020-08-25 09:35:11.710,3.374,4900
2020-08-25 09:35:11.710,3.374,17600
2020-08-25 09:35:11.800,3.374,3200
2020-08-25 09:35:12.300,3.373,3000
2020-08-25 09:35:14.140,3.374,3000
2020-08-25 09:35:14.450,3.374,3300
2020-08-25 09:35:14.450,3.373,30000
2020-08-25 09:35:14.450,3.373,30000
2020-08-25 09:35:14.670,3.374,3700
2020-08-25 09:35:14.670,3.374,500
2020-08-25 09:35:15.360,3.374,1000
2020-08-25 09:35:16.070,3.374,500
2020-08-25 09:35:17.130,3.374,9400
2020-08-25 09:35:17.130,3.374,100
2020-08-25 09:35:17.130,3.374,100
2020-08-25 09:35:17.130,3.374,2000
2020-08-25 09:35:17.130,3.374,71000
2020-08-25 09:35:17.130,3.375,15000
2020-08-25 09:35:17.130,3.375,600
2020-08-25 09:35:17.130,3.375,1800
2020-08-25 09:35:17.130,3.373,20000
2020-08-25 09:35:17.160,3.373,17100
2020-08-25 09:35:17.220,3.375,200
2020-08-25 09:35:17.660,3.374,5900
2020-08-25 09:35:17.660,3.374,22500
2020-08-25 09:35:18.930,3.374,1000
2020-08-25 09:35:19.350,3.375,8000
2020-08-25 09:35:19.350,3.375,100
2020-08-25 09:35:19.350,3.375,1900
2020-08-25 09:35:19.380,3.375,1000
2020-08-25 09:35:19.380,3.375,3300
2020-08-25 09:35:19.380,3.375,500
2020-08-25 09:35:19.380,3.375,1500
2020-08-25 09:35:19.380,3.375,25000
2020-08-25 09:35:19.380,3.375,10000
2020-08-25 09:35:19.380,3.375,1000
2020-08-25 09:35:19.380,3.375,3100
2020-08-25 09:35:19.800,3.375,1000
2020-08-25 09:35:20.140,3.375,2400
2020-08-25 09:35:20.140,3.375,10000
2020-08-25 09:35:20.140,3.375,30000
2020-08-25 09:35:20.140,3.375,10000
2020-08-25 09:35:20.140,3.375,30000
2020-08-25 09:35:20.140,3.375,6800
2020-08-25 09:35:20.140,3.375,23200
2020-08-25 09:35:20.600,3.375,3500
2020-08-25 09:35:21.160,3.375,32100
2020-08-25 09:35:21.160,3.374,220600
2020-08-25 09:35:21.160,3.374,47300
2020-08-25 09:35:22.630,3.374,20000
2020-08-25 09:35:22.900,3.375,200
2020-08-25 09:35:22.970,3.374,2800
2020-08-25 09:35:23.150,3.374,1300
2020-08-25 09:35:23.150,3.374,30000
2020-08-25 09:35:23.150,3.374,28600
2020-08-25 09:35:23.150,3.374,1400
2020-08-25 09:35:23.150,3.374,30000
2020-08-25 09:35:23.150,3.374,1800
2020-08-25 09:35:23.150,3.374,8200
2020-08-25 09:35:23.900,3.374,5000
2020-08-25 09:35:25.620,3.375,9800
2020-08-25 09:35:25.620,3.375,1000
2020-08-25 09:35:25.620,3.375,9200
2020-08-25 09:35:26.250,3.374,10000
2020-08-25 09:35:26.870,3.374,3100
2020-08-25 09:35:27.540,3.374,1400
2020-08-25 09:35:27.540,3.374,1600
2020-08-25 09:35:28.000,3.375,500
2020-08-25 09:35:28.270,3.375,50100
2020-08-25 09:35:28.270,3.375,100
2020-08-25 09:35:28.270,3.375,3000
2020-08-25 09:35:28.270,3.375,5000
2020-08-25 09:35:28.270,3.375,1700
2020-08-25 09:35:28.270,3.375,10000
2020-08-25 09:35:28.270,3.375,5000
2020-08-25 09:35:28.270,3.375,2000
2020-08-25 09:35:28.270,3.376,4300
2020-08-25 09:35:28.270,3.376,200
2020-08-25 09:35:28.270,3.376,300
2020-08-25 09:35:28.270,3.376,100
2020-08-25 09:35:28.270,3.376,500
2020-08-25 09:35:28.270,3.376,1500
2020-08-25 09:35:28.270,3.376,1000
2020-08-25 09:35:28.270,3.376,600
2020-08-25 09:35:28.270,3.376,2500
2020-08-25 09:35:28.270,3.376,100
2020-08-25 09:35:28.270,3.376,500
2020-08-25 09:35:28.270,3.376,6000
2020-08-25 09:35:28.270,3.376,6000
2020-08-25 09:35:28.270,3.376,10000
2020-08-25 09:35:28.270,3.376,50000
2020-08-25 09:35:28.270,3.376,20000
2020-08-25 09:35:28.270,3.376,3100
2020-08-25 09:35:28.270,3.376,500
2020-08-25 09:35:28.270,3.376,10000
2020-08-25 09:35:28.270,3.376,7000
2020-08-25 09:35:28.270,3.376,1800
2020-08-25 09:35:28.270,3.376,4000
2020-08-25 09:35:28.270,3.376,400
2020-08-25 09:35:28.270,3.376,2700
2020-08-25 09:35:31.160,3.374,300
2020-08-25 09:35:32.190,3.374,1000
2020-08-25 09:35:32.190,3.374,1500
2020-08-25 09:35:32.190,3.374,27500
2020-08-25 09:35:32.380,3.374,15500
2020-08-25 09:35:32.630,3.375,1000
2020-08-25 09:35:32.630,3.375,3000
2020-08-25 09:35:32.630,3.375,400
2020-08-25 09:35:32.840,3.375,500
2020-08-25 09:35:33.590,3.375,10300
2020-08-25 09:35:33.840,3.375,18800
2020-08-25 09:35:33.840,3.375,1000
2020-08-25 09:35:33.840,3.375,3000
2020-08-25 09:35:33.840,3.375,7500
2020-08-25 09:35:33.840,3.375,2700
2020-08-25 09:35:33.840,3.375,50000
2020-08-25 09:35:33.840,3.376,2300
2020-08-25 09:35:33.840,3.376,2000
2020-08-25 09:35:33.840,3.376,10000
2020-08-25 09:35:33.840,3.376,30000
2020-08-25 09:35:33.840,3.376,10000
2020-08-25 09:35:33.840,3.376,15000
2020-08-25 09:35:33.840,3.376,50000
2020-08-25 09:35:33.840,3.376,7700
2020-08-25 09:35:33.900,3.376,1000
2020-08-25 09:35:34.310,3.374,200
2020-08-25 09:35:34.410,3.375,300
2020-08-25 09:35:34.590,3.375,10000
2020-08-25 09:35:35.140,3.375,80000
2020-08-25 09:35:35.140,3.375,10000
2020-08-25 09:35:35.140,3.375,10000
2020-08-25 09:35:36.000,3.375,1200
2020-08-25 09:35:36.870,3.375,8000
2020-08-25 09:35:37.290,3.376,1300
2020-08-25 09:35:37.290,3.376,20000
2020-08-25 09:35:37.290,3.376,1000
2020-08-25 09:35:37.290,3.376,39000
2020-08-25 09:35:37.290,3.376,1000
2020-08-25 09:35:37.290,3.376,3000
2020-08-25 09:35:37.290,3.376,1000
2020-08-25 09:35:37.290,3.376,100
2020-08-25 09:35:37.290,3.376,2000
2020-08-25 09:35:37.290,3.376,2600
2020-08-25 09:35:37.290,3.376,2000
2020-08-25 09:35:37.290,3.376,17000
2020-08-25 09:35:37.410,3.375,2900
2020-08-25 09:35:37.950,3.375,13200
2020-08-25 09:35:37.950,3.375,100
2020-08-25 09:35:40.470,3.375,1500
2020-08-25 09:35:40.470,3.375,6000
2020-08-25 09:35:40.470,3.375,7500
2020-08-25 09:35:41.130,3.374,10000
2020-08-25 09:35:41.130,3.374,30000
2020-08-25 09:35:41.130,3.374,30000
2020-08-25 09:35:41.130,3.374,30000
2020-08-25 09:35:41.130,3.374,30000
2020-08-25 09:35:41.130,3.374,20000
2020-08-25 09:35:41.130,3.374,30000
2020-08-25 09:35:41.130,3.374,30000
2020-08-25 09:35:41.130,3.374,10000
2020-08-25 09:35:41.130,3.374,30000
2020-08-25 09:35:41.130,3.374,10000
2020-08-25 09:35:41.130,3.374,20000
2020-08-25 09:35:41.950,3.375,2500
2020-08-25 09:35:41.950,3.375,2500
2020-08-25 09:35:42.290,3.375,2000
2020-08-25 09:35:42.490,3.375,100
2020-08-25 09:35:42.610,3.374,2100
2020-08-25 09:35:42.670,3.374,100
2020-08-25 09:35:42.670,3.375,300
2020-08-25 09:35:43.110,3.375,100
2020-08-25 09:35:43.110,3.375,7000
2020-08-25 09:35:43.110,3.375,500
2020-08-25 09:35:43.110,3.375,200
2020-08-25 09:35:43.110,3.374,17800
2020-08-25 09:35:43.110,3.374,17000
2020-08-25 09:35:43.750,3.375,3800
2020-08-25 09:35:43.750,3.375,5000
2020-08-25 09:35:43.750,3.375,30000
2020-08-25 09:35:43.750,3.375,5400
2020-08-25 09:35:43.810,3.375,19700
2020-08-25 09:35:44.180,3.374,30000
2020-08-25 09:35:44.950,3.375,10000
2020-08-25 09:35:44.950,3.374,11800
2020-08-25 09:35:45.170,3.374,2000
2020-08-25 09:35:47.000,3.373,272900
2020-08-25 09:35:47.000,3.373,3000
2020-08-25 09:35:47.000,3.373,24100
2020-08-25 09:35:47.150,3.373,40000
2020-08-25 09:35:47.150,3.373,10000
2020-08-25 09:35:47.150,3.373,10000
2020-08-25 09:35:47.150,3.373,51500
2020-08-25 09:35:47.150,3.373,300
2020-08-25 09:35:49.370,3.373,28200
2020-08-25 09:35:49.370,3.373,80000
2020-08-25 09:35:49.370,3.373,27400
2020-08-25 09:35:49.870,3.372,100000
2020-08-25 09:35:50.930,3.373,1500
2020-08-25 09:35:51.460,3.373,1000
2020-08-25 09:35:52.630,3.372,2000
2020-08-25 09:35:52.750,3.372,10000
2020-08-25 09:35:52.870,3.372,5000
2020-08-25 09:35:53.330,3.373,100
2020-08-25 09:35:53.330,3.373,10000
2020-08-25 09:35:53.330,3.373,30000
2020-08-25 09:35:53.330,3.373,30000
2020-08-25 09:35:53.330,3.373,11000
2020-08-25 09:35:53.330,3.374,100
2020-08-25 09:35:53.330,3.374,3000
2020-08-25 09:35:53.330,3.374,500
2020-08-25 09:35:53.330,3.374,1000
2020-08-25 09:35:53.330,3.374,2000
2020-08-25 09:35:53.330,3.375,1000
2020-08-25 09:35:53.330,3.375,40000
2020-08-25 09:35:53.330,3.375,30000
2020-08-25 09:35:53.330,3.375,5000
2020-08-25 09:35:53.330,3.375,2000
2020-08-25 09:35:53.330,3.375,2000
2020-08-25 09:35:53.330,3.375,3000
2020-08-25 09:35:53.330,3.375,5000
2020-08-25 09:35:53.330,3.375,2500
2020-08-25 09:35:53.330,3.375,300
2020-08-25 09:35:53.330,3.375,31500
2020-08-25 09:35:53.760,3.373,2500
2020-08-25 09:35:53.760,3.372,27500
2020-08-25 09:35:54.590,3.374,100
2020-08-25 09:35:54.590,3.373,4900
2020-08-25 09:35:54.620,3.375,11900
2020-08-25 09:35:54.620,3.375,9700
2020-08-25 09:35:54.620,3.375,28400
2020-08-25 09:35:56.440,3.373,100
2020-08-25 09:35:56.470,3.373,800
2020-08-25 09:35:56.720,3.373,1200
2020-08-25 09:35:57.560,3.375,1400
2020-08-25 09:35:58.950,3.375,24300
2020-08-25 09:35:59.130,3.373,1000
2020-08-25 09:35:59.370,3.373,5000
2020-08-25 09:35:59.990,3.374,100
2020-08-25 09:35:59.990,3.373,900
2020-08-25 09:36:00.280,3.373,5000
2020-08-25 09:36:01.320,3.373,100
2020-08-25 09:36:01.600,3.373,14900
2020-08-25 09:36:02.610,3.374,2500
2020-08-25 09:36:02.610,3.374,1000
2020-08-25 09:36:02.610,3.375,24300
2020-08-25 09:36:02.610,3.375,40000
2020-08-25 09:36:02.610,3.375,2500
2020-08-25 09:36:02.610,3.375,2000
2020-08-25 09:36:02.610,3.375,6000
2020-08-25 09:36:02.610,3.375,1300
2020-08-25 09:36:02.610,3.375,220400
2020-08-25 09:36:03.510,3.373,1000
2020-08-25 09:36:05.680,3.374,1000
2020-08-25 09:36:05.940,3.374,500
2020-08-25 09:36:05.940,3.373,500
2020-08-25 09:36:05.940,3.373,3000
2020-08-25 09:36:05.940,3.373,3000
2020-08-25 09:36:05.940,3.373,400
2020-08-25 09:36:05.940,3.373,12600
2020-08-25 09:36:06.100,3.373,2900
2020-08-25 09:36:06.490,3.375,27000
2020-08-25 09:36:07.500,3.373,300
2020-08-25 09:36:08.130,3.373,1000
2020-08-25 09:36:08.710,3.374,29300
2020-08-25 09:36:09.180,3.374,10000
2020-08-25 09:36:09.530,3.375,15400
2020-08-25 09:36:09.530,3.375,4000
2020-08-25 09:36:09.530,3.375,100000
2020-08-25 09:36:09.530,3.375,4000
2020-08-25 09:36:09.530,3.375,20000
2020-08-25 09:36:09.530,3.375,3600
2020-08-25 09:36:09.530,3.375,1000
2020-08-25 09:36:09.530,3.375,500
2020-08-25 09:36:09.530,3.375,5000
2020-08-25 09:36:09.530,3.375,5000
2020-08-25 09:36:09.530,3.375,11300
2020-08-25 09:36:09.530,3.375,5000
2020-08-25 09:36:09.530,3.375,5000
2020-08-25 09:36:09.710,3.375,20200
2020-08-25 09:36:09.710,3.375,290000
2020-08-25 09:36:10.120,3.375,229900
2020-08-25 09:36:10.120,3.375,77200
2020-08-25 09:36:10.300,3.374,600
2020-08-25 09:36:10.520,3.374,100
2020-08-25 09:36:10.850,3.375,282700
2020-08-25 09:36:10.850,3.375,9200
2020-08-25 09:36:10.850,3.375,2000
2020-08-25 09:36:10.900,3.375,2500
2020-08-25 09:36:11.030,3.375,300
2020-08-25 09:36:11.570,3.375,3400
2020-08-25 09:36:11.570,3.375,16600
2020-08-25 09:36:11.740,3.375,2000
2020-08-25 09:36:12.150,3.375,2200
2020-08-25 09:36:12.210,3.375,1300
2020-08-25 09:36:12.820,3.375,1000
2020-08-25 09:36:13.010,3.375,7600
2020-08-25 09:36:13.270,3.375,18700
2020-08-25 09:36:13.420,3.375,22700
2020-08-25 09:36:13.760,3.376,33000
2020-08-25 09:36:13.760,3.376,300
2020-08-25 09:36:13.760,3.376,100
2020-08-25 09:36:13.760,3.376,1000
2020-08-25 09:36:13.760,3.376,5000
2020-08-25 09:36:13.760,3.376,300
2020-08-25 09:36:13.760,3.376,5700
2020-08-25 09:36:13.760,3.376,15000
2020-08-25 09:36:13.760,3.376,10000
2020-08-25 09:36:13.760,3.376,11200
2020-08-25 09:36:13.760,3.376,57300
2020-08-25 09:36:13.760,3.376,5000
2020-08-25 09:36:13.760,3.376,156100
2020-08-25 09:36:13.760,3.376,300000
2020-08-25 09:36:13.760,3.376,22900
2020-08-25 09:36:13.760,3.376,2000
2020-08-25 09:36:13.760,3.376,1000
2020-08-25 09:36:13.760,3.376,12300
2020-08-25 09:36:13.760,3.376,15200
2020-08-25 09:36:13.760,3.376,500
2020-08-25 09:36:13.760,3.376,10000
2020-08-25 09:36:13.760,3.376,3000
2020-08-25 09:36:13.760,3.376,40000
2020-08-25 09:36:13.760,3.376,6000
2020-08-25 09:36:13.760,3.376,10000
2020-08-25 09:36:13.760,3.376,100
2020-08-25 09:36:13.760,3.376,100
2020-08-25 09:36:14.280,3.376,40000
2020-08-25 09:36:14.470,3.376,30000
2020-08-25 09:36:14.780,3.376,40000
2020-08-25 09:36:14.780,3.376,20000
2020-08-25 09:36:14.840,3.377,11000
2020-08-25 09:36:14.840,3.377,10000
2020-08-25 09:36:14.840,3.377,3000
2020-08-25 09:36:14.840,3.377,200
2020-08-25 09:36:14.840,3.377,1000
2020-08-25 09:36:14.840,3.377,12800
2020-08-25 09:36:14.840,3.377,1000
2020-08-25 09:36:14.840,3.377,400
2020-08-25 09:36:14.840,3.377,10000
2020-08-25 09:36:14.840,3.377,4000
2020-08-25 09:36:14.840,3.377,7000
2020-08-25 09:36:14.840,3.377,4000
2020-08-25 09:36:14.840,3.377,6000
2020-08-25 09:36:14.840,3.377,10000
2020-08-25 09:36:14.840,3.377,20000
2020-08-25 09:36:14.840,3.377,6000
2020-08-25 09:36:14.840,3.377,100
2020-08-25 09:36:14.840,3.377,1000
2020-08-25 09:36:14.840,3.377,30000
2020-08-25 09:36:14.840,3.377,50000
2020-08-25 09:36:14.840,3.377,4600
2020-08-25 09:36:14.840,3.377,40000
2020-08-25 09:36:14.840,3.377,3000
2020-08-25 09:36:14.840,3.377,10000
2020-08-25 09:36:14.840,3.377,8000
2020-08-25 09:36:14.840,3.377,100
2020-08-25 09:36:14.840,3.377,46800
2020-08-25 09:36:14.910,3.376,27600
2020-08-25 09:36:15.210,3.376,19300
2020-08-25 09:36:15.210,3.376,600
2020-08-25 09:36:15.210,3.375,100
2020-08-25 09:36:15.420,3.375,11000
2020-08-25 09:36:16.310,3.376,300
2020-08-25 09:36:16.310,3.375,5200
2020-08-25 09:36:17.180,3.375,40000
2020-08-25 09:36:17.500,3.375,29900
2020-08-25 09:36:17.560,3.376,300
2020-08-25 09:36:18.000,3.376,3000
2020-08-25 09:36:18.080,3.376,10000
2020-08-25 09:36:18.370,3.376,3000
2020-08-25 09:36:18.570,3.376,30100
2020-08-25 09:36:19.150,3.376,43600
2020-08-25 09:36:19.150,3.375,6400
2020-08-25 09:36:19.890,3.376,6000
2020-08-25 09:36:20.460,3.376,30000
2020-08-25 09:36:20.930,3.376,35400
2020-08-25 09:36:21.370,3.376,10000
2020-08-25 09:36:21.690,3.377,3200
2020-08-25 09:36:21.690,3.377,1000
2020-08-25 09:36:21.690,3.377,2000
2020-08-25 09:36:21.690,3.377,5400
2020-08-25 09:36:21.690,3.377,1000
2020-08-25 09:36:21.690,3.377,5000
2020-08-25 09:36:21.690,3.377,4000
2020-08-25 09:36:21.690,3.377,2000
2020-08-25 09:36:21.690,3.377,6400
2020-08-25 09:36:21.840,3.377,100
2020-08-25 09:36:21.960,3.377,300
2020-08-25 09:36:22.120,3.376,1000
2020-08-25 09:36:22.790,3.376,5000
2020-08-25 09:36:23.070,3.377,10000
2020-08-25 09:36:23.150,3.376,100
2020-08-25 09:36:23.190,3.376,30000
2020-08-25 09:36:23.190,3.376,18100
2020-08-25 09:36:23.190,3.376,1900
2020-08-25 09:36:23.190,3.376,70000
2020-08-25 09:36:23.190,3.376,40000
2020-08-25 09:36:23.190,3.376,10000
2020-08-25 09:36:23.190,3.376,100000
2020-08-25 09:36:24.020,3.377,3200
2020-08-25 09:36:24.020,3.377,1500
2020-08-25 09:36:24.020,3.377,4700
2020-08-25 09:36:24.020,3.377,400
2020-08-25 09:36:24.020,3.377,40000
2020-08-25 09:36:24.020,3.377,30000
2020-08-25 09:36:24.120,3.377,1000
2020-08-25 09:36:24.230,3.377,2000
2020-08-25 09:36:24.770,3.377,5100
2020-08-25 09:36:25.080,3.377,2000
2020-08-25 09:36:25.140,3.377,100
2020-08-25 09:36:25.140,3.377,39900
2020-08-25 09:36:25.600,3.377,1200
2020-08-25 09:36:26.150,3.376,10000
2020-08-25 09:36:26.150,3.376,10000
2020-08-25 09:36:26.150,3.376,40000
2020-08-25 09:36:26.370,3.377,200
2020-08-25 09:36:26.680,3.376,3000
2020-08-25 09:36:27.010,3.377,100
2020-08-25 09:36:27.010,3.377,4900
2020-08-25 09:36:27.520,3.376,14800
2020-08-25 09:36:28.060,3.376,400
2020-08-25 09:36:28.060,3.376,10100
2020-08-25 09:36:28.230,3.376,1500
2020-08-25 09:36:28.540,3.376,1000
2020-08-25 09:36:28.870,3.376,7400
2020-08-25 09:36:28.870,3.376,2600
2020-08-25 09:36:29.020,3.376,7000
2020-08-25 09:36:30.340,3.377,32600
2020-08-25 09:36:30.580,3.376,400
2020-08-25 09:36:30.580,3.376,900
2020-08-25 09:36:30.580,3.375,5200
2020-08-25 09:36:32.560,3.376,2000
2020-08-25 09:36:32.600,3.375,1000
2020-08-25 09:36:33.840,3.375,500
2020-08-25 09:36:33.840,3.375,29500
2020-08-25 09:36:34.140,3.376,1000
2020-08-25 09:36:34.140,3.376,1500
2020-08-25 09:36:34.140,3.376,2500
2020-08-25 09:36:34.140,3.376,2000
2020-08-25 09:36:34.410,3.376,5500
2020-08-25 09:36:34.410,3.376,2500
2020-08-25 09:36:34.410,3.376,2300
2020-08-25 09:36:34.410,3.376,1000
2020-08-25 09:36:34.410,3.377,7000
2020-08-25 09:36:34.410,3.377,10000
2020-08-25 09:36:34.410,3.377,2900
2020-08-25 09:36:34.410,3.377,1300
2020-08-25 09:36:34.410,3.377,10000
2020-08-25 09:36:34.410,3.377,500
2020-08-25 09:36:34.430,3.377,2900
2020-08-25 09:36:34.470,3.377,1400
2020-08-25 09:36:34.780,3.378,1200
2020-08-25 09:36:34.780,3.378,4500
2020-08-25 09:36:34.780,3.378,10000
2020-08-25 09:36:34.780,3.378,6000
2020-08-25 09:36:34.780,3.378,100
2020-08-25 09:36:34.780,3.378,1000
2020-08-25 09:36:34.780,3.378,2900
2020-08-25 09:36:35.150,3.377,30000
2020-08-25 09:36:35.150,3.377,6000
2020-08-25 09:36:35.180,3.377,5000
2020-08-25 09:36:35.210,3.377,30000
2020-08-25 09:36:35.210,3.377,10000
2020-08-25 09:36:35.600,3.377,7300
2020-08-25 09:36:35.600,3.377,20000
2020-08-25 09:36:36.300,3.376,2900
2020-08-25 09:36:36.360,3.375,1500
2020-08-25 09:36:37.270,3.376,1000
2020-08-25 09:36:38.070,3.376,36100
2020-08-25 09:36:38.070,3.376,23900
2020-08-25 09:36:40.310,3.376,100
2020-08-25 09:36:40.940,3.376,300
2020-08-25 09:36:42.840,3.375,1500
2020-08-25 09:36:43.280,3.375,2000
2020-08-25 09:36:43.280,3.375,8000
2020-08-25 09:36:43.280,3.375,300
2020-08-25 09:36:43.440,3.375,12200
2020-08-25 09:36:44.170,3.375,100000
2020-08-25 09:36:44.170,3.375,60000
2020-08-25 09:36:44.170,3.375,100000
2020-08-25 09:36:44.170,3.375,20000
2020-08-25 09:36:44.170,3.375,30000
2020-08-25 09:36:44.290,3.375,1000
2020-08-25 09:36:44.420,3.375,300
2020-08-25 09:36:44.770,3.375,2900
2020-08-25 09:36:45.010,3.375,80400
2020-08-25 09:36:45.890,3.375,200
2020-08-25 09:36:46.440,3.375,5000
2020-08-25 09:36:47.260,3.374,219300
2020-08-25 09:36:47.790,3.374,104400
2020-08-25 09:36:47.790,3.374,9600
2020-08-25 09:36:48.310,3.374,10000
2020-08-25 09:36:49.400,3.374,10400
2020-08-25 09:36:49.400,3.374,40000
2020-08-25 09:36:49.400,3.375,85200
2020-08-25 09:36:49.780,3.375,5000
2020-08-25 09:36:50.420,3.374,1800
2020-08-25 09:36:51.580,3.373,300
2020-08-25 09:36:52.460,3.375,1000
2020-08-25 09:36:53.390,3.373,10000
2020-08-25 09:36:53.390,3.373,900
2020-08-25 09:36:53.390,3.373,19100
2020-08-25 09:36:53.390,3.375,900
2020-08-25 09:36:53.420,3.373,20900
2020-08-25 09:36:53.670,3.373,10000
2020-08-25 09:36:54.040,3.372,20000
2020-08-25 09:36:54.070,3.373,10000
2020-08-25 09:36:55.370,3.372,300
2020-08-25 09:36:55.450,3.372,100
2020-08-25 09:36:55.820,3.373,82300
2020-08-25 09:36:55.820,3.373,10000
2020-08-25 09:36:55.820,3.373,10000
2020-08-25 09:36:56.410,3.373,90000
2020-08-25 09:36:56.410,3.373,60000
2020-08-25 09:36:56.960,3.373,3000
2020-08-25 09:36:58.250,3.374,1400
2020-08-25 09:36:58.250,3.374,1100
2020-08-25 09:36:58.250,3.374,1500
2020-08-25 09:36:58.250,3.373,1000
2020-08-25 09:36:58.960,3.374,500
2020-08-25 09:36:59.670,3.373,7000
2020-08-25 09:36:59.890,3.373,30000
2020-08-25 09:36:59.890,3.373,6800
2020-08-25 09:36:59.890,3.373,23200
2020-08-25 09:36:59.890,3.373,16800
2020-08-25 09:36:59.890,3.373,13200
2020-08-25 09:37:00.640,3.372,300
2020-08-25 09:37:00.920,3.373,100000
2020-08-25 09:37:02.230,3.372,5000
2020-08-25 09:37:02.350,3.373,1900
2020-08-25 09:37:02.350,3.374,38100
2020-08-25 09:37:02.540,3.374,10000
2020-08-25 09:37:02.660,3.373,1100
2020-08-25 09:37:03.160,3.373,600
2020-08-25 09:37:03.490,3.373,200
2020-08-25 09:37:03.670,3.374,10500
2020-08-25 09:37:03.670,3.374,2700
2020-08-25 09:37:03.670,3.374,10000
2020-08-25 09:37:03.670,3.374,6800
2020-08-25 09:37:04.080,3.373,1000
2020-08-25 09:37:04.380,3.374,8800
2020-08-25 09:37:05.460,3.375,9100
2020-08-25 09:37:05.460,3.375,1000
2020-08-25 09:37:05.460,3.375,2000
2020-08-25 09:37:05.460,3.375,200
2020-08-25 09:37:05.460,3.375,7400
2020-08-25 09:37:05.460,3.375,1000
2020-08-25 09:37:05.460,3.375,100000
2020-08-25 09:37:05.460,3.375,200
2020-08-25 09:37:05.460,3.375,1000
2020-08-25 09:37:05.460,3.375,5000
2020-08-25 09:37:05.460,3.375,3000
2020-08-25 09:37:05.460,3.375,10000
2020-08-25 09:37:05.460,3.375,3000
2020-08-25 09:37:05.460,3.375,3000
2020-08-25 09:37:06.420,3.375,5000
2020-08-25 09:37:06.630,3.375,30000
2020-08-25 09:37:06.660,3.375,300
2020-08-25 09:37:06.900,3.375,6000
2020-08-25 09:37:06.930,3.375,1900
2020-08-25 09:37:07.130,3.375,57700
2020-08-25 09:37:07.990,3.375,1600
2020-08-25 09:37:08.200,3.375,30000
2020-08-25 09:37:08.200,3.375,21600
2020-08-25 09:37:08.200,3.375,8400
2020-08-25 09:37:08.200,3.375,30000
2020-08-25 09:37:08.200,3.375,1600
2020-08-25 09:37:08.200,3.375,28400
2020-08-25 09:37:08.200,3.375,30000
2020-08-25 09:37:08.200,3.375,30000
2020-08-25 09:37:08.270,3.375,10000
2020-08-25 09:37:08.730,3.375,900
2020-08-25 09:37:09.250,3.376,27900
2020-08-25 09:37:09.250,3.376,30000
2020-08-25 09:37:09.250,3.376,100
2020-08-25 09:37:09.250,3.376,40000
2020-08-25 09:37:09.250,3.376,5000
2020-08-25 09:37:09.250,3.376,11600
2020-08-25 09:37:09.250,3.376,12800
2020-08-25 09:37:09.250,3.376,100
2020-08-25 09:37:09.250,3.376,10000
2020-08-25 09:37:09.250,3.376,1200
2020-08-25 09:37:09.250,3.376,15000
2020-08-25 09:37:09.250,3.376,20000
2020-08-25 09:37:09.250,3.376,2000
2020-08-25 09:37:09.250,3.376,10000
2020-08-25 09:37:09.250,3.376,20000
2020-08-25 09:37:09.250,3.376,30000
2020-08-25 09:37:09.250,3.376,33600
2020-08-25 09:37:09.250,3.376,3500
2020-08-25 09:37:09.250,3.376,4000
2020-08-25 09:37:09.250,3.376,5700
2020-08-25 09:37:09.250,3.376,200
2020-08-25 09:37:09.250,3.377,17300
2020-08-25 09:37:09.420,3.375,3000
2020-08-25 09:37:09.600,3.375,5000
2020-08-25 09:37:09.630,3.375,2000
2020-08-25 09:37:10.330,3.376,500
2020-08-25 09:37:10.510,3.376,100
2020-08-25 09:37:10.920,3.376,100
2020-08-25 09:37:11.140,3.377,500
2020-08-25 09:37:11.140,3.377,10000
2020-08-25 09:37:11.140,3.377,10000
2020-08-25 09:37:11.140,3.377,10000
2020-08-25 09:37:11.140,3.377,269500
2020-08-25 09:37:11.140,3.377,30800
2020-08-25 09:37:11.510,3.377,300000
2020-08-25 09:37:12.120,3.376,1000
2020-08-25 09:37:12.330,3.376,28300
2020-08-25 09:37:12.330,3.376,1700
2020-08-25 09:37:12.430,3.377,298500
2020-08-25 09:37:12.650,3.377,1200
2020-08-25 09:37:12.650,3.377,5000
2020-08-25 09:37:12.650,3.377,3000
2020-08-25 09:37:12.650,3.377,3000
2020-08-25 09:37:12.650,3.377,1300
2020-08-25 09:37:12.650,3.377,5000
2020-08-25 09:37:12.650,3.377,5000
2020-08-25 09:37:12.650,3.377,6500
2020-08-25 09:37:13.080,3.377,3500
2020-08-25 09:37:13.080,3.377,5000
2020-08-25 09:37:13.940,3.377,600
2020-08-25 09:37:14.130,3.378,17100
2020-08-25 09:37:14.130,3.378,1600
2020-08-25 09:37:14.130,3.378,6000
2020-08-25 09:37:14.130,3.378,6000
2020-08-25 09:37:14.130,3.378,1000
2020-08-25 09:37:14.130,3.378,4900
2020-08-25 09:37:14.130,3.378,10000
2020-08-25 09:37:14.130,3.378,2000
2020-08-25 09:37:14.130,3.378,1000
2020-08-25 09:37:14.130,3.378,2000
2020-08-25 09:37:14.130,3.378,700
2020-08-25 09:37:14.130,3.378,5000
2020-08-25 09:37:14.130,3.378,200
2020-08-25 09:37:14.130,3.378,3700
2020-08-25 09:37:14.130,3.378,1500
2020-08-25 09:37:14.130,3.378,100
2020-08-25 09:37:14.130,3.378,400
2020-08-25 09:37:14.130,3.378,5100
2020-08-25 09:37:14.130,3.378,1500
2020-08-25 09:37:14.130,3.378,2000
2020-08-25 09:37:14.130,3.378,2000
2020-08-25 09:37:14.130,3.378,5000
2020-08-25 09:37:14.130,3.378,500
2020-08-25 09:37:14.130,3.378,5000
2020-08-25 09:37:14.130,3.378,4200
2020-08-25 09:37:14.130,3.378,500
2020-08-25 09:37:14.130,3.378,100000
2020-08-25 09:37:14.130,3.378,10000
2020-08-25 09:37:14.130,3.378,3300
2020-08-25 09:37:14.130,3.378,5000
2020-08-25 09:37:14.130,3.378,300
2020-08-25 09:37:14.130,3.378,10800
2020-08-25 09:37:14.130,3.378,1000
2020-08-25 09:37:14.130,3.378,5000
2020-08-25 09:37:14.130,3.378,4700
2020-08-25 09:37:14.130,3.378,10000
2020-08-25 09:37:14.130,3.378,10000
2020-08-25 09:37:14.130,3.378,50000
2020-08-25 09:37:14.130,3.378,900
2020-08-25 09:37:14.820,3.377,500
2020-08-25 09:37:14.820,3.377,500
2020-08-25 09:37:14.920,3.377,289900
2020-08-25 09:37:14.920,3.377,300100
2020-08-25 09:37:14.920,3.377,300000
2020-08-25 09:37:15.140,3.376,3000
2020-08-25 09:37:15.520,3.376,200
2020-08-25 09:37:15.670,3.377,10000
2020-08-25 09:37:16.120,3.378,9100
2020-08-25 09:37:16.120,3.378,10000
2020-08-25 09:37:16.120,3.378,1000
2020-08-25 09:37:16.120,3.378,5000
2020-08-25 09:37:16.120,3.378,6000
2020-08-25 09:37:16.120,3.378,6000
2020-08-25 09:37:16.120,3.378,9000
2020-08-25 09:37:16.120,3.378,3000
2020-08-25 09:37:16.120,3.378,100
2020-08-25 09:37:16.120,3.378,40000
2020-08-25 09:37:16.120,3.378,1000
2020-08-25 09:37:16.120,3.378,5000
2020-08-25 09:37:16.120,3.378,1000
2020-08-25 09:37:16.120,3.378,10000
2020-08-25 09:37:16.120,3.379,50000
2020-08-25 09:37:16.120,3.379,20000
2020-08-25 09:37:16.120,3.379,200
2020-08-25 09:37:16.120,3.379,50000
2020-08-25 09:37:16.120,3.379,3200
2020-08-25 09:37:16.120,3.379,1000
2020-08-25 09:37:16.120,3.379,30000
2020-08-25 09:37:16.120,3.379,400
2020-08-25 09:37:16.120,3.379,400
2020-08-25 09:37:16.120,3.379,6000
2020-08-25 09:37:16.120,3.379,500
2020-08-25 09:37:16.120,3.379,1000
2020-08-25 09:37:16.120,3.379,10100
2020-08-25 09:37:16.120,3.379,5000
2020-08-25 09:37:16.120,3.379,3000
2020-08-25 09:37:16.120,3.379,2000
2020-08-25 09:37:16.120,3.379,6000
2020-08-25 09:37:16.120,3.379,600
2020-08-25 09:37:16.120,3.379,4400
2020-08-25 09:37:16.330,3.378,700
2020-08-25 09:37:16.440,3.378,10000
2020-08-25 09:37:17.220,3.378,900
2020-08-25 09:37:18.060,3.378,800
2020-08-25 09:37:18.150,3.379,600
2020-08-25 09:37:18.150,3.379,1000
2020-08-25 09:37:18.150,3.379,1500
2020-08-25 09:37:18.150,3.379,3300
2020-08-25 09:37:18.150,3.379,14000
2020-08-25 09:37:18.150,3.379,1000
2020-08-25 09:37:18.150,3.379,5000
2020-08-25 09:37:18.150,3.379,200000
2020-08-25 09:37:18.150,3.379,1000
2020-08-25 09:37:18.150,3.379,900
2020-08-25 09:37:18.150,3.379,2000
2020-08-25 09:37:18.150,3.379,3000
2020-08-25 09:37:18.150,3.379,5000
2020-08-25 09:37:18.150,3.379,20000
2020-08-25 09:37:18.150,3.379,41700
2020-08-25 09:37:18.150,3.379,25300
2020-08-25 09:37:18.150,3.379,5000
2020-08-25 09:37:18.150,3.379,5000
2020-08-25 09:37:18.150,3.379,5000
2020-08-25 09:37:18.150,3.379,5000
2020-08-25 09:37:18.150,3.379,5000
2020-08-25 09:37:18.150,3.379,2000
2020-08-25 09:37:18.150,3.379,55000
2020-08-25 09:37:18.150,3.379,5000
2020-08-25 09:37:18.150,3.379,1000
2020-08-25 09:37:18.150,3.379,4000
2020-08-25 09:37:18.150,3.379,10000
2020-08-25 09:37:18.150,3.379,2500
2020-08-25 09:37:18.150,3.379,8000
2020-08-25 09:37:18.150,3.379,100000
2020-08-25 09:37:18.150,3.379,1000
2020-08-25 09:37:18.150,3.379,20000
2020-08-25 09:37:18.150,3.379,5000
2020-08-25 09:37:18.150,3.379,10000
2020-08-25 09:37:18.150,3.379,3000
2020-08-25 09:37:18.150,3.379,2000
2020-08-25 09:37:18.150,3.379,200
2020-08-25 09:37:18.150,3.379,1000
2020-08-25 09:37:18.150,3.379,20000
2020-08-25 09:37:18.150,3.379,10000
2020-08-25 09:37:18.150,3.379,40000
2020-08-25 09:37:18.150,3.379,30000
2020-08-25 09:37:18.150,3.38,5000
2020-08-25 09:37:18.150,3.38,500
2020-08-25 09:37:18.150,3.38,4000
2020-08-25 09:37:18.150,3.38,2000
2020-08-25 09:37:18.150,3.38,10000
2020-08-25 09:37:18.150,3.38,200
2020-08-25 09:37:18.150,3.38,200
2020-08-25 09:37:18.150,3.38,2300
2020-08-25 09:37:18.150,3.38,30000
2020-08-25 09:37:18.150,3.38,2000
2020-08-25 09:37:18.150,3.38,10000
2020-08-25 09:37:18.150,3.38,300
2020-08-25 09:37:18.150,3.38,20000
2020-08-25 09:37:18.150,3.38,8200
2020-08-25 09:37:18.150,3.38,2000
2020-08-25 09:37:18.150,3.38,1000
2020-08-25 09:37:18.150,3.38,2300
2020-08-25 09:37:18.150,3.38,2000
2020-08-25 09:37:18.150,3.38,5000
2020-08-25 09:37:18.150,3.38,1200
2020-08-25 09:37:18.150,3.38,100
2020-08-25 09:37:18.150,3.38,10000
2020-08-25 09:37:18.150,3.38,5000
2020-08-25 09:37:18.150,3.38,1800
2020-08-25 09:37:18.150,3.38,1000
2020-08-25 09:37:18.150,3.38,6000
2020-08-25 09:37:18.150,3.38,20000
2020-08-25 09:37:18.150,3.38,14500
2020-08-25 09:37:18.150,3.38,20000
2020-08-25 09:37:18.150,3.38,15000
2020-08-25 09:37:18.150,3.38,5000
2020-08-25 09:37:18.150,3.38,200
2020-08-25 09:37:18.150,3.38,10000
2020-08-25 09:37:18.150,3.38,3200
2020-08-25 09:37:18.150,3.38,6800
2020-08-25 09:37:18.150,3.38,12500
2020-08-25 09:37:18.150,3.38,8000
2020-08-25 09:37:18.150,3.38,200
2020-08-25 09:37:18.150,3.38,6000
2020-08-25 09:37:18.150,3.38,2200
2020-08-25 09:37:18.150,3.38,2000
2020-08-25 09:37:18.150,3.38,3000
2020-08-25 09:37:18.150,3.38,2000
2020-08-25 09:37:18.150,3.38,50000
2020-08-25 09:37:18.150,3.38,10000
2020-08-25 09:37:18.150,3.38,10000
2020-08-25 09:37:18.150,3.38,4000
2020-08-25 09:37:18.150,3.38,2800
2020-08-25 09:37:18.150,3.38,1500
2020-08-25 09:37:18.150,3.38,1000
2020-08-25 09:37:18.150,3.38,5000
2020-08-25 09:37:18.150,3.38,1000
2020-08-25 09:37:18.150,3.38,2000
2020-08-25 09:37:18.150,3.38,200
2020-08-25 09:37:18.150,3.38,20000
2020-08-25 09:37:18.150,3.38,5000
2020-08-25 09:37:18.150,3.38,3000
2020-08-25 09:37:18.150,3.38,20000
2020-08-25 09:37:18.150,3.38,15800
2020-08-25 09:37:18.150,3.38,6300
2020-08-25 09:37:18.150,3.38,4000
2020-08-25 09:37:18.150,3.38,2000
2020-08-25 09:37:18.150,3.38,2000
2020-08-25 09:37:18.150,3.38,1200
2020-08-25 09:37:18.150,3.38,900
2020-08-25 09:37:18.150,3.38,15000
2020-08-25 09:37:18.150,3.38,10000
2020-08-25 09:37:18.150,3.38,15000
2020-08-25 09:37:18.150,3.38,20000
2020-08-25 09:37:18.150,3.38,1000
2020-08-25 09:37:18.150,3.38,100
2020-08-25 09:37:18.150,3.38,1200
2020-08-25 09:37:18.150,3.38,6000
2020-08-25 09:37:18.150,3.38,2000
2020-08-25 09:37:18.150,3.38,10000
2020-08-25 09:37:18.150,3.38,5000
2020-08-25 09:37:18.150,3.38,4300
2020-08-25 09:37:18.210,3.38,2300
2020-08-25 09:37:18.210,3.38,200000
2020-08-25 09:37:18.210,3.38,1400
2020-08-25 09:37:18.210,3.38,3000
2020-08-25 09:37:18.210,3.38,3300
2020-08-25 09:37:18.490,3.378,70000
2020-08-25 09:37:18.550,3.378,800
2020-08-25 09:37:18.840,3.38,6700
2020-08-25 09:37:18.840,3.38,1000
2020-08-25 09:37:18.840,3.38,500
2020-08-25 09:37:18.840,3.38,500
2020-08-25 09:37:18.840,3.38,10000
2020-08-25 09:37:18.840,3.38,1000
2020-08-25 09:37:18.840,3.38,5000
2020-08-25 09:37:18.840,3.38,2900
2020-08-25 09:37:18.840,3.38,10000
2020-08-25 09:37:18.840,3.38,2700
2020-08-25 09:37:18.840,3.38,5000
2020-08-25 09:37:18.840,3.38,2000
2020-08-25 09:37:18.840,3.38,5000
2020-08-25 09:37:18.840,3.38,100
2020-08-25 09:37:18.840,3.38,19500
2020-08-25 09:37:18.840,3.38,1000
2020-08-25 09:37:18.840,3.38,6600
2020-08-25 09:37:18.840,3.38,30000
2020-08-25 09:37:18.840,3.38,1000
2020-08-25 09:37:18.840,3.38,3000
2020-08-25 09:37:18.840,3.38,1000
2020-08-25 09:37:18.840,3.38,10000
2020-08-25 09:37:18.840,3.38,1000
2020-08-25 09:37:18.840,3.38,50000
2020-08-25 09:37:18.840,3.38,20000
2020-08-25 09:37:18.840,3.38,1000
2020-08-25 09:37:18.840,3.38,5000
2020-08-25 09:37:18.840,3.38,1000
2020-08-25 09:37:18.840,3.38,15000
2020-08-25 09:37:18.840,3.38,1000
2020-08-25 09:37:18.840,3.38,100
2020-08-25 09:37:18.840,3.38,1000
2020-08-25 09:37:18.840,3.38,10000
2020-08-25 09:37:18.840,3.38,5000
2020-08-25 09:37:18.840,3.38,5000
2020-08-25 09:37:18.840,3.38,1000
2020-08-25 09:37:18.840,3.38,3000
2020-08-25 09:37:18.840,3.38,10000
2020-08-25 09:37:18.840,3.38,43500
2020-08-25 09:37:18.840,3.38,2900
2020-08-25 09:37:19.040,3.378,800
2020-08-25 09:37:19.350,3.378,40000
2020-08-25 09:37:19.450,3.378,800
2020-08-25 09:37:19.740,3.378,2100
2020-08-25 09:37:19.870,3.378,800
2020-08-25 09:37:20.050,3.378,21200
2020-08-25 09:37:20.170,3.378,2200
2020-08-25 09:37:20.420,3.378,44500
2020-08-25 09:37:21.090,3.378,2900
2020-08-25 09:37:21.120,3.378,10000
2020-08-25 09:37:21.150,3.378,100
2020-08-25 09:37:21.270,3.379,5000
2020-08-25 09:37:21.790,3.378,500
2020-08-25 09:37:21.940,3.379,100
2020-08-25 09:37:21.940,3.378,900
2020-08-25 09:37:22.120,3.378,4000
2020-08-25 09:37:22.440,3.38,14700
2020-08-25 09:37:23.220,3.378,10000
2020-08-25 09:37:23.500,3.378,1000
2020-08-25 09:37:24.060,3.378,5500
2020-08-25 09:37:24.220,3.378,5000
2020-08-25 09:37:24.460,3.378,24500
2020-08-25 09:37:24.460,3.378,26100
2020-08-25 09:37:24.460,3.378,5000
2020-08-25 09:37:24.550,3.378,2000
2020-08-25 09:37:25.140,3.378,10000
2020-08-25 09:37:25.260,3.378,10000
2020-08-25 09:37:25.560,3.378,40000
2020-08-25 09:37:26.610,3.378,200
2020-08-25 09:37:27.520,3.379,100
2020-08-25 09:37:27.520,3.379,10000
2020-08-25 09:37:27.520,3.379,1000
2020-08-25 09:37:27.520,3.379,5000
2020-08-25 09:37:27.520,3.38,22400
2020-08-25 09:37:27.520,3.38,500
2020-08-25 09:37:27.520,3.38,5000
2020-08-25 09:37:27.520,3.38,1500
2020-08-25 09:37:27.520,3.38,10000
2020-08-25 09:37:27.520,3.38,28000
2020-08-25 09:37:27.520,3.381,123200
2020-08-25 09:37:28.280,3.378,3000
2020-08-25 09:37:28.730,3.379,5000
2020-08-25 09:37:29.110,3.378,100
2020-08-25 09:37:29.580,3.378,100
2020-08-25 09:37:29.800,3.379,400
2020-08-25 09:37:30.510,3.379,500
2020-08-25 09:37:30.750,3.378,100
2020-08-25 09:37:30.810,3.379,34100
2020-08-25 09:37:30.810,3.379,1000
2020-08-25 09:37:30.810,3.379,100000
2020-08-25 09:37:30.810,3.38,40000
2020-08-25 09:37:30.810,3.38,1000
2020-08-25 09:37:30.810,3.38,5000
2020-08-25 09:37:30.810,3.381,76800
2020-08-25 09:37:30.810,3.381,200
2020-08-25 09:37:30.810,3.381,500
2020-08-25 09:37:30.810,3.381,8000
2020-08-25 09:37:30.810,3.381,600
2020-08-25 09:37:30.810,3.381,1000
2020-08-25 09:37:30.810,3.381,6000
2020-08-25 09:37:30.810,3.381,20000
2020-08-25 09:37:30.810,3.381,1000
2020-08-25 09:37:30.810,3.381,1800
2020-08-25 09:37:31.260,3.378,6000
2020-08-25 09:37:31.440,3.378,100
2020-08-25 09:37:32.390,3.378,30000
2020-08-25 09:37:32.730,3.378,1800
2020-08-25 09:37:32.830,3.378,2100
2020-08-25 09:37:32.830,3.378,400
2020-08-25 09:37:32.900,3.378,4700
2020-08-25 09:37:32.930,3.377,10000
2020-08-25 09:37:32.930,3.378,13500
2020-08-25 09:37:33.230,3.378,500
2020-08-25 09:37:33.260,3.378,1300
2020-08-25 09:37:33.260,3.378,8700
2020-08-25 09:37:33.360,3.378,30300
2020-08-25 09:37:33.450,3.377,100
2020-08-25 09:37:33.700,3.378,300
2020-08-25 09:37:33.880,3.377,9900
2020-08-25 09:37:33.880,3.377,40100
2020-08-25 09:37:34.090,3.378,10700
2020-08-25 09:37:34.390,3.378,10000
2020-08-25 09:37:34.610,3.379,10000
2020-08-25 09:37:35.170,3.379,100000
2020-08-25 09:37:35.540,3.38,2900
2020-08-25 09:37:35.540,3.38,7100
2020-08-25 09:37:35.570,3.379,25600
2020-08-25 09:37:35.930,3.378,10000
2020-08-25 09:37:36.280,3.378,100
2020-08-25 09:37:36.700,3.379,1400
2020-08-25 09:37:37.700,3.378,49200
2020-08-25 09:37:37.700,3.378,20800
2020-08-25 09:37:37.770,3.379,2500
2020-08-25 09:37:38.330,3.378,5700
2020-08-25 09:37:38.840,3.377,100
2020-08-25 09:37:38.970,3.378,2000
2020-08-25 09:37:39.690,3.378,300
2020-08-25 09:37:42.200,3.376,5000
2020-08-25 09:37:42.200,3.376,4700
2020-08-25 09:37:43.570,3.376,40000
2020-08-25 09:37:43.900,3.376,90900
2020-08-25 09:37:43.900,3.376,30000
2020-08-25 09:37:44.190,3.375,1500
2020-08-25 09:37:44.190,3.375,6000
2020-08-25 09:37:44.190,3.375,10000
2020-08-25 09:37:44.190,3.375,37200
2020-08-25 09:37:44.640,3.375,54300
2020-08-25 09:37:45.760,3.376,400
2020-08-25 09:37:45.920,3.375,2000
2020-08-25 09:37:46.600,3.374,126800
2020-08-25 09:37:46.600,3.374,2900
2020-08-25 09:37:46.600,3.374,400
2020-08-25 09:37:46.600,3.374,93000
2020-08-25 09:37:46.600,3.374,19300
2020-08-25 09:37:46.600,3.373,1000
2020-08-25 09:37:46.600,3.373,3000
2020-08-25 09:37:46.600,3.373,1000
2020-08-25 09:37:47.860,3.373,52600
2020-08-25 09:37:47.860,3.375,8000
2020-08-25 09:37:47.860,3.375,40000
2020-08-25 09:37:47.860,3.375,93000
2020-08-25 09:37:47.860,3.376,104900
2020-08-25 09:37:48.150,3.376,20000
2020-08-25 09:37:49.400,3.376,135500
2020-08-25 09:37:51.010,3.376,1000
2020-08-25 09:37:51.260,3.376,2300
2020-08-25 09:37:51.810,3.373,93000
2020-08-25 09:37:51.810,3.373,20000
2020-08-25 09:37:51.810,3.373,30000
2020-08-25 09:37:51.810,3.373,300000
2020-08-25 09:37:51.810,3.373,39900
2020-08-25 09:37:52.110,3.373,30000
2020-08-25 09:37:52.240,3.373,60000
2020-08-25 09:37:52.420,3.373,299200
2020-08-25 09:37:52.570,3.373,20800
2020-08-25 09:37:52.570,3.376,19200
2020-08-25 09:37:53.380,3.375,500
2020-08-25 09:37:53.820,3.376,3800
2020-08-25 09:37:55.710,3.375,5000
2020-08-25 09:37:56.200,3.376,100
2020-08-25 09:37:57.070,3.375,1000
2020-08-25 09:37:57.270,3.375,5000
2020-08-25 09:37:57.390,3.375,10000
2020-08-25 09:37:57.720,3.375,8500
2020-08-25 09:37:58.720,3.375,4500
2020-08-25 09:37:58.720,3.375,20000
2020-08-25 09:37:58.720,3.375,15500
2020-08-25 09:37:58.840,3.375,10000
2020-08-25 09:37:59.450,3.374,10000
2020-08-25 09:37:59.670,3.375,2000
2020-08-25 09:38:01.070,3.374,3100
2020-08-25 09:38:01.280,3.375,10000
2020-08-25 09:38:02.220,3.375,200000
2020-08-25 09:38:02.690,3.375,30000
2020-08-25 09:38:02.950,3.375,500
2020-08-25 09:38:03.480,3.375,300000
2020-08-25 09:38:04.110,3.375,300000
2020-08-25 09:38:04.110,3.375,32000
2020-08-25 09:38:04.110,3.375,300
2020-08-25 09:38:04.110,3.375,3100
2020-08-25 09:38:04.110,3.375,5000
2020-08-25 09:38:04.110,3.375,4000
2020-08-25 09:38:04.400,3.376,135600
2020-08-25 09:38:04.850,3.376,20000
2020-08-25 09:38:05.340,3.375,500
2020-08-25 09:38:05.870,3.375,1000
2020-08-25 09:38:05.930,3.375,1500
2020-08-25 09:38:06.430,3.375,20000
2020-08-25 09:38:06.770,3.376,30000
2020-08-25 09:38:06.890,3.375,14000
2020-08-25 09:38:06.920,3.376,43000
2020-08-25 09:38:06.920,3.376,500
2020-08-25 09:38:06.920,3.376,2000
2020-08-25 09:38:06.920,3.376,500
2020-08-25 09:38:06.920,3.376,5000
2020-08-25 09:38:06.920,3.376,3300
2020-08-25 09:38:06.920,3.376,500
2020-08-25 09:38:07.140,3.377,3000
2020-08-25 09:38:07.140,3.376,8000
2020-08-25 09:38:07.650,3.377,200
2020-08-25 09:38:08.660,3.376,200000
2020-08-25 09:38:08.730,3.376,20000
2020-08-25 09:38:09.020,3.376,10000
2020-08-25 09:38:09.180,3.376,9600
2020-08-25 09:38:09.770,3.376,14900
2020-08-25 09:38:09.870,3.376,30000
2020-08-25 09:38:09.870,3.376,30000
2020-08-25 09:38:09.870,3.376,30000
2020-08-25 09:38:09.870,3.376,30000
2020-08-25 09:38:09.870,3.376,30000
2020-08-25 09:38:09.870,3.376,30000
2020-08-25 09:38:09.870,3.376,2700
2020-08-25 09:38:09.870,3.376,27300
2020-08-25 09:38:09.870,3.376,12700
2020-08-25 09:38:09.870,3.376,17300
2020-08-25 09:38:09.950,3.376,2000
2020-08-25 09:38:10.100,3.376,5000
2020-08-25 09:38:10.910,3.376,80000
2020-08-25 09:38:11.130,3.377,100
2020-08-25 09:38:11.130,3.376,300
2020-08-25 09:38:11.220,3.376,30000
2020-08-25 09:38:11.220,3.376,30000
2020-08-25 09:38:11.220,3.376,30000
2020-08-25 09:38:11.220,3.376,30000
2020-08-25 09:38:11.220,3.376,30000
2020-08-25 09:38:11.220,3.376,30000
2020-08-25 09:38:12.100,3.376,6200
2020-08-25 09:38:12.100,3.375,2600
2020-08-25 09:38:13.550,3.375,3000
2020-08-25 09:38:13.860,3.376,2000
2020-08-25 09:38:14.010,3.376,5200
2020-08-25 09:38:14.310,3.377,30000
2020-08-25 09:38:14.420,3.376,30000
2020-08-25 09:38:14.420,3.376,30000
2020-08-25 09:38:14.420,3.376,30000
2020-08-25 09:38:14.420,3.376,30000
2020-08-25 09:38:14.420,3.376,10000
2020-08-25 09:38:14.420,3.376,30000
2020-08-25 09:38:14.420,3.376,30000
2020-08-25 09:38:14.420,3.376,10000
2020-08-25 09:38:14.630,3.376,6400
2020-08-25 09:38:15.240,3.376,400
2020-08-25 09:38:16.970,3.376,900
2020-08-25 09:38:16.970,3.376,4100
2020-08-25 09:38:17.710,3.376,58100
2020-08-25 09:38:17.870,3.376,17800
2020-08-25 09:38:17.870,3.376,100
2020-08-25 09:38:17.870,3.376,1000
2020-08-25 09:38:18.140,3.376,200000
2020-08-25 09:38:18.390,3.376,70000
2020-08-25 09:38:18.460,3.377,3900
2020-08-25 09:38:18.460,3.377,36100
2020-08-25 09:38:19.160,3.376,5500
2020-08-25 09:38:19.340,3.376,1000
2020-08-25 09:38:19.400,3.377,18200
2020-08-25 09:38:19.400,3.377,2000
2020-08-25 09:38:19.400,3.377,5000
2020-08-25 09:38:19.400,3.377,2900
2020-08-25 09:38:19.400,3.377,5000
2020-08-25 09:38:19.400,3.377,5300
2020-08-25 09:38:19.400,3.377,3100
2020-08-25 09:38:19.400,3.377,6000
2020-08-25 09:38:19.910,3.377,5000
2020-08-25 09:38:20.020,3.377,2000
2020-08-25 09:38:20.140,3.377,30000
2020-08-25 09:38:20.140,3.377,30000
2020-08-25 09:38:21.060,3.377,4900
2020-08-25 09:38:21.330,3.377,5000
2020-08-25 09:38:21.830,3.377,11200
2020-08-25 09:38:21.830,3.377,5000
2020-08-25 09:38:21.830,3.376,3800
2020-08-25 09:38:23.150,3.376,30000
2020-08-25 09:38:23.150,3.376,30000
2020-08-25 09:38:23.150,3.376,30000
2020-08-25 09:38:23.150,3.376,30000
2020-08-25 09:38:23.150,3.376,30000
2020-08-25 09:38:23.150,3.376,30000
2020-08-25 09:38:23.150,3.376,30000
2020-08-25 09:38:23.150,3.376,10000
2020-08-25 09:38:23.150,3.376,20000
