Datetime,Price,Volume
2020-08-25 09:25:00.940,4.826,2000
2020-08-25 09:25:00.940,4.826,1600
2020-08-25 09:25:00.940,4.826,200
2020-08-25 09:25:00.940,4.826,10000
2020-08-25 09:25:00.940,4.826,10000
2020-08-25 09:25:00.940,4.826,10000
2020-08-25 09:25:00.940,4.826,10000
2020-08-25 09:25:00.940,4.826,10000
2020-08-25 09:25:00.940,4.826,10000
2020-08-25 09:25:00.940,4.826,1000
2020-08-25 09:25:00.940,4.826,8000
2020-08-25 09:25:00.940,4.826,2000
2020-08-25 09:25:00.940,4.826,22000
2020-08-25 09:25:00.940,4.826,100
2020-08-25 09:25:00.940,4.826,5000
2020-08-25 09:25:00.940,4.826,5100
2020-08-25 09:25:00.940,4.826,10000
2020-08-25 09:25:00.940,4.826,10000
2020-08-25 09:25:00.940,4.826,2800
2020-08-25 09:25:00.940,4.826,8000
2020-08-25 09:25:00.940,4.826,1300
2020-08-25 09:25:00.940,4.826,4100
2020-08-25 09:25:00.940,4.826,12300
2020-08-25 09:25:00.940,4.826,30000
2020-08-25 09:25:00.940,4.826,12800
2020-08-25 09:25:00.940,4.826,11200
2020-08-25 09:25:00.940,4.826,10000
2020-08-25 09:25:00.940,4.826,30000
2020-08-25 09:25:00.940,4.826,80500
2020-08-25 09:25:00.940,4.826,100
2020-08-25 09:25:00.940,4.826,200
2020-08-25 09:25:00.940,4.826,2100
2020-08-25 09:25:00.940,4.826,1200
2020-08-25 09:25:00.940,4.826,15000
2020-08-25 09:25:00.940,4.826,3000
2020-08-25 09:25:00.940,4.826,2100
2020-08-25 09:25:00.940,4.826,2200
2020-08-25 09:25:00.940,4.826,10000
2020-08-25 09:25:00.940,4.826,400
2020-08-25 09:25:00.940,4.826,1100
2020-08-25 09:25:00.940,4.826,15000
2020-08-25 09:25:00.940,4.826,21000
2020-08-25 09:25:00.940,4.826,12000
2020-08-25 09:25:00.940,4.826,1700
2020-08-25 09:25:00.940,4.826,2100
2020-08-25 09:25:00.940,4.826,2400
2020-08-25 09:25:00.940,4.826,19600
2020-08-25 09:25:00.940,4.826,3200
2020-08-25 09:25:00.940,4.826,4700
2020-08-25 09:25:00.940,4.826,3200
2020-08-25 09:25:00.940,4.826,10000
2020-08-25 09:25:00.940,4.826,2000
2020-08-25 09:25:00.940,4.826,30100
2020-08-25 09:25:00.940,4.826,1000
2020-08-25 09:25:00.940,4.826,1600
2020-08-25 09:25:00.940,4.826,7300
2020-08-25 09:25:00.940,4.826,25200
2020-08-25 09:25:00.940,4.826,15500
2020-08-25 09:25:00.940,4.826,100
2020-08-25 09:25:00.940,4.826,14400
2020-08-25 09:25:00.940,4.826,2000
2020-08-25 09:25:00.940,4.826,2200
2020-08-25 09:25:00.940,4.826,1000
2020-08-25 09:25:00.940,4.826,800
2020-08-25 09:25:00.940,4.826,4200
2020-08-25 09:25:00.940,4.826,20000
2020-08-25 09:25:00.940,4.826,25800
2020-08-25 09:25:00.940,4.826,30000
2020-08-25 09:25:00.940,4.826,1500
2020-08-25 09:25:00.940,4.826,14700
2020-08-25 09:25:00.940,4.826,13000
2020-08-25 09:25:00.940,4.826,10000
2020-08-25 09:25:00.940,4.826,10000
2020-08-25 09:25:00.940,4.826,25100
2020-08-25 09:25:00.940,4.826,9000
2020-08-25 09:25:00.940,4.826,5000
2020-08-25 09:25:00.940,4.826,600
2020-08-25 09:25:00.940,4.826,300
2020-08-25 09:25:00.940,4.826,7800
2020-08-25 09:25:00.940,4.826,300
2020-08-25 09:25:00.940,4.826,200
2020-08-25 09:25:00.940,4.826,5500
2020-08-25 09:25:00.940,4.826,1000
2020-08-25 09:25:00.940,4.826,1000
2020-08-25 09:25:00.940,4.826,200
2020-08-25 09:25:00.940,4.826,400
2020-08-25 09:25:00.940,4.826,900
2020-08-25 09:25:00.940,4.826,200
2020-08-25 09:25:00.940,4.826,2000
2020-08-25 09:25:00.940,4.826,2100
2020-08-25 09:25:00.940,4.826,200
2020-08-25 09:25:00.940,4.826,100
2020-08-25 09:25:00.940,4.826,7000
2020-08-25 09:25:00.940,4.826,200
2020-08-25 09:25:00.940,4.826,1500
2020-08-25 09:25:00.940,4.826,500
2020-08-25 09:25:00.940,4.826,200
2020-08-25 09:25:00.940,4.826,300
2020-08-25 09:25:00.940,4.826,300
2020-08-25 09:25:00.940,4.826,400
2020-08-25 09:25:00.940,4.826,400
2020-08-25 09:25:00.940,4.826,100
2020-08-25 09:25:00.940,4.826,100
2020-08-25 09:25:00.940,4.826,100
2020-08-25 09:25:00.940,4.826,10000
2020-08-25 09:25:00.940,4.826,5000
2020-08-25 09:25:00.940,4.826,14000
2020-08-25 09:25:00.940,4.826,51400
2020-08-25 09:25:00.940,4.826,2300
2020-08-25 09:25:00.940,4.826,100
2020-08-25 09:25:00.940,4.826,300
2020-08-25 09:25:00.940,4.826,300
2020-08-25 09:25:00.940,4.826,300
2020-08-25 09:25:00.940,4.826,1000
2020-08-25 09:25:00.940,4.826,100
2020-08-25 09:25:00.940,4.826,2000
2020-08-25 09:25:00.940,4.826,1000
2020-08-25 09:25:00.940,4.826,20000
2020-08-25 09:25:00.940,4.826,100
2020-08-25 09:25:00.940,4.826,100
2020-08-25 09:25:00.940,4.826,6000
2020-08-25 09:25:00.940,4.826,10300
2020-08-25 09:25:00.940,4.826,1600
2020-08-25 09:25:00.940,4.826,100
2020-08-25 09:25:00.940,4.826,17000
2020-08-25 09:25:00.940,4.826,600
2020-08-25 09:25:00.940,4.826,300
2020-08-25 09:25:00.940,4.826,2000
2020-08-25 09:25:00.940,4.826,7700
2020-08-25 09:25:00.940,4.826,4000
2020-08-25 09:25:00.940,4.826,1000
2020-08-25 09:25:00.940,4.826,13600
2020-08-25 09:25:00.940,4.826,20000
2020-08-25 09:25:00.940,4.826,31200
2020-08-25 09:25:00.940,4.826,100
2020-08-25 09:25:00.940,4.826,100
2020-08-25 09:25:00.940,4.826,600
2020-08-25 09:25:00.940,4.826,4000
2020-08-25 09:25:00.940,4.826,2500
2020-08-25 09:25:00.940,4.826,100
2020-08-25 09:25:00.940,4.826,16400
2020-08-25 09:30:00.350,4.826,700
2020-08-25 09:30:00.350,4.826,604200
2020-08-25 09:30:00.350,4.826,22600
2020-08-25 09:30:00.350,4.826,7000
2020-08-25 09:30:00.530,4.826,600
2020-08-25 09:30:00.640,4.826,10000
2020-08-25 09:30:00.640,4.826,5000
2020-08-25 09:30:00.880,4.826,4000
2020-08-25 09:30:01.010,4.826,100000
2020-08-25 09:30:01.010,4.826,50000
2020-08-25 09:30:01.010,4.826,500
2020-08-25 09:30:01.130,4.826,100
2020-08-25 09:30:01.250,4.826,20000
2020-08-25 09:30:01.250,4.825,100
2020-08-25 09:30:01.490,4.825,2900
2020-08-25 09:30:01.490,4.825,5000
2020-08-25 09:30:01.490,4.825,1000
2020-08-25 09:30:01.490,4.824,291100
2020-08-25 09:30:01.490,4.826,50000
2020-08-25 09:30:01.490,4.826,1000
2020-08-25 09:30:01.490,4.826,900
2020-08-25 09:30:01.490,4.826,200
2020-08-25 09:30:01.840,4.825,4200
2020-08-25 09:30:01.840,4.826,49200
2020-08-25 09:30:01.840,4.826,1200
2020-08-25 09:30:01.840,4.826,10000
2020-08-25 09:30:01.970,4.824,3600
2020-08-25 09:30:02.090,4.826,1100
2020-08-25 09:30:02.090,4.826,500
2020-08-25 09:30:02.090,4.826,100000
2020-08-25 09:30:02.210,4.826,6000
2020-08-25 09:30:02.330,4.826,2000
2020-08-25 09:30:02.330,4.826,6000
2020-08-25 09:30:02.330,4.826,2100
2020-08-25 09:30:02.460,4.826,7500
2020-08-25 09:30:02.460,4.824,2500
2020-08-25 09:30:02.460,4.826,6600
2020-08-25 09:30:02.460,4.826,2700
2020-08-25 09:30:02.570,4.826,1000
2020-08-25 09:30:02.570,4.826,1000
2020-08-25 09:30:02.700,4.826,4200
2020-08-25 09:30:02.810,4.824,5000
2020-08-25 09:30:02.930,4.826,9800
2020-08-25 09:30:03.050,4.825,1000
2020-08-25 09:30:03.050,4.826,11000
2020-08-25 09:30:03.050,4.826,6000
2020-08-25 09:30:03.190,4.826,2000
2020-08-25 09:30:03.190,4.826,6000
2020-08-25 09:30:03.190,4.826,10000
2020-08-25 09:30:03.190,4.826,4000
2020-08-25 09:30:03.190,4.826,24000
2020-08-25 09:30:03.310,4.826,500
2020-08-25 09:30:03.360,4.826,300
2020-08-25 09:30:03.360,4.826,100000
2020-08-25 09:30:03.360,4.826,100
2020-08-25 09:30:03.480,4.826,7000
2020-08-25 09:30:03.720,4.825,2200
2020-08-25 09:30:03.720,4.825,1700
2020-08-25 09:30:03.810,4.825,800
2020-08-25 09:30:03.810,4.826,1800
2020-08-25 09:30:03.810,4.826,21100
2020-08-25 09:30:03.940,4.825,1800
2020-08-25 09:30:03.940,4.826,300
2020-08-25 09:30:03.940,4.826,1000
2020-08-25 09:30:03.940,4.826,1500
2020-08-25 09:30:04.070,4.826,500
2020-08-25 09:30:04.190,4.826,200
2020-08-25 09:30:04.190,4.826,1600
2020-08-25 09:30:04.190,4.826,400
2020-08-25 09:30:04.300,4.826,1000
2020-08-25 09:30:04.430,4.826,400
2020-08-25 09:30:04.560,4.826,220700
2020-08-25 09:30:04.560,4.826,79300
2020-08-25 09:30:04.560,4.826,500
2020-08-25 09:30:04.810,4.826,20000
2020-08-25 09:30:04.810,4.826,16100
2020-08-25 09:30:04.980,4.826,300
2020-08-25 09:30:05.110,4.826,186300
2020-08-25 09:30:05.110,4.826,10500
2020-08-25 09:30:05.110,4.826,2100
2020-08-25 09:30:05.110,4.826,600
2020-08-25 09:30:05.350,4.826,2000
2020-08-25 09:30:05.450,4.826,103700
2020-08-25 09:30:05.450,4.826,6000
2020-08-25 09:30:05.450,4.826,30000
2020-08-25 09:30:05.570,4.826,2000
2020-08-25 09:30:05.700,4.826,50000
2020-08-25 09:30:05.830,4.826,7700
2020-08-25 09:30:05.830,4.826,500
2020-08-25 09:30:06.190,4.826,9300
2020-08-25 09:30:06.190,4.826,500
2020-08-25 09:30:06.190,4.826,2200
2020-08-25 09:30:06.190,4.826,6000
2020-08-25 09:30:06.190,4.826,100
2020-08-25 09:30:06.190,4.826,100
2020-08-25 09:30:06.320,4.826,200
2020-08-25 09:30:06.320,4.826,1000
2020-08-25 09:30:06.440,4.826,2000
2020-08-25 09:30:06.440,4.826,10000
2020-08-25 09:30:06.440,4.826,1700
2020-08-25 09:30:06.440,4.826,100
2020-08-25 09:30:06.440,4.826,1000
2020-08-25 09:30:06.560,4.826,10000
2020-08-25 09:30:06.560,4.826,1000
2020-08-25 09:30:06.560,4.826,100
2020-08-25 09:30:06.640,4.826,30000
2020-08-25 09:30:06.760,4.826,20000
2020-08-25 09:30:06.760,4.826,315000
2020-08-25 09:30:06.760,4.826,10000
2020-08-25 09:30:06.760,4.826,264600
2020-08-25 09:30:06.760,4.826,7700
2020-08-25 09:30:06.760,4.826,30000
2020-08-25 09:30:06.760,4.826,100
2020-08-25 09:30:06.760,4.826,12600
2020-08-25 09:30:06.760,4.826,9800
2020-08-25 09:30:06.760,4.826,200
2020-08-25 09:30:06.870,4.826,300
2020-08-25 09:30:06.870,4.826,11600
2020-08-25 09:30:06.870,4.826,10000
2020-08-25 09:30:06.870,4.826,10000
2020-08-25 09:30:06.870,4.826,12000
2020-08-25 09:30:06.870,4.826,2000
2020-08-25 09:30:06.870,4.826,1500
2020-08-25 09:30:06.870,4.826,6000
2020-08-25 09:30:06.870,4.826,600
2020-08-25 09:30:06.870,4.826,300
2020-08-25 09:30:06.870,4.826,400
2020-08-25 09:30:06.870,4.826,1000
2020-08-25 09:30:06.870,4.826,15000
2020-08-25 09:30:06.870,4.826,1000
2020-08-25 09:30:06.870,4.826,100
2020-08-25 09:30:06.870,4.826,10000
2020-08-25 09:30:06.870,4.826,1000
2020-08-25 09:30:06.870,4.826,10000
2020-08-25 09:30:06.870,4.826,10000
2020-08-25 09:30:06.870,4.826,500
2020-08-25 09:30:06.870,4.827,5000
2020-08-25 09:30:06.870,4.827,39300
2020-08-25 09:30:06.870,4.827,6600
2020-08-25 09:30:06.870,4.827,50000
2020-08-25 09:30:06.870,4.827,9900
2020-08-25 09:30:06.970,4.826,500
2020-08-25 09:30:07.010,4.826,1500
2020-08-25 09:30:07.010,4.827,108500
2020-08-25 09:30:07.150,4.827,14900
2020-08-25 09:30:07.150,4.827,3000
2020-08-25 09:30:07.200,4.827,300
2020-08-25 09:30:07.350,4.826,4200
2020-08-25 09:30:07.350,4.827,25800
2020-08-25 09:30:07.560,4.825,2000
2020-08-25 09:30:07.710,4.826,100
2020-08-25 09:30:07.710,4.827,4100
2020-08-25 09:30:07.780,4.827,100
2020-08-25 09:30:07.920,4.827,700
2020-08-25 09:30:07.960,4.827,300
2020-08-25 09:30:08.100,4.827,100
2020-08-25 09:30:08.180,4.827,315000
2020-08-25 09:30:08.430,4.827,600
2020-08-25 09:30:08.530,4.826,200
2020-08-25 09:30:08.700,4.827,200
2020-08-25 09:30:08.930,4.826,700
2020-08-25 09:30:09.190,4.826,500
2020-08-25 09:30:09.980,4.827,204100
2020-08-25 09:30:09.980,4.827,7000
2020-08-25 09:30:09.980,4.827,5000
2020-08-25 09:30:09.980,4.827,1000
2020-08-25 09:30:09.980,4.827,1200
2020-08-25 09:30:09.980,4.827,2000
2020-08-25 09:30:09.980,4.827,20000
2020-08-25 09:30:10.900,4.826,2200
2020-08-25 09:30:10.990,4.828,2000
2020-08-25 09:30:10.990,4.828,2100
2020-08-25 09:30:10.990,4.828,100
2020-08-25 09:30:10.990,4.828,600
2020-08-25 09:30:10.990,4.828,1400
2020-08-25 09:30:11.280,4.826,5000
2020-08-25 09:30:11.720,4.826,200
2020-08-25 09:30:11.900,4.826,800
2020-08-25 09:30:12.630,4.826,400
2020-08-25 09:30:12.880,4.827,900
2020-08-25 09:30:12.880,4.826,4600
2020-08-25 09:30:13.710,4.826,4400
2020-08-25 09:30:13.710,4.826,6600
2020-08-25 09:30:13.710,4.826,1200
2020-08-25 09:30:13.710,4.826,81800
2020-08-25 09:30:13.710,4.826,22900
2020-08-25 09:30:13.710,4.826,89100
2020-08-25 09:30:13.800,4.826,800
2020-08-25 09:30:14.270,4.826,7200
2020-08-25 09:30:15.200,4.827,200
2020-08-25 09:30:15.500,4.827,600
2020-08-25 09:30:15.900,4.827,1200
2020-08-25 09:30:15.900,4.827,500
2020-08-25 09:30:16.180,4.826,300000
2020-08-25 09:30:17.000,4.826,600
2020-08-25 09:30:17.330,4.826,600
2020-08-25 09:30:18.320,4.827,1300
2020-08-25 09:30:18.520,4.827,298700
2020-08-25 09:30:18.520,4.827,1000
2020-08-25 09:30:18.520,4.826,30500
2020-08-25 09:30:18.520,4.826,3000
2020-08-25 09:30:18.520,4.826,10000
2020-08-25 09:30:18.520,4.825,6200
2020-08-25 09:30:18.520,4.825,1900
2020-08-25 09:30:18.520,4.825,44700
2020-08-25 09:30:18.580,4.825,200
2020-08-25 09:30:18.720,4.826,5000
2020-08-25 09:30:18.720,4.828,8600
2020-08-25 09:30:18.720,4.828,4000
2020-08-25 09:30:18.720,4.828,1000
2020-08-25 09:30:18.720,4.828,10000
2020-08-25 09:30:18.720,4.828,2000
2020-08-25 09:30:18.820,4.828,9700
2020-08-25 09:30:20.180,4.828,200
2020-08-25 09:30:20.570,4.829,1900
2020-08-25 09:30:20.800,4.828,300
2020-08-25 09:30:20.920,4.828,8200
2020-08-25 09:30:21.690,4.828,116700
2020-08-25 09:30:22.310,4.827,2100
2020-08-25 09:30:22.310,4.826,68700
2020-08-25 09:30:22.640,4.826,10000
2020-08-25 09:30:23.300,4.827,500
2020-08-25 09:30:23.460,4.828,100
2020-08-25 09:30:24.400,4.827,41600
2020-08-25 09:30:25.540,4.828,11300
2020-08-25 09:30:25.920,4.828,700
2020-08-25 09:30:27.640,4.827,2300
2020-08-25 09:30:28.460,4.828,2000
2020-08-25 09:30:29.060,4.827,35400
2020-08-25 09:30:30.820,4.826,200
2020-08-25 09:30:31.700,4.827,5900
2020-08-25 09:30:31.760,4.827,213000
2020-08-25 09:30:31.760,4.828,10000
2020-08-25 09:30:31.760,4.828,7000
2020-08-25 09:30:31.760,4.828,100
2020-08-25 09:30:31.760,4.828,3200
2020-08-25 09:30:31.760,4.828,20000
2020-08-25 09:30:31.760,4.828,1000
2020-08-25 09:30:31.760,4.828,3000
2020-08-25 09:30:31.760,4.828,5000
2020-08-25 09:30:32.760,4.828,4000
2020-08-25 09:30:33.270,4.828,5000
2020-08-25 09:30:33.440,4.828,7000
2020-08-25 09:30:33.710,4.828,100
2020-08-25 09:30:33.960,4.828,10000
2020-08-25 09:30:34.990,4.829,3100
2020-08-25 09:30:34.990,4.829,5000
2020-08-25 09:30:34.990,4.829,6800
2020-08-25 09:30:34.990,4.829,100
2020-08-25 09:30:34.990,4.829,300
2020-08-25 09:30:34.990,4.829,10000
2020-08-25 09:30:34.990,4.829,100000
2020-08-25 09:30:34.990,4.829,25000
2020-08-25 09:30:34.990,4.829,600
2020-08-25 09:30:34.990,4.829,5000
2020-08-25 09:30:34.990,4.829,6000
2020-08-25 09:30:34.990,4.829,10000
2020-08-25 09:30:34.990,4.829,10000
2020-08-25 09:30:34.990,4.829,2000
2020-08-25 09:30:34.990,4.829,3000
2020-08-25 09:30:34.990,4.829,2000
2020-08-25 09:30:34.990,4.829,1000
2020-08-25 09:30:34.990,4.829,100
2020-08-25 09:30:34.990,4.829,3000
2020-08-25 09:30:34.990,4.829,500
2020-08-25 09:30:34.990,4.829,50000
2020-08-25 09:30:34.990,4.829,1000
2020-08-25 09:30:34.990,4.829,1500
2020-08-25 09:30:34.990,4.829,25000
2020-08-25 09:30:34.990,4.829,5900
2020-08-25 09:30:34.990,4.829,2000
2020-08-25 09:30:34.990,4.829,500
2020-08-25 09:30:34.990,4.829,42900
2020-08-25 09:30:34.990,4.829,1000
2020-08-25 09:30:34.990,4.829,2000
2020-08-25 09:30:34.990,4.829,6200
2020-08-25 09:30:34.990,4.829,59000
2020-08-25 09:30:34.990,4.83,128900
2020-08-25 09:30:34.990,4.83,2000
2020-08-25 09:30:34.990,4.83,1000
2020-08-25 09:30:34.990,4.83,1000
2020-08-25 09:30:34.990,4.83,3000
2020-08-25 09:30:34.990,4.83,300
2020-08-25 09:30:34.990,4.83,100
2020-08-25 09:30:34.990,4.83,5300
2020-08-25 09:30:34.990,4.83,200
2020-08-25 09:30:34.990,4.83,5000
2020-08-25 09:30:34.990,4.83,2500
2020-08-25 09:30:34.990,4.83,3000
2020-08-25 09:30:34.990,4.83,3000
2020-08-25 09:30:34.990,4.83,2000
2020-08-25 09:30:34.990,4.83,27800
2020-08-25 09:30:34.990,4.83,1100
2020-08-25 09:30:34.990,4.83,300
2020-08-25 09:30:34.990,4.83,2000
2020-08-25 09:30:34.990,4.83,200
2020-08-25 09:30:34.990,4.83,5000
2020-08-25 09:30:34.990,4.83,200
2020-08-25 09:30:34.990,4.83,4000
2020-08-25 09:30:34.990,4.83,1000
2020-08-25 09:30:34.990,4.83,15000
2020-08-25 09:30:34.990,4.83,100
2020-08-25 09:30:34.990,4.83,10000
2020-08-25 09:30:34.990,4.83,300
2020-08-25 09:30:34.990,4.83,2000
2020-08-25 09:30:34.990,4.83,1800
2020-08-25 09:30:34.990,4.83,1000
2020-08-25 09:30:34.990,4.83,20000
2020-08-25 09:30:34.990,4.83,500
2020-08-25 09:30:34.990,4.83,500
2020-08-25 09:30:34.990,4.83,5000
2020-08-25 09:30:35.110,4.83,76900
2020-08-25 09:30:35.310,4.83,200
2020-08-25 09:30:35.540,4.83,5000
2020-08-25 09:30:35.780,4.83,1000
2020-08-25 09:30:36.170,4.83,2000
2020-08-25 09:30:38.550,4.83,2000
2020-08-25 09:30:38.640,4.83,88400
2020-08-25 09:30:38.640,4.829,211600
2020-08-25 09:30:39.140,4.83,1000
2020-08-25 09:30:39.170,4.829,300000
2020-08-25 09:30:39.650,4.828,11600
2020-08-25 09:30:39.650,4.828,1700
2020-08-25 09:30:39.650,4.828,16700
2020-08-25 09:30:40.820,4.829,50000
2020-08-25 09:30:43.090,4.828,2000
2020-08-25 09:30:43.330,4.828,400
2020-08-25 09:30:44.580,4.829,100
2020-08-25 09:30:44.630,4.829,49900
2020-08-25 09:30:44.630,4.829,32100
2020-08-25 09:30:44.630,4.83,49000
2020-08-25 09:30:44.630,4.83,2000
2020-08-25 09:30:44.630,4.83,6000
2020-08-25 09:30:44.630,4.83,1700
2020-08-25 09:30:44.630,4.83,44000
2020-08-25 09:30:44.630,4.831,4000
2020-08-25 09:30:44.630,4.831,4000
2020-08-25 09:30:44.630,4.831,200
2020-08-25 09:30:44.630,4.831,600
2020-08-25 09:30:44.630,4.831,2000
2020-08-25 09:30:44.630,4.831,5000
2020-08-25 09:30:44.630,4.831,78700
2020-08-25 09:30:44.630,4.831,1000
2020-08-25 09:30:44.630,4.831,300
2020-08-25 09:30:44.630,4.831,9500
2020-08-25 09:30:46.380,4.828,4700
2020-08-25 09:30:47.120,4.828,136200
2020-08-25 09:30:47.120,4.828,100
2020-08-25 09:30:47.120,4.828,163700
2020-08-25 09:30:47.850,4.828,30000
2020-08-25 09:30:47.850,4.828,10000
2020-08-25 09:30:47.850,4.827,17200
2020-08-25 09:30:48.870,4.828,200
2020-08-25 09:30:48.870,4.829,9800
2020-08-25 09:30:49.370,4.827,15000
2020-08-25 09:30:52.130,4.828,300
2020-08-25 09:30:52.420,4.828,3000
2020-08-25 09:30:54.120,4.827,67300
2020-08-25 09:30:54.120,4.827,1000
2020-08-25 09:30:54.120,4.827,231700
2020-08-25 09:30:54.590,4.828,1700
2020-08-25 09:30:54.590,4.828,1000
2020-08-25 09:30:54.590,4.828,7100
2020-08-25 09:30:54.590,4.828,200
2020-08-25 09:30:54.590,4.828,3500
2020-08-25 09:30:55.320,4.827,282600
2020-08-25 09:30:55.540,4.828,600
2020-08-25 09:30:55.660,4.827,100
2020-08-25 09:30:55.980,4.828,310900
2020-08-25 09:30:56.650,4.828,1000
2020-08-25 09:30:56.930,4.829,2000
2020-08-25 09:30:56.950,4.828,10000
2020-08-25 09:30:58.190,4.828,10000
2020-08-25 09:30:58.220,4.828,500
2020-08-25 09:30:59.810,4.829,2800
2020-08-25 09:30:59.940,4.828,30000
2020-08-25 09:31:00.710,4.828,10000
2020-08-25 09:31:01.010,4.828,5000
2020-08-25 09:31:01.170,4.828,1000
2020-08-25 09:31:02.260,4.827,4100
2020-08-25 09:31:02.260,4.827,300
2020-08-25 09:31:03.590,4.827,12300
2020-08-25 09:31:05.380,4.828,1000
2020-08-25 09:31:05.590,4.827,300000
2020-08-25 09:31:06.530,4.828,5000
2020-08-25 09:31:07.890,4.827,5000
2020-08-25 09:31:08.010,4.828,600
2020-08-25 09:31:08.100,4.828,23400
2020-08-25 09:31:08.100,4.828,2000
2020-08-25 09:31:08.100,4.828,4600
2020-08-25 09:31:08.480,4.828,14400
2020-08-25 09:31:08.480,4.828,35600
2020-08-25 09:31:10.050,4.828,14400
2020-08-25 09:31:10.050,4.828,37000
2020-08-25 09:31:10.050,4.828,400
2020-08-25 09:31:10.050,4.828,4000
2020-08-25 09:31:10.180,4.828,10000
2020-08-25 09:31:10.520,4.828,135300
2020-08-25 09:31:10.520,4.827,63900
2020-08-25 09:31:10.520,4.827,45000
2020-08-25 09:31:10.780,4.827,100
2020-08-25 09:31:13.700,4.827,300
2020-08-25 09:31:14.440,4.827,1800
2020-08-25 09:31:14.670,4.827,17700
2020-08-25 09:31:14.770,4.828,100
2020-08-25 09:31:16.200,4.826,400
2020-08-25 09:31:16.330,4.826,600
2020-08-25 09:31:16.330,4.826,400
2020-08-25 09:31:18.100,4.827,2000
2020-08-25 09:31:18.100,4.828,3900
2020-08-25 09:31:18.100,4.828,500
2020-08-25 09:31:18.100,4.828,2000
2020-08-25 09:31:18.100,4.828,2400
2020-08-25 09:31:18.100,4.828,18300
2020-08-25 09:31:18.100,4.828,8200
2020-08-25 09:31:18.100,4.828,200
2020-08-25 09:31:19.110,4.829,2500
2020-08-25 09:31:20.280,4.828,12000
2020-08-25 09:31:21.790,4.826,400
2020-08-25 09:31:21.790,4.826,140400
2020-08-25 09:31:21.910,4.826,10000
2020-08-25 09:31:22.810,4.827,10000
2020-08-25 09:31:22.810,4.828,10000
2020-08-25 09:31:22.810,4.829,54400
2020-08-25 09:31:24.430,4.826,6600
2020-08-25 09:31:25.120,4.827,600
2020-08-25 09:31:27.070,4.826,30000
2020-08-25 09:31:28.150,4.827,6000
2020-08-25 09:31:28.150,4.826,294000
2020-08-25 09:31:28.810,4.828,6700
2020-08-25 09:31:29.340,4.826,2000
2020-08-25 09:31:29.660,4.826,500
2020-08-25 09:31:30.160,4.826,2500
2020-08-25 09:31:30.700,4.828,3300
2020-08-25 09:31:30.700,4.828,16700
2020-08-25 09:31:31.600,4.827,500
2020-08-25 09:31:31.600,4.827,10000
2020-08-25 09:31:31.600,4.828,13300
2020-08-25 09:31:31.600,4.828,2000
2020-08-25 09:31:31.600,4.828,100
2020-08-25 09:31:31.600,4.828,100
2020-08-25 09:31:31.600,4.828,500
2020-08-25 09:31:31.600,4.828,5000
2020-08-25 09:31:31.600,4.828,1000
2020-08-25 09:31:31.600,4.828,1000
2020-08-25 09:31:31.600,4.828,33400
2020-08-25 09:31:31.600,4.828,29000
2020-08-25 09:31:31.980,4.828,500
2020-08-25 09:31:32.450,4.827,200
2020-08-25 09:31:34.060,4.827,9800
2020-08-25 09:31:34.060,4.827,200
2020-08-25 09:31:34.790,4.826,2000
2020-08-25 09:31:35.010,4.827,2000
2020-08-25 09:31:37.750,4.826,3000
2020-08-25 09:31:37.780,4.826,1000
2020-08-25 09:31:37.880,4.826,2000
2020-08-25 09:31:38.650,4.826,27600
2020-08-25 09:31:39.570,4.826,22700
2020-08-25 09:31:39.570,4.826,200
2020-08-25 09:31:40.420,4.825,600
2020-08-25 09:31:40.740,4.826,200
2020-08-25 09:31:40.890,4.826,200
2020-08-25 09:31:42.800,4.826,100
2020-08-25 09:31:43.460,4.825,4500
2020-08-25 09:31:43.460,4.825,15500
2020-08-25 09:31:44.400,4.825,16700
2020-08-25 09:31:44.400,4.825,4000
2020-08-25 09:31:44.400,4.825,4000
2020-08-25 09:31:44.400,4.825,5000
2020-08-25 09:31:45.040,4.825,10000
2020-08-25 09:31:45.490,4.825,2700
2020-08-25 09:31:45.870,4.825,9100
2020-08-25 09:31:47.310,4.825,200
2020-08-25 09:31:47.620,4.826,100
2020-08-25 09:31:47.710,4.825,200
2020-08-25 09:31:48.190,4.825,600
2020-08-25 09:31:48.280,4.825,5100
2020-08-25 09:31:48.970,4.826,400
2020-08-25 09:31:49.410,4.826,12500
2020-08-25 09:31:49.530,4.826,2000
2020-08-25 09:31:49.530,4.826,1100
2020-08-25 09:31:50.060,4.825,1000
2020-08-25 09:31:50.300,4.826,5400
2020-08-25 09:31:50.300,4.826,1300
2020-08-25 09:31:50.300,4.826,1500
2020-08-25 09:31:50.300,4.826,1000
2020-08-25 09:31:50.300,4.826,1000
2020-08-25 09:31:50.300,4.826,600
2020-08-25 09:31:50.300,4.826,5000
2020-08-25 09:31:50.800,4.826,100
2020-08-25 09:31:51.010,4.827,27800
2020-08-25 09:31:51.010,4.827,10000
2020-08-25 09:31:51.010,4.827,600
2020-08-25 09:31:51.010,4.827,3000
2020-08-25 09:31:51.010,4.827,500
2020-08-25 09:31:51.010,4.827,1000
2020-08-25 09:31:51.400,4.827,3100
2020-08-25 09:31:52.950,4.827,4600
2020-08-25 09:31:53.070,4.826,4100
2020-08-25 09:31:53.070,4.826,100
2020-08-25 09:31:53.070,4.826,15800
2020-08-25 09:31:53.840,4.826,30000
2020-08-25 09:31:53.840,4.827,2400
2020-08-25 09:31:54.580,4.827,4500
2020-08-25 09:31:55.250,4.826,200
2020-08-25 09:31:55.770,4.825,30000
2020-08-25 09:31:56.250,4.826,4500
2020-08-25 09:31:56.520,4.825,1200
2020-08-25 09:31:56.710,4.826,200
2020-08-25 09:31:57.110,4.826,90000
2020-08-25 09:31:57.550,4.826,34000
2020-08-25 09:31:57.760,4.826,400
2020-08-25 09:31:57.850,4.827,4600
2020-08-25 09:31:57.980,4.827,20900
2020-08-25 09:31:57.980,4.827,30000
2020-08-25 09:31:57.980,4.827,92900
2020-08-25 09:31:58.570,4.827,4600
2020-08-25 09:31:58.570,4.826,15400
2020-08-25 09:31:58.570,4.828,500
2020-08-25 09:31:58.570,4.828,10000
2020-08-25 09:31:58.570,4.828,20000
2020-08-25 09:31:58.570,4.828,1000
2020-08-25 09:31:58.570,4.828,5000
2020-08-25 09:31:58.570,4.828,2000
2020-08-25 09:31:58.570,4.828,7000
2020-08-25 09:31:58.570,4.828,100
2020-08-25 09:31:58.570,4.828,5000
2020-08-25 09:31:58.570,4.828,5100
2020-08-25 09:31:58.570,4.828,7700
2020-08-25 09:31:58.570,4.828,400
2020-08-25 09:31:58.570,4.828,3000
2020-08-25 09:31:58.570,4.828,500
2020-08-25 09:31:58.570,4.828,8000
2020-08-25 09:32:01.020,4.829,3500
2020-08-25 09:32:01.020,4.829,3900
2020-08-25 09:32:01.020,4.829,2600
2020-08-25 09:32:01.140,4.828,1900
2020-08-25 09:32:01.140,4.827,100
2020-08-25 09:32:01.950,4.827,1000
2020-08-25 09:32:02.250,4.826,300
2020-08-25 09:32:02.250,4.826,100
2020-08-25 09:32:02.250,4.825,2000
2020-08-25 09:32:02.250,4.825,22700
2020-08-25 09:32:02.370,4.827,1000
2020-08-25 09:32:03.960,4.826,100
2020-08-25 09:32:04.470,4.827,100
2020-08-25 09:32:04.730,4.827,500
2020-08-25 09:32:05.070,4.828,400
2020-08-25 09:32:05.070,4.828,5000
2020-08-25 09:32:05.070,4.828,1000
2020-08-25 09:32:05.070,4.829,97400
2020-08-25 09:32:05.070,4.829,100000
2020-08-25 09:32:05.070,4.829,4000
2020-08-25 09:32:05.070,4.829,1000
2020-08-25 09:32:05.070,4.829,10500
2020-08-25 09:32:05.070,4.829,300
2020-08-25 09:32:05.070,4.829,600
2020-08-25 09:32:06.290,4.827,1200
2020-08-25 09:32:06.620,4.828,1000
2020-08-25 09:32:06.620,4.829,4400
2020-08-25 09:32:06.620,4.829,1000
2020-08-25 09:32:06.680,4.829,1000
2020-08-25 09:32:07.200,4.829,10000
2020-08-25 09:32:07.200,4.827,295200
2020-08-25 09:32:07.320,4.83,20000
2020-08-25 09:32:07.320,4.83,2000
2020-08-25 09:32:07.320,4.83,1000
2020-08-25 09:32:07.320,4.83,5000
2020-08-25 09:32:07.320,4.83,100
2020-08-25 09:32:07.320,4.83,10000
2020-08-25 09:32:07.320,4.83,1000
2020-08-25 09:32:07.320,4.83,6500
2020-08-25 09:32:07.320,4.83,3000
2020-08-25 09:32:07.320,4.83,500
2020-08-25 09:32:07.320,4.83,20000
2020-08-25 09:32:07.320,4.83,2000
2020-08-25 09:32:07.320,4.83,4600
2020-08-25 09:32:08.200,4.828,1000
2020-08-25 09:32:08.200,4.828,54500
2020-08-25 09:32:08.920,4.828,600
2020-08-25 09:32:09.220,4.828,16300
2020-08-25 09:32:09.260,4.828,6000
2020-08-25 09:32:09.540,4.828,1000
2020-08-25 09:32:10.430,4.828,6400
2020-08-25 09:32:10.430,4.83,500
2020-08-25 09:32:10.430,4.83,3100
2020-08-25 09:32:11.000,4.827,300
2020-08-25 09:32:13.010,4.828,100
2020-08-25 09:32:13.010,4.828,900
2020-08-25 09:32:14.630,4.83,2000
2020-08-25 09:32:14.630,4.83,1000
2020-08-25 09:32:14.780,4.83,100
2020-08-25 09:32:15.090,4.83,1400
2020-08-25 09:32:15.090,4.83,22600
2020-08-25 09:32:16.950,4.827,2600
2020-08-25 09:32:17.060,4.83,9900
2020-08-25 09:32:17.060,4.83,500
2020-08-25 09:32:17.060,4.83,1600
2020-08-25 09:32:17.800,4.83,400
2020-08-25 09:32:17.800,4.83,4600
2020-08-25 09:32:18.040,4.83,400
2020-08-25 09:32:18.040,4.83,1000
2020-08-25 09:32:18.040,4.83,2100
2020-08-25 09:32:18.720,4.83,1700
2020-08-25 09:32:20.230,4.83,1000
2020-08-25 09:32:20.340,4.83,18600
2020-08-25 09:32:20.340,4.83,31400
2020-08-25 09:32:20.570,4.831,20000
2020-08-25 09:32:20.660,4.83,2100
2020-08-25 09:32:20.660,4.829,339700
2020-08-25 09:32:22.290,4.83,400
2020-08-25 09:32:22.290,4.83,100
2020-08-25 09:32:22.390,4.83,100
2020-08-25 09:32:24.060,4.83,10000
2020-08-25 09:32:24.190,4.83,1100
2020-08-25 09:32:24.390,4.83,8300
2020-08-25 09:32:24.390,4.83,1200
2020-08-25 09:32:25.280,4.83,4600
2020-08-25 09:32:25.310,4.831,20500
2020-08-25 09:32:25.310,4.831,10000
2020-08-25 09:32:25.310,4.831,2000
2020-08-25 09:32:25.490,4.83,300
2020-08-25 09:32:25.650,4.83,10000
2020-08-25 09:32:27.340,4.831,3000
2020-08-25 09:32:27.340,4.831,300
2020-08-25 09:32:27.340,4.831,16700
2020-08-25 09:32:27.340,4.831,20000
2020-08-25 09:32:27.500,4.831,23300
2020-08-25 09:32:27.500,4.831,2000
2020-08-25 09:32:27.500,4.831,1000
2020-08-25 09:32:27.500,4.831,2000
2020-08-25 09:32:27.500,4.831,5000
2020-08-25 09:32:27.500,4.831,500
2020-08-25 09:32:27.500,4.831,100
2020-08-25 09:32:27.500,4.831,900
2020-08-25 09:32:27.500,4.832,100
2020-08-25 09:32:27.500,4.832,2100
2020-08-25 09:32:27.500,4.832,200
2020-08-25 09:32:27.500,4.832,200
2020-08-25 09:32:27.500,4.832,4000
2020-08-25 09:32:27.500,4.832,4000
2020-08-25 09:32:27.500,4.832,7000
2020-08-25 09:32:27.500,4.832,2000
2020-08-25 09:32:27.500,4.832,100
2020-08-25 09:32:27.500,4.832,10000
2020-08-25 09:32:27.500,4.832,3000
2020-08-25 09:32:27.500,4.832,200
2020-08-25 09:32:27.500,4.832,80000
2020-08-25 09:32:27.500,4.832,5000
2020-08-25 09:32:29.200,4.833,200
2020-08-25 09:32:29.580,4.832,100
2020-08-25 09:32:29.760,4.832,10000
2020-08-25 09:32:29.940,4.832,100
2020-08-25 09:32:30.070,4.832,1000
2020-08-25 09:32:30.170,4.832,136100
2020-08-25 09:32:30.170,4.832,63900
2020-08-25 09:32:30.200,4.832,500
2020-08-25 09:32:30.310,4.833,800
2020-08-25 09:32:30.310,4.833,100
2020-08-25 09:32:30.310,4.833,200
2020-08-25 09:32:30.310,4.833,30000
2020-08-25 09:32:30.310,4.833,6500
2020-08-25 09:32:30.310,4.833,400
2020-08-25 09:32:30.310,4.833,2000
2020-08-25 09:32:30.310,4.833,1900
2020-08-25 09:32:30.310,4.833,100
2020-08-25 09:32:30.310,4.833,55600
2020-08-25 09:32:31.760,4.833,100
2020-08-25 09:32:31.760,4.832,12500
2020-08-25 09:32:32.080,4.832,10000
2020-08-25 09:32:32.920,4.832,1600
2020-08-25 09:32:33.190,4.833,100
2020-08-25 09:32:33.190,4.832,300
2020-08-25 09:32:35.960,4.834,600
2020-08-25 09:32:35.960,4.834,1500
2020-08-25 09:32:35.960,4.834,100
2020-08-25 09:32:35.960,4.834,300
2020-08-25 09:32:35.960,4.834,600
2020-08-25 09:32:35.960,4.834,5000
2020-08-25 09:32:35.960,4.834,11400
2020-08-25 09:32:35.960,4.834,300
2020-08-25 09:32:35.960,4.834,5000
2020-08-25 09:32:35.960,4.834,2000
2020-08-25 09:32:35.960,4.834,3500
2020-08-25 09:32:36.140,4.834,1600
2020-08-25 09:32:36.260,4.834,2700
2020-08-25 09:32:36.750,4.834,2500
2020-08-25 09:32:36.960,4.834,1500
2020-08-25 09:32:37.490,4.834,9000
2020-08-25 09:32:38.290,4.835,2000
2020-08-25 09:32:38.790,4.834,1000
2020-08-25 09:32:38.790,4.835,3000
2020-08-25 09:32:40.120,4.834,200
2020-08-25 09:32:40.120,4.834,400
2020-08-25 09:32:40.120,4.834,100
2020-08-25 09:32:40.190,4.834,1000
2020-08-25 09:32:40.950,4.834,300
2020-08-25 09:32:41.180,4.834,300
2020-08-25 09:32:41.410,4.835,4000
2020-08-25 09:32:41.570,4.834,8000
2020-08-25 09:32:41.680,4.834,1000
2020-08-25 09:32:42.020,4.835,1000
2020-08-25 09:32:42.020,4.835,100
2020-08-25 09:32:42.020,4.835,800
2020-08-25 09:32:42.020,4.835,2700
2020-08-25 09:32:42.020,4.835,5300
2020-08-25 09:32:42.020,4.835,200
2020-08-25 09:32:42.020,4.835,2000
2020-08-25 09:32:42.020,4.835,2000
2020-08-25 09:32:42.020,4.835,2000
2020-08-25 09:32:42.020,4.835,200
2020-08-25 09:32:42.020,4.835,9100
2020-08-25 09:32:42.020,4.835,900
2020-08-25 09:32:42.020,4.835,5000
2020-08-25 09:32:42.020,4.835,2000
2020-08-25 09:32:42.020,4.835,100
2020-08-25 09:32:42.020,4.835,1000
2020-08-25 09:32:42.050,4.834,2600
2020-08-25 09:32:42.050,4.834,2000
2020-08-25 09:32:42.050,4.834,1400
2020-08-25 09:32:42.280,4.834,2400
2020-08-25 09:32:43.740,4.834,3300
2020-08-25 09:32:43.740,4.834,1600
2020-08-25 09:32:44.220,4.834,500
2020-08-25 09:32:44.220,4.834,200
2020-08-25 09:32:44.220,4.834,100
2020-08-25 09:32:44.220,4.833,200
2020-08-25 09:32:45.010,4.834,2000
2020-08-25 09:32:45.010,4.834,300
2020-08-25 09:32:45.010,4.835,200
2020-08-25 09:32:45.440,4.835,4000
2020-08-25 09:32:46.860,4.834,300
2020-08-25 09:32:46.860,4.834,1000
2020-08-25 09:32:46.860,4.835,4800
2020-08-25 09:32:46.860,4.835,2500
2020-08-25 09:32:46.860,4.835,3000
2020-08-25 09:32:46.860,4.835,1000
2020-08-25 09:32:46.860,4.835,42300
2020-08-25 09:32:46.860,4.835,2000
2020-08-25 09:32:46.860,4.835,2500
2020-08-25 09:32:46.860,4.835,20000
2020-08-25 09:32:46.860,4.835,1000
2020-08-25 09:32:46.860,4.835,10000
2020-08-25 09:32:46.860,4.835,1000
2020-08-25 09:32:46.860,4.835,20800
2020-08-25 09:32:49.310,4.834,1000
2020-08-25 09:32:49.310,4.834,20000
2020-08-25 09:32:49.310,4.834,1900
2020-08-25 09:32:49.310,4.834,5000
2020-08-25 09:32:49.310,4.835,4600
2020-08-25 09:32:49.430,4.835,18900
2020-08-25 09:32:49.430,4.835,200
2020-08-25 09:32:49.430,4.835,20000
2020-08-25 09:32:49.430,4.835,5000
2020-08-25 09:32:49.430,4.835,500
2020-08-25 09:32:49.430,4.835,300
2020-08-25 09:32:49.430,4.835,35000
2020-08-25 09:32:49.610,4.833,1000
2020-08-25 09:32:49.700,4.835,4100
2020-08-25 09:32:49.790,4.835,100
2020-08-25 09:32:50.120,4.834,100
2020-08-25 09:32:50.930,4.834,2900
2020-08-25 09:32:50.930,4.834,1000
2020-08-25 09:32:50.930,4.835,27200
2020-08-25 09:32:50.930,4.835,3000
2020-08-25 09:32:50.930,4.835,2000
2020-08-25 09:32:50.930,4.836,1000
2020-08-25 09:32:50.930,4.836,10000
2020-08-25 09:32:50.930,4.836,10000
2020-08-25 09:32:50.930,4.836,5000
2020-08-25 09:32:50.930,4.836,500
2020-08-25 09:32:50.930,4.836,500
2020-08-25 09:32:50.930,4.836,300
2020-08-25 09:32:50.930,4.836,900
2020-08-25 09:32:50.930,4.836,47900
2020-08-25 09:32:51.380,4.837,1000
2020-08-25 09:32:52.390,4.834,1200
2020-08-25 09:32:53.990,4.835,300
2020-08-25 09:32:53.990,4.835,1000
2020-08-25 09:32:53.990,4.835,10000
2020-08-25 09:32:53.990,4.836,42000
2020-08-25 09:32:54.180,4.835,200
2020-08-25 09:32:54.820,4.835,800
2020-08-25 09:32:54.820,4.835,2500
2020-08-25 09:32:55.710,4.835,12500
2020-08-25 09:32:55.710,4.837,10000
2020-08-25 09:32:55.710,4.837,600
2020-08-25 09:32:55.710,4.837,3000
2020-08-25 09:32:55.710,4.837,10000
2020-08-25 09:32:55.710,4.837,3000
2020-08-25 09:32:55.710,4.837,100
2020-08-25 09:32:55.710,4.837,2100
2020-08-25 09:32:55.710,4.837,200
2020-08-25 09:32:55.710,4.837,3000
2020-08-25 09:32:55.760,4.837,48200
2020-08-25 09:32:55.940,4.835,5000
2020-08-25 09:32:55.940,4.837,31800
2020-08-25 09:32:55.940,4.838,200
2020-08-25 09:32:56.850,4.837,2100
2020-08-25 09:32:57.030,4.837,10000
2020-08-25 09:32:58.320,4.837,100
2020-08-25 09:32:59.050,4.837,11000
2020-08-25 09:32:59.940,4.837,500
2020-08-25 09:33:00.520,4.836,2000
2020-08-25 09:33:00.520,4.836,5000
2020-08-25 09:33:00.860,4.836,300
2020-08-25 09:33:02.390,4.835,2100
2020-08-25 09:33:02.980,4.837,12300
2020-08-25 09:33:04.750,4.837,19400
2020-08-25 09:33:05.190,4.837,6800
2020-08-25 09:33:05.190,4.837,1000
2020-08-25 09:33:05.190,4.837,500
2020-08-25 09:33:05.190,4.837,5000
2020-08-25 09:33:05.190,4.837,28500
2020-08-25 09:33:05.190,4.838,100
2020-08-25 09:33:05.190,4.838,300
2020-08-25 09:33:05.190,4.838,300
2020-08-25 09:33:05.190,4.838,20000
2020-08-25 09:33:05.190,4.838,100
2020-08-25 09:33:05.190,4.838,25000
2020-08-25 09:33:05.190,4.838,20000
2020-08-25 09:33:05.190,4.838,10000
2020-08-25 09:33:05.190,4.838,1000
2020-08-25 09:33:05.190,4.838,200
2020-08-25 09:33:05.190,4.838,9000
2020-08-25 09:33:05.190,4.838,10000
2020-08-25 09:33:05.190,4.838,162200
2020-08-25 09:33:06.200,4.836,500
2020-08-25 09:33:06.700,4.836,2000
2020-08-25 09:33:06.700,4.835,20900
2020-08-25 09:33:06.700,4.835,57100
2020-08-25 09:33:06.890,4.837,200
2020-08-25 09:33:06.890,4.837,100
2020-08-25 09:33:07.740,4.837,300
2020-08-25 09:33:07.840,4.837,300
2020-08-25 09:33:08.020,4.837,1000
2020-08-25 09:33:08.250,4.837,5000
2020-08-25 09:33:08.250,4.838,37800
2020-08-25 09:33:08.250,4.838,600
2020-08-25 09:33:08.250,4.838,600
2020-08-25 09:33:08.250,4.838,3000
2020-08-25 09:33:08.250,4.838,10000
2020-08-25 09:33:08.250,4.838,10000
2020-08-25 09:33:08.250,4.838,3000
2020-08-25 09:33:08.250,4.838,10000
2020-08-25 09:33:08.250,4.838,40000
2020-08-25 09:33:08.540,4.838,3500
2020-08-25 09:33:08.780,4.838,500
2020-08-25 09:33:08.970,4.839,2000
2020-08-25 09:33:08.970,4.839,5000
2020-08-25 09:33:08.970,4.839,200
2020-08-25 09:33:08.970,4.839,4200
2020-08-25 09:33:08.970,4.839,300
2020-08-25 09:33:08.970,4.839,1000
2020-08-25 09:33:08.970,4.839,20000
2020-08-25 09:33:08.970,4.839,5000
2020-08-25 09:33:08.970,4.839,1500
2020-08-25 09:33:08.970,4.839,6000
2020-08-25 09:33:08.970,4.839,5000
2020-08-25 09:33:08.970,4.839,1000
2020-08-25 09:33:08.970,4.839,7000
2020-08-25 09:33:08.970,4.839,30000
2020-08-25 09:33:08.970,4.839,100
2020-08-25 09:33:09.540,4.839,500
2020-08-25 09:33:10.550,4.839,200
2020-08-25 09:33:11.330,4.839,5000
2020-08-25 09:33:11.330,4.839,6000
2020-08-25 09:33:11.610,4.839,100
2020-08-25 09:33:12.290,4.839,1000
2020-08-25 09:33:12.370,4.839,1000
2020-08-25 09:33:12.400,4.839,300
2020-08-25 09:33:12.430,4.839,6000
2020-08-25 09:33:12.770,4.839,100
2020-08-25 09:33:13.570,4.839,100
2020-08-25 09:33:13.950,4.839,1300
2020-08-25 09:33:13.950,4.838,3600
2020-08-25 09:33:14.510,4.84,2500
2020-08-25 09:33:14.510,4.84,5000
2020-08-25 09:33:14.510,4.84,100
2020-08-25 09:33:14.510,4.84,5300
2020-08-25 09:33:14.510,4.84,600
2020-08-25 09:33:14.960,4.839,100
2020-08-25 09:33:14.960,4.839,200
2020-08-25 09:33:14.960,4.84,300
2020-08-25 09:33:14.960,4.84,100
2020-08-25 09:33:14.960,4.84,3600
2020-08-25 09:33:15.150,4.838,5000
2020-08-25 09:33:15.440,4.84,10000
2020-08-25 09:33:16.720,4.84,500
2020-08-25 09:33:16.760,4.838,4600
2020-08-25 09:33:17.110,4.839,500
2020-08-25 09:33:17.200,4.839,1000
2020-08-25 09:33:17.200,4.839,1000
2020-08-25 09:33:17.200,4.84,9900
2020-08-25 09:33:17.980,4.838,2000
2020-08-25 09:33:18.370,4.839,2000
2020-08-25 09:33:19.140,4.839,300000
2020-08-25 09:33:19.390,4.839,600000
2020-08-25 09:33:19.450,4.839,1600
2020-08-25 09:33:19.450,4.839,96400
2020-08-25 09:33:19.450,4.839,1000
2020-08-25 09:33:19.450,4.839,4000
2020-08-25 09:33:19.450,4.839,300
2020-08-25 09:33:19.450,4.84,10500
2020-08-25 09:33:20.540,4.839,100
2020-08-25 09:33:20.730,4.839,300
2020-08-25 09:33:20.730,4.839,1500
2020-08-25 09:33:20.730,4.839,1000
2020-08-25 09:33:20.730,4.84,5500
2020-08-25 09:33:20.730,4.84,40000
2020-08-25 09:33:20.730,4.84,2000
2020-08-25 09:33:20.730,4.84,2000
2020-08-25 09:33:20.730,4.84,10000
2020-08-25 09:33:20.730,4.84,600
2020-08-25 09:33:20.730,4.84,300
2020-08-25 09:33:20.730,4.84,5500
2020-08-25 09:33:20.730,4.84,100
2020-08-25 09:33:20.730,4.84,200
2020-08-25 09:33:20.730,4.84,6300
2020-08-25 09:33:20.730,4.84,10000
2020-08-25 09:33:20.730,4.84,1000
2020-08-25 09:33:20.730,4.84,5000
2020-08-25 09:33:20.730,4.84,1000
2020-08-25 09:33:20.730,4.84,10000
2020-08-25 09:33:20.730,4.84,500
2020-08-25 09:33:20.730,4.84,200
2020-08-25 09:33:20.730,4.84,30000
2020-08-25 09:33:20.730,4.84,800
2020-08-25 09:33:20.730,4.84,200
2020-08-25 09:33:20.730,4.84,9700
2020-08-25 09:33:20.730,4.84,1000
2020-08-25 09:33:20.730,4.84,2000
2020-08-25 09:33:20.730,4.84,1000
2020-08-25 09:33:20.730,4.84,300
2020-08-25 09:33:20.730,4.84,1000
2020-08-25 09:33:20.730,4.84,1000
2020-08-25 09:33:20.730,4.84,500
2020-08-25 09:33:20.730,4.84,5000
2020-08-25 09:33:20.730,4.84,5000
2020-08-25 09:33:20.730,4.84,5000
2020-08-25 09:33:20.730,4.84,200
2020-08-25 09:33:20.730,4.84,15000
2020-08-25 09:33:20.730,4.84,15000
2020-08-25 09:33:20.730,4.84,500
2020-08-25 09:33:20.730,4.84,3000
2020-08-25 09:33:20.730,4.84,100
2020-08-25 09:33:20.730,4.84,500
2020-08-25 09:33:20.730,4.84,2000
2020-08-25 09:33:20.730,4.84,500
2020-08-25 09:33:20.730,4.84,100
2020-08-25 09:33:20.730,4.84,1700
2020-08-25 09:33:20.730,4.84,500
2020-08-25 09:33:20.730,4.84,2000
2020-08-25 09:33:20.730,4.84,300
2020-08-25 09:33:20.730,4.84,5000
2020-08-25 09:33:20.730,4.84,2000
2020-08-25 09:33:20.730,4.84,200
2020-08-25 09:33:20.730,4.84,200
2020-08-25 09:33:20.730,4.84,300
2020-08-25 09:33:20.730,4.84,20800
2020-08-25 09:33:20.730,4.84,15000
2020-08-25 09:33:20.730,4.84,6000
2020-08-25 09:33:20.730,4.84,10000
2020-08-25 09:33:21.060,4.84,33600
2020-08-25 09:33:21.410,4.839,300
2020-08-25 09:33:21.590,4.839,5000
2020-08-25 09:33:21.620,4.839,10000
2020-08-25 09:33:21.800,4.839,5700
2020-08-25 09:33:21.830,4.839,5000
2020-08-25 09:33:22.050,4.839,29300
2020-08-25 09:33:22.050,4.84,32900
2020-08-25 09:33:22.050,4.841,1100
2020-08-25 09:33:22.050,4.841,6000
2020-08-25 09:33:22.050,4.842,2000
2020-08-25 09:33:22.050,4.842,700
2020-08-25 09:33:22.050,4.842,300
2020-08-25 09:33:22.050,4.842,100
2020-08-25 09:33:22.050,4.842,1000
2020-08-25 09:33:22.050,4.842,170000
2020-08-25 09:33:22.050,4.842,7000
2020-08-25 09:33:22.080,4.842,2100
2020-08-25 09:33:22.570,4.842,500
2020-08-25 09:33:23.160,4.843,1100
2020-08-25 09:33:23.160,4.843,500
2020-08-25 09:33:23.160,4.843,2400
2020-08-25 09:33:23.540,4.842,1000
2020-08-25 09:33:23.730,4.842,700
2020-08-25 09:33:23.880,4.842,20000
2020-08-25 09:33:24.280,4.842,200
2020-08-25 09:33:24.340,4.842,2000
2020-08-25 09:33:24.340,4.842,200
2020-08-25 09:33:24.440,4.842,1000
2020-08-25 09:33:24.440,4.842,1000
2020-08-25 09:33:24.440,4.842,1000
2020-08-25 09:33:24.440,4.842,300
2020-08-25 09:33:24.440,4.842,500
2020-08-25 09:33:24.810,4.842,1000
2020-08-25 09:33:24.810,4.842,100
2020-08-25 09:33:25.760,4.842,10000
2020-08-25 09:33:26.030,4.842,1000
2020-08-25 09:33:26.030,4.843,5600
2020-08-25 09:33:26.030,4.843,600
2020-08-25 09:33:26.030,4.843,6000
2020-08-25 09:33:26.030,4.843,1500
2020-08-25 09:33:26.030,4.843,10000
2020-08-25 09:33:26.030,4.843,500
2020-08-25 09:33:26.030,4.843,3000
2020-08-25 09:33:26.030,4.843,2000
2020-08-25 09:33:26.030,4.843,4000
2020-08-25 09:33:26.060,4.843,3000
2020-08-25 09:33:26.060,4.843,1100
2020-08-25 09:33:26.090,4.843,300
2020-08-25 09:33:26.180,4.843,50000
2020-08-25 09:33:26.280,4.843,20000
2020-08-25 09:33:27.040,4.843,5000
2020-08-25 09:33:27.600,4.843,35500
2020-08-25 09:33:27.900,4.843,100
2020-08-25 09:33:28.460,4.843,5000
2020-08-25 09:33:28.810,4.843,1500
2020-08-25 09:33:29.400,4.843,2000
2020-08-25 09:33:29.490,4.843,1000
2020-08-25 09:33:29.930,4.844,100
2020-08-25 09:33:29.930,4.844,900
2020-08-25 09:33:30.150,4.843,100
2020-08-25 09:33:30.320,4.843,200
2020-08-25 09:33:30.600,4.844,100
2020-08-25 09:33:30.600,4.844,5000
2020-08-25 09:33:30.600,4.844,300
2020-08-25 09:33:30.600,4.844,16000
2020-08-25 09:33:30.600,4.844,5000
2020-08-25 09:33:30.600,4.844,9900
2020-08-25 09:33:30.600,4.844,2000
2020-08-25 09:33:30.600,4.844,20000
2020-08-25 09:33:30.810,4.843,3000
2020-08-25 09:33:31.410,4.843,139000
2020-08-25 09:33:31.410,4.842,7000
2020-08-25 09:33:31.640,4.842,315000
2020-08-25 09:33:31.870,4.842,539000
2020-08-25 09:33:32.810,4.844,800
2020-08-25 09:33:32.810,4.844,1600
2020-08-25 09:33:32.810,4.843,13400
2020-08-25 09:33:33.030,4.845,5000
2020-08-25 09:33:33.030,4.845,100
2020-08-25 09:33:33.030,4.845,1000
2020-08-25 09:33:33.030,4.845,7000
2020-08-25 09:33:33.030,4.845,200
2020-08-25 09:33:33.030,4.845,200
2020-08-25 09:33:33.030,4.845,200
2020-08-25 09:33:33.030,4.845,5100
2020-08-25 09:33:33.030,4.845,1500
2020-08-25 09:33:33.030,4.845,2500
2020-08-25 09:33:33.030,4.845,10000
2020-08-25 09:33:33.030,4.845,1000
2020-08-25 09:33:33.030,4.845,1000
2020-08-25 09:33:33.030,4.845,2500
2020-08-25 09:33:33.030,4.845,700
2020-08-25 09:33:33.030,4.845,1000
2020-08-25 09:33:33.030,4.845,10000
2020-08-25 09:33:33.030,4.845,1000
2020-08-25 09:33:33.030,4.845,300
2020-08-25 09:33:34.120,4.843,100
2020-08-25 09:33:35.500,4.844,1000
2020-08-25 09:33:35.880,4.844,4000
2020-08-25 09:33:35.880,4.843,1000
2020-08-25 09:33:36.060,4.846,5000
2020-08-25 09:33:36.640,4.844,400
2020-08-25 09:33:37.060,4.844,9600
2020-08-25 09:33:37.060,4.843,400
2020-08-25 09:33:37.260,4.843,24000
2020-08-25 09:33:37.780,4.846,1000
2020-08-25 09:33:37.780,4.846,300
2020-08-25 09:33:37.780,4.846,500
2020-08-25 09:33:37.780,4.846,400
2020-08-25 09:33:37.780,4.846,5000
2020-08-25 09:33:37.780,4.846,10000
2020-08-25 09:33:37.780,4.846,5000
2020-08-25 09:33:37.780,4.846,5000
2020-08-25 09:33:37.780,4.846,600
2020-08-25 09:33:37.780,4.846,20100
2020-08-25 09:33:38.000,4.846,11000
2020-08-25 09:33:38.360,4.846,2000
2020-08-25 09:33:38.790,4.846,8000
2020-08-25 09:33:38.850,4.846,40200
2020-08-25 09:33:39.160,4.846,1200
2020-08-25 09:33:39.190,4.846,100
2020-08-25 09:33:39.190,4.846,2900
2020-08-25 09:33:39.280,4.847,300
2020-08-25 09:33:39.460,4.846,100
2020-08-25 09:33:39.830,4.846,2000
2020-08-25 09:33:40.120,4.846,10000
2020-08-25 09:33:40.440,4.846,100
2020-08-25 09:33:42.180,4.846,100
2020-08-25 09:33:42.520,4.846,300
2020-08-25 09:33:42.580,4.846,5000
2020-08-25 09:33:43.690,4.847,1700
2020-08-25 09:33:43.690,4.847,1500
2020-08-25 09:33:43.690,4.847,100
2020-08-25 09:33:43.690,4.847,100
2020-08-25 09:33:43.690,4.847,2000
2020-08-25 09:33:43.690,4.847,1500
2020-08-25 09:33:43.690,4.847,20000
2020-08-25 09:33:43.690,4.847,4000
2020-08-25 09:33:43.690,4.847,100
2020-08-25 09:33:43.690,4.847,300
2020-08-25 09:33:43.690,4.847,1000
2020-08-25 09:33:43.690,4.847,5000
2020-08-25 09:33:43.690,4.847,200
2020-08-25 09:33:43.690,4.847,5100
2020-08-25 09:33:43.690,4.847,10000
2020-08-25 09:33:43.880,4.846,74900
2020-08-25 09:33:44.090,4.847,3500
2020-08-25 09:33:44.670,4.847,1000
2020-08-25 09:33:45.090,4.846,100
2020-08-25 09:33:45.150,4.846,300
2020-08-25 09:33:45.470,4.847,5000
2020-08-25 09:33:45.510,4.847,1000
2020-08-25 09:33:45.510,4.847,10000
2020-08-25 09:33:45.600,4.847,5000
2020-08-25 09:33:46.310,4.848,1000
2020-08-25 09:33:46.310,4.848,3000
2020-08-25 09:33:46.310,4.848,1000
2020-08-25 09:33:46.310,4.848,2000
2020-08-25 09:33:46.310,4.848,10000
2020-08-25 09:33:46.310,4.848,3000
2020-08-25 09:33:46.310,4.848,1000
2020-08-25 09:33:46.310,4.848,1000
2020-08-25 09:33:46.310,4.848,5000
2020-08-25 09:33:46.310,4.848,1000
2020-08-25 09:33:46.310,4.848,5000
2020-08-25 09:33:46.310,4.848,2900
2020-08-25 09:33:46.310,4.848,3000
2020-08-25 09:33:46.310,4.848,3000
2020-08-25 09:33:46.310,4.848,2000
2020-08-25 09:33:46.310,4.848,5000
2020-08-25 09:33:46.310,4.848,20000
2020-08-25 09:33:46.310,4.848,10000
2020-08-25 09:33:46.310,4.848,3000
2020-08-25 09:33:46.310,4.848,2000
2020-08-25 09:33:46.310,4.849,5000
2020-08-25 09:33:46.310,4.849,5000
2020-08-25 09:33:46.310,4.849,500
2020-08-25 09:33:46.310,4.849,4700
2020-08-25 09:33:46.310,4.849,300
2020-08-25 09:33:46.310,4.849,300
2020-08-25 09:33:46.310,4.849,50000
2020-08-25 09:33:46.310,4.849,200
2020-08-25 09:33:46.310,4.849,5000
2020-08-25 09:33:46.310,4.849,600
2020-08-25 09:33:46.310,4.849,5000
2020-08-25 09:33:46.310,4.849,300
2020-08-25 09:33:46.310,4.849,5000
2020-08-25 09:33:46.310,4.849,80000
2020-08-25 09:33:46.310,4.849,10000
2020-08-25 09:33:46.600,4.849,300
2020-08-25 09:33:47.000,4.849,100
2020-08-25 09:33:47.300,4.849,13600
2020-08-25 09:33:47.480,4.849,100
2020-08-25 09:33:47.480,4.849,28100
2020-08-25 09:33:47.640,4.849,1200
2020-08-25 09:33:48.120,4.849,100
2020-08-25 09:33:48.230,4.85,2000
2020-08-25 09:33:48.860,4.849,700
2020-08-25 09:33:48.860,4.848,1300
2020-08-25 09:33:49.010,4.848,1000
2020-08-25 09:33:49.170,4.848,300
2020-08-25 09:33:49.960,4.848,1900
2020-08-25 09:33:50.200,4.848,400
2020-08-25 09:33:50.630,4.848,1300
2020-08-25 09:33:51.240,4.848,10000
2020-08-25 09:33:51.300,4.848,48800
2020-08-25 09:33:51.300,4.848,1200
2020-08-25 09:33:52.650,4.848,1000
2020-08-25 09:33:52.920,4.848,300
2020-08-25 09:33:53.350,4.849,1000
2020-08-25 09:33:53.350,4.849,2000
2020-08-25 09:33:53.350,4.849,400
2020-08-25 09:33:53.350,4.849,1000
2020-08-25 09:33:53.350,4.849,100
2020-08-25 09:33:53.350,4.849,1000
2020-08-25 09:33:53.350,4.85,1000
2020-08-25 09:33:53.350,4.85,1000
2020-08-25 09:33:53.350,4.85,5000
2020-08-25 09:33:53.350,4.85,500
2020-08-25 09:33:53.350,4.85,2000
2020-08-25 09:33:53.350,4.85,2100
2020-08-25 09:33:53.350,4.85,400
2020-08-25 09:33:53.350,4.85,100
2020-08-25 09:33:53.350,4.85,5000
2020-08-25 09:33:53.350,4.85,5300
2020-08-25 09:33:53.350,4.85,2500
2020-08-25 09:33:53.350,4.85,100
2020-08-25 09:33:53.350,4.85,2100
2020-08-25 09:33:53.350,4.85,8200
2020-08-25 09:33:53.350,4.85,500
2020-08-25 09:33:53.350,4.85,2100
2020-08-25 09:33:53.350,4.85,2800
2020-08-25 09:33:53.350,4.85,10000
2020-08-25 09:33:53.350,4.85,2000
2020-08-25 09:33:53.350,4.85,2000
2020-08-25 09:33:53.350,4.85,3000
2020-08-25 09:33:53.350,4.85,10000
2020-08-25 09:33:53.350,4.85,5000
2020-08-25 09:33:53.350,4.85,1700
2020-08-25 09:33:53.350,4.85,800
2020-08-25 09:33:53.350,4.85,3000
2020-08-25 09:33:53.350,4.85,10000
2020-08-25 09:33:53.350,4.85,400
2020-08-25 09:33:53.350,4.85,10000
2020-08-25 09:33:53.350,4.85,100
2020-08-25 09:33:53.350,4.85,1300
2020-08-25 09:33:53.350,4.85,3500
2020-08-25 09:33:53.350,4.85,700
2020-08-25 09:33:53.350,4.85,2500
2020-08-25 09:33:53.350,4.85,1000
2020-08-25 09:33:53.350,4.85,1000
2020-08-25 09:33:53.350,4.85,8000
2020-08-25 09:33:53.350,4.85,200
2020-08-25 09:33:53.350,4.85,2500
2020-08-25 09:33:53.350,4.85,40000
2020-08-25 09:33:53.350,4.85,1000
2020-08-25 09:33:53.350,4.85,300
2020-08-25 09:33:53.350,4.85,5000
2020-08-25 09:33:53.350,4.85,500
2020-08-25 09:33:53.350,4.85,200
2020-08-25 09:33:53.350,4.85,2000
2020-08-25 09:33:53.350,4.85,5000
2020-08-25 09:33:53.350,4.85,13100
2020-08-25 09:33:54.200,4.848,1800
2020-08-25 09:33:54.510,4.849,1000
2020-08-25 09:33:54.510,4.85,900
2020-08-25 09:33:54.750,4.848,800
2020-08-25 09:33:54.750,4.848,4200
2020-08-25 09:33:55.180,4.848,1200
2020-08-25 09:33:55.300,4.849,3500
2020-08-25 09:33:56.240,4.848,400
2020-08-25 09:33:56.570,4.849,300
2020-08-25 09:33:56.720,4.849,200
2020-08-25 09:33:56.720,4.849,6100
2020-08-25 09:33:57.660,4.848,300
2020-08-25 09:33:57.990,4.848,3500
2020-08-25 09:33:58.240,4.848,12900
2020-08-25 09:33:58.240,4.848,5000
2020-08-25 09:33:58.240,4.848,6000
2020-08-25 09:33:58.330,4.848,24200
2020-08-25 09:33:59.200,4.848,300000
2020-08-25 09:33:59.730,4.848,100
2020-08-25 09:34:00.520,4.848,22000
2020-08-25 09:34:01.410,4.847,3000
2020-08-25 09:34:02.350,4.847,300
2020-08-25 09:34:02.490,4.848,178800
2020-08-25 09:34:02.490,4.848,10000
2020-08-25 09:34:02.490,4.848,200
2020-08-25 09:34:02.490,4.848,7000
2020-08-25 09:34:02.490,4.848,10000
2020-08-25 09:34:02.490,4.848,109300
2020-08-25 09:34:02.490,4.848,4000
2020-08-25 09:34:02.520,4.848,1000
2020-08-25 09:34:02.860,4.848,1000
2020-08-25 09:34:02.860,4.849,3900
2020-08-25 09:34:02.860,4.849,200
2020-08-25 09:34:02.860,4.849,3100
2020-08-25 09:34:02.860,4.849,5000
2020-08-25 09:34:02.860,4.849,3000
2020-08-25 09:34:02.860,4.849,10500
2020-08-25 09:34:02.860,4.849,2100
2020-08-25 09:34:02.860,4.849,3900
2020-08-25 09:34:02.860,4.849,100
2020-08-25 09:34:02.860,4.85,57400
2020-08-25 09:34:02.860,4.85,31000
2020-08-25 09:34:02.860,4.85,2000
2020-08-25 09:34:02.860,4.85,10000
2020-08-25 09:34:02.860,4.85,5000
2020-08-25 09:34:02.860,4.85,5100
2020-08-25 09:34:02.860,4.85,10000
2020-08-25 09:34:02.860,4.85,2000
2020-08-25 09:34:02.860,4.85,3000
2020-08-25 09:34:02.860,4.85,200
2020-08-25 09:34:02.860,4.85,200
2020-08-25 09:34:02.860,4.85,10000
2020-08-25 09:34:02.860,4.85,1000
2020-08-25 09:34:02.860,4.85,10000
2020-08-25 09:34:02.860,4.85,5000
2020-08-25 09:34:02.860,4.85,1000
2020-08-25 09:34:02.860,4.85,2500
2020-08-25 09:34:02.860,4.85,1000
2020-08-25 09:34:02.860,4.85,500
2020-08-25 09:34:02.860,4.85,100
2020-08-25 09:34:02.860,4.85,5000
2020-08-25 09:34:02.860,4.85,3900
2020-08-25 09:34:02.860,4.85,1000
2020-08-25 09:34:02.860,4.85,500
2020-08-25 09:34:02.860,4.85,1400
2020-08-25 09:34:02.860,4.85,1000
2020-08-25 09:34:02.860,4.85,2500
2020-08-25 09:34:02.860,4.85,4000
2020-08-25 09:34:02.860,4.85,1000
2020-08-25 09:34:02.860,4.85,5000
2020-08-25 09:34:02.860,4.85,1000
2020-08-25 09:34:02.860,4.85,1000
2020-08-25 09:34:02.860,4.85,500
2020-08-25 09:34:02.860,4.85,1000
2020-08-25 09:34:02.860,4.85,5000
2020-08-25 09:34:02.860,4.85,2000
2020-08-25 09:34:02.860,4.85,500
2020-08-25 09:34:02.860,4.85,1000
2020-08-25 09:34:02.860,4.85,5000
2020-08-25 09:34:02.860,4.85,2300
2020-08-25 09:34:02.860,4.85,2000
2020-08-25 09:34:02.860,4.85,800
2020-08-25 09:34:02.860,4.85,2500
2020-08-25 09:34:02.860,4.85,200
2020-08-25 09:34:02.860,4.85,100
2020-08-25 09:34:02.860,4.85,5000
2020-08-25 09:34:02.860,4.85,5000
2020-08-25 09:34:02.860,4.85,400
2020-08-25 09:34:02.860,4.85,6200
2020-08-25 09:34:02.860,4.85,200
2020-08-25 09:34:02.860,4.85,2000
2020-08-25 09:34:02.860,4.85,10000
2020-08-25 09:34:02.860,4.85,15000
2020-08-25 09:34:02.860,4.85,500
2020-08-25 09:34:02.860,4.85,800
2020-08-25 09:34:02.860,4.85,200
2020-08-25 09:34:02.860,4.85,1800
2020-08-25 09:34:02.860,4.85,300
2020-08-25 09:34:02.860,4.85,100
2020-08-25 09:34:02.860,4.85,6000
2020-08-25 09:34:02.860,4.85,1000
2020-08-25 09:34:02.860,4.85,2000
2020-08-25 09:34:02.860,4.85,3000
2020-08-25 09:34:02.860,4.85,300
2020-08-25 09:34:02.860,4.85,1200
2020-08-25 09:34:02.990,4.85,2000
2020-08-25 09:34:03.800,4.849,1500
2020-08-25 09:34:04.660,4.849,100
2020-08-25 09:34:04.750,4.849,25000
2020-08-25 09:34:04.750,4.849,100
2020-08-25 09:34:05.430,4.848,500
2020-08-25 09:34:05.800,4.849,400
2020-08-25 09:34:05.800,4.849,10000
2020-08-25 09:34:05.800,4.85,86800
2020-08-25 09:34:05.800,4.85,1000
2020-08-25 09:34:05.800,4.85,1000
2020-08-25 09:34:05.800,4.85,500
2020-08-25 09:34:05.800,4.85,3000
2020-08-25 09:34:05.800,4.85,5000
2020-08-25 09:34:05.800,4.85,1000
2020-08-25 09:34:05.800,4.85,1000
2020-08-25 09:34:05.800,4.851,10000
2020-08-25 09:34:05.800,4.851,1500
2020-08-25 09:34:05.800,4.851,2500
2020-08-25 09:34:05.800,4.851,15000
2020-08-25 09:34:05.800,4.851,4000
2020-08-25 09:34:05.800,4.851,3100
2020-08-25 09:34:05.800,4.851,300
2020-08-25 09:34:06.050,4.851,600
2020-08-25 09:34:06.050,4.851,40000
2020-08-25 09:34:06.110,4.851,80000
2020-08-25 09:34:06.260,4.851,33300
2020-08-25 09:34:06.360,4.85,500
2020-08-25 09:34:06.420,4.85,500
2020-08-25 09:34:06.500,4.85,300
2020-08-25 09:34:06.600,4.848,5000
2020-08-25 09:34:07.820,4.849,200
2020-08-25 09:34:07.820,4.849,4000
2020-08-25 09:34:07.920,4.849,1000
2020-08-25 09:34:08.050,4.849,5000
2020-08-25 09:34:08.050,4.849,100
2020-08-25 09:34:08.520,4.848,1000
2020-08-25 09:34:08.800,4.85,10000
2020-08-25 09:34:08.800,4.85,20000
2020-08-25 09:34:08.870,4.85,1000
2020-08-25 09:34:08.930,4.85,5000
2020-08-25 09:34:09.040,4.85,1000
2020-08-25 09:34:09.040,4.85,10000
2020-08-25 09:34:09.130,4.851,500
2020-08-25 09:34:09.810,4.85,4700
2020-08-25 09:34:09.810,4.848,5300
2020-08-25 09:34:10.620,4.848,500
2020-08-25 09:34:10.620,4.849,100
2020-08-25 09:34:10.620,4.85,400
2020-08-25 09:34:11.660,4.848,1000
2020-08-25 09:34:11.790,4.848,100000
2020-08-25 09:34:12.590,4.848,187200
2020-08-25 09:34:12.590,4.848,5200
2020-08-25 09:34:12.590,4.848,107600
2020-08-25 09:34:13.170,4.848,24000
2020-08-25 09:34:14.230,4.848,20000
2020-08-25 09:34:15.060,4.848,30000
2020-08-25 09:34:15.180,4.848,1000
2020-08-25 09:34:16.170,4.848,1000
2020-08-25 09:34:16.390,4.849,1000
2020-08-25 09:34:17.180,4.848,300
2020-08-25 09:34:17.510,4.848,7200
2020-08-25 09:34:17.510,4.848,2000
2020-08-25 09:34:17.510,4.848,10800
2020-08-25 09:34:18.060,4.848,70000
2020-08-25 09:34:18.220,4.848,2000
2020-08-25 09:34:18.760,4.848,17200
2020-08-25 09:34:18.760,4.848,200
2020-08-25 09:34:18.760,4.848,2500
2020-08-25 09:34:20.690,4.848,3000
2020-08-25 09:34:22.680,4.847,10000
2020-08-25 09:34:23.940,4.848,300
2020-08-25 09:34:24.480,4.848,4100
2020-08-25 09:34:25.690,4.848,100
2020-08-25 09:34:25.740,4.847,1500
2020-08-25 09:34:25.740,4.847,3500
2020-08-25 09:34:26.410,4.847,400
2020-08-25 09:34:26.410,4.847,800
2020-08-25 09:34:26.410,4.847,1300
2020-08-25 09:34:26.590,4.847,500
2020-08-25 09:34:26.590,4.847,4000
2020-08-25 09:34:26.590,4.847,13800
2020-08-25 09:34:26.910,4.848,400
2020-08-25 09:34:27.120,4.847,5000
2020-08-25 09:34:27.960,4.847,1000
2020-08-25 09:34:28.500,4.848,2200
2020-08-25 09:34:28.500,4.848,300
2020-08-25 09:34:28.500,4.848,5000
2020-08-25 09:34:28.500,4.848,100
2020-08-25 09:34:28.500,4.848,5000
2020-08-25 09:34:28.500,4.848,100
2020-08-25 09:34:28.500,4.848,1000
2020-08-25 09:34:28.500,4.848,6900
2020-08-25 09:34:28.500,4.848,10000
2020-08-25 09:34:28.500,4.848,20800
2020-08-25 09:34:28.500,4.848,5000
2020-08-25 09:34:28.500,4.848,1000
2020-08-25 09:34:28.500,4.848,2000
2020-08-25 09:34:28.870,4.848,5000
2020-08-25 09:34:29.150,4.848,2100
2020-08-25 09:34:29.220,4.849,800
2020-08-25 09:34:29.220,4.849,100
2020-08-25 09:34:29.220,4.849,300
2020-08-25 09:34:29.690,4.848,500
2020-08-25 09:34:30.340,4.849,800
2020-08-25 09:34:30.340,4.849,8300
2020-08-25 09:34:30.340,4.849,5000
2020-08-25 09:34:30.340,4.849,10000
2020-08-25 09:34:30.340,4.849,5400
2020-08-25 09:34:30.340,4.849,1000
2020-08-25 09:34:30.340,4.849,60000
2020-08-25 09:34:30.340,4.85,4600
2020-08-25 09:34:30.340,4.85,100
2020-08-25 09:34:30.340,4.85,3000
2020-08-25 09:34:30.340,4.85,10000
2020-08-25 09:34:30.340,4.85,1000
2020-08-25 09:34:30.340,4.85,20000
2020-08-25 09:34:30.340,4.85,2000
2020-08-25 09:34:30.340,4.85,2000
2020-08-25 09:34:30.340,4.85,2000
2020-08-25 09:34:30.340,4.85,10300
2020-08-25 09:34:30.340,4.85,20300
2020-08-25 09:34:30.620,4.848,7900
2020-08-25 09:34:30.620,4.848,1000
2020-08-25 09:34:30.770,4.848,10000
2020-08-25 09:34:31.040,4.849,39500
2020-08-25 09:34:31.100,4.848,20000
2020-08-25 09:34:31.100,4.848,900
2020-08-25 09:34:31.490,4.849,83300
2020-08-25 09:34:31.490,4.85,79700
2020-08-25 09:34:31.490,4.85,10000
2020-08-25 09:34:31.490,4.85,1000
2020-08-25 09:34:31.490,4.85,10000
2020-08-25 09:34:31.490,4.85,3000
2020-08-25 09:34:31.490,4.85,5000
2020-08-25 09:34:31.490,4.85,100000
2020-08-25 09:34:31.490,4.85,500
2020-08-25 09:34:31.810,4.85,2000
2020-08-25 09:34:31.920,4.85,4500
2020-08-25 09:34:32.060,4.85,6100
2020-08-25 09:34:32.160,4.85,100000
2020-08-25 09:34:32.480,4.848,100
2020-08-25 09:34:32.750,4.848,1200
2020-08-25 09:34:32.750,4.848,2100
2020-08-25 09:34:32.870,4.848,1200
2020-08-25 09:34:33.180,4.849,500
2020-08-25 09:34:33.500,4.849,100
2020-08-25 09:34:33.500,4.848,1700
2020-08-25 09:34:33.500,4.848,1000
2020-08-25 09:34:33.500,4.848,500
2020-08-25 09:34:33.740,4.849,4100
2020-08-25 09:34:34.260,4.848,1500
2020-08-25 09:34:34.260,4.848,3500
2020-08-25 09:34:34.850,4.849,2000
2020-08-25 09:34:36.190,4.849,13900
2020-08-25 09:34:36.370,4.85,2200
2020-08-25 09:34:36.370,4.85,17800
2020-08-25 09:34:36.730,4.848,1000
2020-08-25 09:34:38.440,4.848,100
2020-08-25 09:34:40.110,4.848,400
2020-08-25 09:34:40.110,4.848,300
2020-08-25 09:34:40.110,4.848,3400
2020-08-25 09:34:41.200,4.848,100
2020-08-25 09:34:41.790,4.849,800
2020-08-25 09:34:42.220,4.848,2000
2020-08-25 09:34:42.470,4.849,4200
2020-08-25 09:34:42.470,4.849,20000
2020-08-25 09:34:42.470,4.849,8200
2020-08-25 09:34:42.510,4.849,200
2020-08-25 09:34:42.720,4.849,5000
2020-08-25 09:34:42.770,4.849,4300
2020-08-25 09:34:43.410,4.85,2000
2020-08-25 09:34:43.410,4.85,700
2020-08-25 09:34:43.410,4.85,500
2020-08-25 09:34:43.410,4.85,5000
2020-08-25 09:34:43.410,4.85,6000
2020-08-25 09:34:43.410,4.85,3000
2020-08-25 09:34:43.410,4.85,5000
2020-08-25 09:34:43.410,4.85,200
2020-08-25 09:34:43.410,4.85,20000
2020-08-25 09:34:43.410,4.85,400
2020-08-25 09:34:43.410,4.85,100
2020-08-25 09:34:43.410,4.85,6600
2020-08-25 09:34:43.410,4.85,5000
2020-08-25 09:34:43.410,4.85,2000
2020-08-25 09:34:43.410,4.85,1000
2020-08-25 09:34:43.410,4.85,1000
2020-08-25 09:34:45.000,4.85,10000
2020-08-25 09:34:45.030,4.85,2200
2020-08-25 09:34:45.030,4.851,100
2020-08-25 09:34:45.400,4.85,25000
2020-08-25 09:34:45.770,4.851,100
2020-08-25 09:34:45.770,4.851,300
2020-08-25 09:34:46.040,4.849,100
2020-08-25 09:34:46.670,4.849,1000
2020-08-25 09:34:46.730,4.849,2100
2020-08-25 09:34:47.320,4.85,2000
2020-08-25 09:34:47.320,4.85,5100
2020-08-25 09:34:47.320,4.85,300
2020-08-25 09:34:47.900,4.85,100
2020-08-25 09:34:47.930,4.85,2000
2020-08-25 09:34:48.420,4.85,2000
2020-08-25 09:34:48.420,4.849,3000
2020-08-25 09:34:48.730,4.85,150000
2020-08-25 09:34:48.730,4.851,4700
2020-08-25 09:34:48.730,4.851,5100
2020-08-25 09:34:48.730,4.851,1000
2020-08-25 09:34:48.730,4.851,2000
2020-08-25 09:34:48.730,4.851,5000
2020-08-25 09:34:48.730,4.851,2000
2020-08-25 09:34:48.730,4.851,300
2020-08-25 09:34:48.730,4.851,1000
2020-08-25 09:34:48.730,4.851,100
2020-08-25 09:34:48.730,4.851,22000
2020-08-25 09:34:48.730,4.851,100
2020-08-25 09:34:48.730,4.851,5000
2020-08-25 09:34:48.730,4.851,100
2020-08-25 09:34:48.730,4.851,3000
2020-08-25 09:34:48.730,4.851,1600
2020-08-25 09:34:48.950,4.849,34600
2020-08-25 09:34:49.410,4.849,1000
2020-08-25 09:34:49.750,4.849,600
2020-08-25 09:34:49.790,4.85,900
2020-08-25 09:34:50.900,4.849,7600
2020-08-25 09:34:50.900,4.849,42400
2020-08-25 09:34:50.900,4.849,3100
2020-08-25 09:34:51.060,4.85,7700
2020-08-25 09:34:51.600,4.85,600000
2020-08-25 09:34:51.930,4.85,300000
2020-08-25 09:34:51.960,4.849,800
2020-08-25 09:34:52.110,4.85,91400
2020-08-25 09:34:52.110,4.85,2000
2020-08-25 09:34:52.110,4.85,1400
2020-08-25 09:34:52.110,4.85,40000
2020-08-25 09:34:52.110,4.85,500
2020-08-25 09:34:52.110,4.85,2000
2020-08-25 09:34:52.110,4.85,200
2020-08-25 09:34:52.110,4.85,2500
2020-08-25 09:34:52.210,4.85,300
2020-08-25 09:34:52.300,4.85,11500
2020-08-25 09:34:52.820,4.85,5000
2020-08-25 09:34:52.850,4.85,10000
2020-08-25 09:34:52.880,4.85,900
2020-08-25 09:34:52.880,4.851,18400
2020-08-25 09:34:52.880,4.851,5000
2020-08-25 09:34:52.880,4.851,3400
2020-08-25 09:34:52.880,4.852,1300
2020-08-25 09:34:52.880,4.852,10000
2020-08-25 09:34:52.880,4.852,600
2020-08-25 09:34:52.880,4.852,1000
2020-08-25 09:34:52.880,4.852,1000
2020-08-25 09:34:52.880,4.852,1000
2020-08-25 09:34:52.880,4.852,2000
2020-08-25 09:34:52.880,4.852,300
2020-08-25 09:34:52.880,4.852,5100
2020-08-25 09:34:52.880,4.852,300
2020-08-25 09:34:52.880,4.852,2000
2020-08-25 09:34:52.880,4.852,4000
2020-08-25 09:34:52.880,4.852,500
2020-08-25 09:34:52.880,4.852,60000
2020-08-25 09:34:52.880,4.852,20000
2020-08-25 09:34:52.880,4.852,3000
2020-08-25 09:34:52.880,4.852,500
2020-08-25 09:34:52.880,4.853,10000
2020-08-25 09:34:52.880,4.853,300
2020-08-25 09:34:52.880,4.853,2000
2020-08-25 09:34:52.880,4.853,10000
2020-08-25 09:34:52.880,4.853,1000
2020-08-25 09:34:52.880,4.853,15000
2020-08-25 09:34:52.880,4.853,400
2020-08-25 09:34:52.880,4.853,5000
2020-08-25 09:34:52.880,4.853,5000
2020-08-25 09:34:52.880,4.853,1900
2020-08-25 09:34:52.880,4.853,5000
2020-08-25 09:34:52.880,4.853,5000
2020-08-25 09:34:52.880,4.853,2000
2020-08-25 09:34:52.880,4.853,2000
2020-08-25 09:34:52.880,4.853,300
2020-08-25 09:34:52.880,4.853,1000
2020-08-25 09:34:52.880,4.853,3000
2020-08-25 09:34:52.880,4.853,5000
2020-08-25 09:34:52.880,4.853,900
2020-08-25 09:34:52.880,4.853,2000
2020-08-25 09:34:52.880,4.853,2800
2020-08-25 09:34:52.880,4.853,77300
2020-08-25 09:34:53.500,4.851,6000
2020-08-25 09:34:53.500,4.851,4000
2020-08-25 09:34:53.650,4.851,20000
2020-08-25 09:34:53.650,4.851,500
2020-08-25 09:34:53.680,4.851,5000
2020-08-25 09:34:54.500,4.851,1500
2020-08-25 09:34:54.590,4.851,3000
2020-08-25 09:34:54.590,4.851,100
2020-08-25 09:34:54.620,4.851,500
2020-08-25 09:34:54.770,4.851,1000
2020-08-25 09:34:54.890,4.851,41700
2020-08-25 09:34:54.890,4.851,8300
2020-08-25 09:34:55.720,4.851,900
2020-08-25 09:34:55.750,4.851,100
2020-08-25 09:34:55.780,4.851,500
2020-08-25 09:34:56.490,4.85,100
2020-08-25 09:34:56.650,4.85,5100
2020-08-25 09:34:56.890,4.851,400
2020-08-25 09:34:56.890,4.85,1600
2020-08-25 09:34:56.980,4.853,2000
2020-08-25 09:34:56.980,4.853,18400
2020-08-25 09:34:56.980,4.853,60000
2020-08-25 09:34:56.980,4.853,1000
2020-08-25 09:34:57.030,4.853,30000
2020-08-25 09:34:57.150,4.853,700
2020-08-25 09:34:57.210,4.853,100
2020-08-25 09:34:57.210,4.852,100
2020-08-25 09:34:57.710,4.852,1000
2020-08-25 09:34:58.000,4.852,1000
2020-08-25 09:34:58.530,4.852,700
2020-08-25 09:34:58.630,4.852,12800
2020-08-25 09:34:58.750,4.852,2300
2020-08-25 09:34:58.750,4.852,1900
2020-08-25 09:34:58.750,4.852,800
2020-08-25 09:34:59.330,4.852,1200
2020-08-25 09:34:59.330,4.852,400
2020-08-25 09:34:59.330,4.852,900
2020-08-25 09:34:59.330,4.852,7500
2020-08-25 09:34:59.760,4.852,500
2020-08-25 09:35:00.050,4.852,30000
2020-08-25 09:35:00.300,4.852,500
2020-08-25 09:35:00.390,4.852,300
2020-08-25 09:35:01.270,4.852,2000
2020-08-25 09:35:01.510,4.853,2000
2020-08-25 09:35:01.510,4.854,300
2020-08-25 09:35:01.510,4.854,4900
2020-08-25 09:35:01.510,4.854,1500
2020-08-25 09:35:01.510,4.854,15000
2020-08-25 09:35:01.510,4.854,500
2020-08-25 09:35:01.510,4.854,37100
2020-08-25 09:35:01.550,4.852,10000
2020-08-25 09:35:02.740,4.852,1000
2020-08-25 09:35:03.140,4.853,5000
2020-08-25 09:35:03.730,4.852,500
2020-08-25 09:35:03.730,4.852,300
2020-08-25 09:35:03.790,4.852,2000
2020-08-25 09:35:03.810,4.853,1300
2020-08-25 09:35:03.910,4.853,900
2020-08-25 09:35:04.230,4.854,200
2020-08-25 09:35:04.450,4.853,59300
2020-08-25 09:35:04.520,4.853,100
2020-08-25 09:35:04.610,4.853,1000
2020-08-25 09:35:04.760,4.854,1800
2020-08-25 09:35:05.030,4.853,1000
2020-08-25 09:35:05.270,4.853,3000
2020-08-25 09:35:05.450,4.853,2000
2020-08-25 09:35:05.550,4.855,900
2020-08-25 09:35:05.550,4.855,5000
2020-08-25 09:35:05.550,4.855,10000
2020-08-25 09:35:05.550,4.855,5000
2020-08-25 09:35:05.550,4.855,2000
2020-08-25 09:35:05.550,4.855,100
2020-08-25 09:35:05.550,4.855,8000
2020-08-25 09:35:05.550,4.855,2000
2020-08-25 09:35:05.550,4.855,300
2020-08-25 09:35:05.550,4.855,3100
2020-08-25 09:35:05.550,4.855,200
2020-08-25 09:35:05.550,4.855,5000
2020-08-25 09:35:05.550,4.855,10000
2020-08-25 09:35:05.550,4.855,10000
2020-08-25 09:35:05.550,4.855,10000
2020-08-25 09:35:05.550,4.855,600
2020-08-25 09:35:05.550,4.855,3000
2020-08-25 09:35:05.550,4.855,300
2020-08-25 09:35:05.550,4.855,1000
2020-08-25 09:35:05.550,4.855,4000
2020-08-25 09:35:05.550,4.855,2500
2020-08-25 09:35:05.550,4.855,7100
2020-08-25 09:35:05.550,4.855,1000
2020-08-25 09:35:05.550,4.855,200
2020-08-25 09:35:05.550,4.855,1000
2020-08-25 09:35:05.550,4.855,5000
2020-08-25 09:35:05.550,4.855,2500
2020-08-25 09:35:05.550,4.855,1000
2020-08-25 09:35:05.550,4.855,1400
2020-08-25 09:35:05.550,4.855,1600
2020-08-25 09:35:05.550,4.855,500
2020-08-25 09:35:05.550,4.855,45700
2020-08-25 09:35:06.060,4.853,10000
2020-08-25 09:35:06.220,4.853,18300
2020-08-25 09:35:06.220,4.853,2000
2020-08-25 09:35:06.280,4.853,500
2020-08-25 09:35:06.280,4.853,1000
2020-08-25 09:35:06.710,4.853,10000
2020-08-25 09:35:06.830,4.853,100000
2020-08-25 09:35:06.830,4.853,60000
2020-08-25 09:35:06.830,4.853,10000
2020-08-25 09:35:06.980,4.854,100
2020-08-25 09:35:06.980,4.855,2800
2020-08-25 09:35:06.980,4.855,2100
2020-08-25 09:35:07.650,4.854,18100
2020-08-25 09:35:07.650,4.854,800
2020-08-25 09:35:07.650,4.853,1100
2020-08-25 09:35:08.130,4.854,100
2020-08-25 09:35:08.760,4.854,1000
2020-08-25 09:35:09.120,4.854,100
2020-08-25 09:35:09.220,4.854,1000
2020-08-25 09:35:09.250,4.854,2100
2020-08-25 09:35:10.050,4.853,300
2020-08-25 09:35:10.240,4.853,5000
2020-08-25 09:35:10.240,4.854,2100
2020-08-25 09:35:10.370,4.853,100
2020-08-25 09:35:10.460,4.853,100
2020-08-25 09:35:10.980,4.853,3000
2020-08-25 09:35:11.580,4.854,200
2020-08-25 09:35:11.830,4.854,300
2020-08-25 09:35:11.830,4.854,24500
2020-08-25 09:35:12.080,4.853,300
2020-08-25 09:35:12.080,4.853,1000
2020-08-25 09:35:12.750,4.854,3000
2020-08-25 09:35:12.840,4.853,1000
2020-08-25 09:35:13.060,4.854,10500
2020-08-25 09:35:13.230,4.853,1000
2020-08-25 09:35:13.410,4.853,400
2020-08-25 09:35:13.890,4.853,1000
2020-08-25 09:35:13.980,4.854,100
2020-08-25 09:35:14.280,4.853,300
2020-08-25 09:35:15.520,4.854,2000
2020-08-25 09:35:15.900,4.853,1000
2020-08-25 09:35:15.960,4.854,5000
2020-08-25 09:35:16.050,4.853,900
2020-08-25 09:35:16.230,4.853,3100
2020-08-25 09:35:16.230,4.853,100
2020-08-25 09:35:16.230,4.853,100
2020-08-25 09:35:16.230,4.853,5400
2020-08-25 09:35:16.230,4.852,1300
2020-08-25 09:35:18.540,4.852,10000
2020-08-25 09:35:18.600,4.852,300
2020-08-25 09:35:19.040,4.853,2200
2020-08-25 09:35:19.890,4.853,5000
2020-08-25 09:35:20.640,4.852,100
2020-08-25 09:35:20.820,4.852,300
2020-08-25 09:35:21.340,4.853,200
2020-08-25 09:35:21.560,4.852,200
2020-08-25 09:35:22.270,4.853,4900
2020-08-25 09:35:22.270,4.853,1900
2020-08-25 09:35:22.270,4.853,200
2020-08-25 09:35:22.270,4.853,3000
2020-08-25 09:35:22.270,4.853,300
2020-08-25 09:35:23.470,4.852,34500
2020-08-25 09:35:23.970,4.853,900
2020-08-25 09:35:23.970,4.853,1600
2020-08-25 09:35:24.420,4.852,100000
2020-08-25 09:35:25.150,4.853,3600
2020-08-25 09:35:25.150,4.853,9800
2020-08-25 09:35:25.150,4.853,15000
2020-08-25 09:35:25.150,4.853,5000
2020-08-25 09:35:25.150,4.853,90000
2020-08-25 09:35:25.150,4.853,5000
2020-08-25 09:35:25.150,4.853,4800
2020-08-25 09:35:25.150,4.853,5000
2020-08-25 09:35:25.150,4.853,5300
2020-08-25 09:35:25.150,4.854,4900
2020-08-25 09:35:25.150,4.854,5000
2020-08-25 09:35:25.150,4.854,400
2020-08-25 09:35:25.150,4.854,3000
2020-08-25 09:35:25.150,4.854,2100
2020-08-25 09:35:25.150,4.854,10600
2020-08-25 09:35:25.150,4.854,1200
2020-08-25 09:35:25.150,4.854,50000
2020-08-25 09:35:25.150,4.854,1000
2020-08-25 09:35:25.150,4.854,1000
2020-08-25 09:35:25.850,4.854,1100
2020-08-25 09:35:27.060,4.854,20000
2020-08-25 09:35:27.090,4.854,40000
2020-08-25 09:35:27.180,4.854,3000
2020-08-25 09:35:27.270,4.854,13200
2020-08-25 09:35:27.270,4.854,1000
2020-08-25 09:35:27.270,4.854,1000
2020-08-25 09:35:28.100,4.852,22000
2020-08-25 09:35:28.660,4.853,31300
2020-08-25 09:35:28.720,4.853,2000
2020-08-25 09:35:30.750,4.853,100
2020-08-25 09:35:30.750,4.853,300
2020-08-25 09:35:31.170,4.853,200
2020-08-25 09:35:32.670,4.852,500
2020-08-25 09:35:32.910,4.852,20000
2020-08-25 09:35:34.660,4.853,300
2020-08-25 09:35:34.780,4.853,200
2020-08-25 09:35:35.530,4.853,400
2020-08-25 09:35:35.530,4.853,1000
2020-08-25 09:35:35.530,4.853,2700
2020-08-25 09:35:35.530,4.853,500
2020-08-25 09:35:35.530,4.854,700
2020-08-25 09:35:37.460,4.853,5000
2020-08-25 09:35:37.460,4.853,5000
2020-08-25 09:35:37.460,4.852,708000
2020-08-25 09:35:37.460,4.852,282000
2020-08-25 09:35:37.460,4.852,10000
2020-08-25 09:35:37.520,4.854,19300
2020-08-25 09:35:37.520,4.854,10000
2020-08-25 09:35:37.830,4.854,400
2020-08-25 09:35:37.830,4.854,40600
2020-08-25 09:35:38.180,4.853,400
2020-08-25 09:35:38.200,4.853,1000
2020-08-25 09:35:38.780,4.853,1500
2020-08-25 09:35:39.050,4.853,1100
2020-08-25 09:35:39.520,4.852,10000
2020-08-25 09:35:39.610,4.852,10000
2020-08-25 09:35:40.000,4.852,1000
2020-08-25 09:35:40.300,4.853,100
2020-08-25 09:35:40.590,4.853,17300
2020-08-25 09:35:40.890,4.853,8000
2020-08-25 09:35:41.110,4.852,16100
2020-08-25 09:35:41.110,4.852,400
2020-08-25 09:35:41.110,4.852,800
2020-08-25 09:35:42.190,4.854,1000
2020-08-25 09:35:42.900,4.852,1000
2020-08-25 09:35:42.960,4.852,1000
2020-08-25 09:35:43.720,4.852,200
2020-08-25 09:35:43.820,4.852,800
2020-08-25 09:35:43.970,4.851,38100
2020-08-25 09:35:45.210,4.851,700
2020-08-25 09:35:45.700,4.851,21200
2020-08-25 09:35:45.700,4.851,200
2020-08-25 09:35:45.700,4.851,100
2020-08-25 09:35:45.920,4.852,2000
2020-08-25 09:35:45.920,4.852,300
2020-08-25 09:35:46.430,4.852,16200
2020-08-25 09:35:46.530,4.852,12800
2020-08-25 09:35:46.740,4.852,1000
2020-08-25 09:35:46.790,4.85,60000
2020-08-25 09:35:46.790,4.85,4000
2020-08-25 09:35:46.790,4.85,20700
2020-08-25 09:35:46.790,4.85,200
2020-08-25 09:35:46.790,4.85,3000
2020-08-25 09:35:46.790,4.85,500
2020-08-25 09:35:49.010,4.85,300
2020-08-25 09:35:49.010,4.852,400
2020-08-25 09:35:49.280,4.849,500
2020-08-25 09:35:49.500,4.852,5000
2020-08-25 09:35:49.570,4.849,400
2020-08-25 09:35:49.760,4.849,13400
2020-08-25 09:35:49.760,4.849,100
2020-08-25 09:35:49.760,4.849,5000
2020-08-25 09:35:49.760,4.849,300
2020-08-25 09:35:49.850,4.848,4500
2020-08-25 09:35:49.850,4.848,500
2020-08-25 09:35:50.000,4.849,2000
2020-08-25 09:35:50.370,4.849,100
2020-08-25 09:35:52.010,4.849,100
2020-08-25 09:35:52.740,4.849,5000
2020-08-25 09:35:53.370,4.848,200
2020-08-25 09:35:53.660,4.848,300
2020-08-25 09:35:53.910,4.849,4000
2020-08-25 09:35:56.050,4.848,300
2020-08-25 09:35:56.490,4.849,2000
2020-08-25 09:35:58.030,4.848,1100
2020-08-25 09:35:58.310,4.848,100
2020-08-25 09:35:58.780,4.849,10000
2020-08-25 09:35:59.800,4.848,34500
2020-08-25 09:36:00.110,4.848,10000
2020-08-25 09:36:00.940,4.848,7000
2020-08-25 09:36:01.680,4.848,30000
2020-08-25 09:36:01.880,4.849,500
2020-08-25 09:36:02.430,4.848,1000
2020-08-25 09:36:02.710,4.849,47500
2020-08-25 09:36:02.710,4.849,100
2020-08-25 09:36:02.710,4.849,20000
2020-08-25 09:36:02.710,4.849,8000
2020-08-25 09:36:02.710,4.849,10100
2020-08-25 09:36:02.710,4.849,2000
2020-08-25 09:36:02.710,4.849,7700
2020-08-25 09:36:02.710,4.849,2000
2020-08-25 09:36:02.710,4.849,5000
2020-08-25 09:36:02.710,4.85,3000
2020-08-25 09:36:02.710,4.85,30000
2020-08-25 09:36:02.710,4.85,10000
2020-08-25 09:36:02.710,4.85,5000
2020-08-25 09:36:02.710,4.85,21000
2020-08-25 09:36:02.710,4.85,5000
2020-08-25 09:36:02.710,4.85,13600
2020-08-25 09:36:02.900,4.85,500
2020-08-25 09:36:03.080,4.85,1000
2020-08-25 09:36:03.270,4.85,1500
2020-08-25 09:36:03.430,4.85,12700
2020-08-25 09:36:04.020,4.85,900
2020-08-25 09:36:04.020,4.85,100
2020-08-25 09:36:05.490,4.85,100
2020-08-25 09:36:05.810,4.85,4000
2020-08-25 09:36:05.940,4.85,2000
2020-08-25 09:36:06.940,4.85,5000
2020-08-25 09:36:07.900,4.85,1200
2020-08-25 09:36:09.670,4.85,3500
2020-08-25 09:36:09.670,4.85,100
2020-08-25 09:36:10.130,4.851,1000
2020-08-25 09:36:10.400,4.85,200
2020-08-25 09:36:11.310,4.85,1000
2020-08-25 09:36:11.520,4.85,1000
2020-08-25 09:36:12.350,4.85,10000
2020-08-25 09:36:12.530,4.85,28200
2020-08-25 09:36:12.750,4.85,1000
2020-08-25 09:36:13.020,4.851,100
2020-08-25 09:36:13.050,4.85,400
2020-08-25 09:36:13.570,4.85,1000
2020-08-25 09:36:14.830,4.85,200
2020-08-25 09:36:15.110,4.85,10000
2020-08-25 09:36:15.950,4.85,200
2020-08-25 09:36:15.950,4.85,700
2020-08-25 09:36:16.070,4.851,1000
2020-08-25 09:36:16.070,4.851,400
2020-08-25 09:36:16.070,4.851,1000
2020-08-25 09:36:16.070,4.851,23700
2020-08-25 09:36:16.070,4.851,500
2020-08-25 09:36:16.070,4.851,5000
2020-08-25 09:36:16.070,4.851,1500
2020-08-25 09:36:16.070,4.851,5000
2020-08-25 09:36:16.070,4.851,1000
2020-08-25 09:36:16.070,4.851,38900
2020-08-25 09:36:16.070,4.851,100
2020-08-25 09:36:16.070,4.851,3400
2020-08-25 09:36:16.070,4.851,7000
2020-08-25 09:36:16.070,4.851,3000
2020-08-25 09:36:16.200,4.851,100
2020-08-25 09:36:16.500,4.851,10000
2020-08-25 09:36:16.500,4.851,8000
2020-08-25 09:36:17.620,4.851,500
2020-08-25 09:36:17.690,4.851,1000
2020-08-25 09:36:18.630,4.851,3000
2020-08-25 09:36:18.690,4.851,10000
2020-08-25 09:36:19.120,4.852,464300
2020-08-25 09:36:19.120,4.852,4000
2020-08-25 09:36:19.120,4.852,1600
2020-08-25 09:36:19.120,4.852,100
2020-08-25 09:36:19.120,4.852,400
2020-08-25 09:36:19.120,4.852,11100
2020-08-25 09:36:19.120,4.852,20000
2020-08-25 09:36:19.120,4.852,500
2020-08-25 09:36:19.120,4.852,2400
2020-08-25 09:36:19.120,4.852,2500
2020-08-25 09:36:19.120,4.852,300
2020-08-25 09:36:19.120,4.852,1000
2020-08-25 09:36:19.120,4.852,15000
2020-08-25 09:36:19.120,4.852,20000
2020-08-25 09:36:19.120,4.852,5000
2020-08-25 09:36:19.120,4.852,10000
2020-08-25 09:36:19.250,4.852,5000
2020-08-25 09:36:19.280,4.852,20000
2020-08-25 09:36:19.900,4.852,316800
2020-08-25 09:36:19.900,4.852,101900
2020-08-25 09:36:19.900,4.852,2900
2020-08-25 09:36:20.500,4.852,300
2020-08-25 09:36:20.500,4.852,100
2020-08-25 09:36:20.620,4.853,100
2020-08-25 09:36:20.620,4.853,300
2020-08-25 09:36:20.620,4.853,5000
2020-08-25 09:36:20.620,4.853,100
2020-08-25 09:36:20.620,4.853,3000
2020-08-25 09:36:20.620,4.853,1000
2020-08-25 09:36:20.620,4.853,5000
2020-08-25 09:36:20.620,4.853,6200
2020-08-25 09:36:20.620,4.853,275600
2020-08-25 09:36:21.420,4.852,1100
2020-08-25 09:36:21.820,4.852,500
2020-08-25 09:36:21.880,4.852,300
2020-08-25 09:36:22.060,4.852,200
2020-08-25 09:36:22.060,4.852,800
2020-08-25 09:36:22.620,4.852,1000
2020-08-25 09:36:23.020,4.852,100
2020-08-25 09:36:24.900,4.852,1100
2020-08-25 09:36:25.410,4.852,5900
2020-08-25 09:36:25.410,4.852,1000
2020-08-25 09:36:25.410,4.852,200
2020-08-25 09:36:25.410,4.852,26700
2020-08-25 09:36:25.410,4.852,400
2020-08-25 09:36:25.810,4.851,2000
2020-08-25 09:36:25.810,4.851,300
2020-08-25 09:36:25.810,4.851,7700
2020-08-25 09:36:25.900,4.852,500
2020-08-25 09:36:26.850,4.851,1000
2020-08-25 09:36:28.550,4.851,1000
2020-08-25 09:36:29.290,4.852,10300
2020-08-25 09:36:29.290,4.852,200
2020-08-25 09:36:29.410,4.852,2100
2020-08-25 09:36:29.510,4.852,10000
2020-08-25 09:36:29.730,4.852,12400
2020-08-25 09:36:30.350,4.852,19600
2020-08-25 09:36:31.540,4.851,10000
2020-08-25 09:36:32.340,4.851,1000
2020-08-25 09:36:32.910,4.851,300
2020-08-25 09:36:33.580,4.852,5000
2020-08-25 09:36:33.920,4.852,100
2020-08-25 09:36:34.420,4.851,500
2020-08-25 09:36:35.820,4.851,4900
2020-08-25 09:36:35.820,4.851,5100
2020-08-25 09:36:36.340,4.851,14900
2020-08-25 09:36:36.340,4.851,800
2020-08-25 09:36:36.340,4.851,5400
2020-08-25 09:36:36.820,4.851,30000
2020-08-25 09:36:36.880,4.852,28000
2020-08-25 09:36:37.250,4.851,300
2020-08-25 09:36:37.650,4.851,10000
2020-08-25 09:36:37.680,4.851,1000
2020-08-25 09:36:38.140,4.851,300
2020-08-25 09:36:38.240,4.851,2500
2020-08-25 09:36:38.330,4.851,10000
2020-08-25 09:36:38.480,4.851,500
2020-08-25 09:36:38.880,4.85,6900
2020-08-25 09:36:41.170,4.851,200
2020-08-25 09:36:41.680,4.851,300
2020-08-25 09:36:41.680,4.851,3600
2020-08-25 09:36:42.510,4.85,5000
2020-08-25 09:36:42.860,4.85,5000
2020-08-25 09:36:42.980,4.851,3000
2020-08-25 09:36:43.550,4.851,3600
2020-08-25 09:36:43.550,4.851,400
2020-08-25 09:36:43.630,4.85,6600
2020-08-25 09:36:43.630,4.85,200
2020-08-25 09:36:43.630,4.85,12000
2020-08-25 09:36:43.630,4.85,60000
2020-08-25 09:36:44.800,4.849,200
2020-08-25 09:36:46.410,4.849,1300
2020-08-25 09:36:46.410,4.849,1000
2020-08-25 09:36:46.410,4.849,9900
2020-08-25 09:36:46.410,4.849,1400
2020-08-25 09:36:46.410,4.849,36400
2020-08-25 09:36:46.560,4.849,23600
2020-08-25 09:36:50.320,4.848,300
2020-08-25 09:36:50.320,4.848,400
2020-08-25 09:36:50.320,4.848,1400
2020-08-25 09:36:50.320,4.848,25000
2020-08-25 09:36:50.320,4.848,1000
2020-08-25 09:36:50.320,4.848,2000
2020-08-25 09:36:50.320,4.848,59900
2020-08-25 09:36:51.010,4.849,100
2020-08-25 09:36:51.960,4.848,100
2020-08-25 09:36:51.960,4.848,3400
2020-08-25 09:36:52.880,4.848,1800
2020-08-25 09:36:53.150,4.848,16800
2020-08-25 09:36:53.150,4.848,20000
2020-08-25 09:36:53.150,4.848,300
2020-08-25 09:36:53.370,4.848,52900
2020-08-25 09:36:53.430,4.849,5000
2020-08-25 09:36:54.360,4.848,300
2020-08-25 09:36:54.460,4.848,1200
2020-08-25 09:36:54.920,4.849,200
2020-08-25 09:36:56.380,4.848,700
2020-08-25 09:36:56.380,4.848,1000
2020-08-25 09:36:56.570,4.848,3000
2020-08-25 09:36:57.780,4.848,200
2020-08-25 09:36:58.220,4.848,3000
2020-08-25 09:36:58.440,4.848,6800
2020-08-25 09:36:58.870,4.848,29700
2020-08-25 09:36:58.870,4.847,60300
2020-08-25 09:36:59.560,4.848,400
2020-08-25 09:36:59.560,4.848,200
2020-08-25 09:36:59.650,4.848,2500
2020-08-25 09:36:59.650,4.849,2100
2020-08-25 09:36:59.710,4.849,1300
2020-08-25 09:36:59.770,4.847,500
2020-08-25 09:37:01.770,4.847,2000
2020-08-25 09:37:01.790,4.848,3500
2020-08-25 09:37:01.890,4.848,200
2020-08-25 09:37:02.300,4.848,500
2020-08-25 09:37:02.950,4.847,5000
2020-08-25 09:37:03.650,4.847,12200
2020-08-25 09:37:03.650,4.847,2000
2020-08-25 09:37:03.650,4.847,35800
2020-08-25 09:37:05.030,4.847,14200
2020-08-25 09:37:05.030,4.847,300
2020-08-25 09:37:05.030,4.847,543800
2020-08-25 09:37:05.030,4.847,6100
2020-08-25 09:37:05.610,4.848,95800
2020-08-25 09:37:05.610,4.848,100
2020-08-25 09:37:05.610,4.848,50000
2020-08-25 09:37:05.610,4.848,1000
2020-08-25 09:37:05.610,4.848,200
2020-08-25 09:37:05.610,4.848,2000
2020-08-25 09:37:05.610,4.848,3000
2020-08-25 09:37:05.610,4.848,7000
2020-08-25 09:37:05.610,4.848,40000
2020-08-25 09:37:05.680,4.849,267700
2020-08-25 09:37:05.680,4.849,500
2020-08-25 09:37:05.680,4.849,28100
2020-08-25 09:37:06.010,4.848,5000
2020-08-25 09:37:06.270,4.848,9700
2020-08-25 09:37:06.610,4.848,300
2020-08-25 09:37:06.610,4.848,1000
2020-08-25 09:37:07.250,4.848,400
2020-08-25 09:37:07.250,4.848,2000
2020-08-25 09:37:08.320,4.847,100
2020-08-25 09:37:08.350,4.848,7600
2020-08-25 09:37:09.100,4.848,10000
2020-08-25 09:37:09.260,4.849,34700
2020-08-25 09:37:09.630,4.849,5300
2020-08-25 09:37:09.630,4.849,500
2020-08-25 09:37:10.210,4.849,3000
2020-08-25 09:37:10.280,4.849,10300
2020-08-25 09:37:10.280,4.849,3400
2020-08-25 09:37:10.400,4.849,100
2020-08-25 09:37:10.460,4.849,2000
2020-08-25 09:37:11.200,4.849,700
2020-08-25 09:37:11.200,4.848,9300
2020-08-25 09:37:11.580,4.848,900
2020-08-25 09:37:11.830,4.848,2100
2020-08-25 09:37:11.950,4.848,50100
2020-08-25 09:37:11.950,4.848,40000
2020-08-25 09:37:11.950,4.848,30000
2020-08-25 09:37:12.260,4.848,300
2020-08-25 09:37:12.650,4.848,30000
2020-08-25 09:37:12.720,4.848,33600
2020-08-25 09:37:12.780,4.848,50000
2020-08-25 09:37:12.930,4.848,5000
2020-08-25 09:37:13.060,4.848,2400
2020-08-25 09:37:13.470,4.849,10000
2020-08-25 09:37:14.550,4.849,100
2020-08-25 09:37:15.880,4.85,1800
2020-08-25 09:37:15.880,4.85,1000
2020-08-25 09:37:15.880,4.85,100
2020-08-25 09:37:15.880,4.85,5000
2020-08-25 09:37:15.880,4.85,10200
2020-08-25 09:37:15.880,4.85,1000
2020-08-25 09:37:15.880,4.85,10000
2020-08-25 09:37:15.880,4.85,1600
2020-08-25 09:37:15.880,4.85,5000
2020-08-25 09:37:15.880,4.85,1000
2020-08-25 09:37:15.880,4.85,500
2020-08-25 09:37:15.880,4.85,2800
2020-08-25 09:37:16.070,4.849,100
2020-08-25 09:37:16.110,4.85,100
2020-08-25 09:37:16.260,4.85,7100
2020-08-25 09:37:16.260,4.85,5000
2020-08-25 09:37:16.260,4.85,300
2020-08-25 09:37:16.260,4.85,100
2020-08-25 09:37:16.260,4.85,400
2020-08-25 09:37:16.260,4.85,2000
2020-08-25 09:37:16.260,4.85,5000
2020-08-25 09:37:16.260,4.85,10000
2020-08-25 09:37:16.260,4.85,10000
2020-08-25 09:37:16.260,4.85,100
2020-08-25 09:37:16.660,4.85,9000
2020-08-25 09:37:16.720,4.85,2100
2020-08-25 09:37:17.240,4.85,5000
2020-08-25 09:37:18.100,4.85,7000
2020-08-25 09:37:18.230,4.85,50000
2020-08-25 09:37:18.330,4.851,300
2020-08-25 09:37:18.330,4.851,31600
2020-08-25 09:37:18.330,4.851,24200
2020-08-25 09:37:18.330,4.851,10500
2020-08-25 09:37:18.330,4.851,3000
2020-08-25 09:37:18.330,4.851,400
2020-08-25 09:37:18.430,4.851,5700
2020-08-25 09:37:18.430,4.851,20000
2020-08-25 09:37:18.430,4.851,100
2020-08-25 09:37:18.460,4.851,5000
2020-08-25 09:37:18.890,4.851,2000
2020-08-25 09:37:18.950,4.851,1000
2020-08-25 09:37:19.670,4.851,8300
2020-08-25 09:37:20.120,4.851,100
2020-08-25 09:37:20.180,4.851,2500
2020-08-25 09:37:20.400,4.852,5000
2020-08-25 09:37:20.400,4.852,500
2020-08-25 09:37:20.400,4.852,5000
2020-08-25 09:37:20.400,4.852,17800
2020-08-25 09:37:20.400,4.852,6000
2020-08-25 09:37:20.400,4.852,1000
2020-08-25 09:37:20.400,4.852,1100
2020-08-25 09:37:20.400,4.852,1000
2020-08-25 09:37:20.400,4.852,20000
2020-08-25 09:37:20.400,4.852,5000
2020-08-25 09:37:20.400,4.852,4600
2020-08-25 09:37:20.400,4.852,3000
2020-08-25 09:37:20.400,4.852,100
2020-08-25 09:37:20.400,4.852,2500
2020-08-25 09:37:20.400,4.852,2000
2020-08-25 09:37:20.400,4.852,100
2020-08-25 09:37:20.400,4.852,20000
2020-08-25 09:37:20.400,4.852,100
2020-08-25 09:37:20.400,4.852,900
2020-08-25 09:37:20.400,4.852,7900
2020-08-25 09:37:20.400,4.852,1200
2020-08-25 09:37:20.800,4.852,500
2020-08-25 09:37:20.920,4.852,5000
2020-08-25 09:37:20.980,4.853,224400
2020-08-25 09:37:20.980,4.853,71600
2020-08-25 09:37:22.720,4.853,100000
2020-08-25 09:37:22.720,4.852,1000
2020-08-25 09:37:22.900,4.852,5000
2020-08-25 09:37:23.550,4.852,3200
2020-08-25 09:37:26.480,4.852,5000
2020-08-25 09:37:26.510,4.852,4000
2020-08-25 09:37:26.510,4.852,10300
2020-08-25 09:37:26.570,4.852,600
2020-08-25 09:37:26.930,4.853,97500
2020-08-25 09:37:27.120,4.852,3200
2020-08-25 09:37:27.120,4.852,400
2020-08-25 09:37:27.120,4.852,300
2020-08-25 09:37:27.220,4.853,100
2020-08-25 09:37:27.370,4.852,300
2020-08-25 09:37:27.370,4.852,200
2020-08-25 09:37:27.370,4.852,600
2020-08-25 09:37:28.610,4.853,5300
2020-08-25 09:37:28.750,4.853,200
2020-08-25 09:37:28.780,4.852,200
2020-08-25 09:37:28.810,4.852,200
2020-08-25 09:37:28.810,4.852,500
2020-08-25 09:37:28.810,4.852,1300
2020-08-25 09:37:29.000,4.852,300
2020-08-25 09:37:29.310,4.852,3000
2020-08-25 09:37:29.380,4.852,1000
2020-08-25 09:37:29.890,4.852,500
2020-08-25 09:37:29.950,4.852,200
2020-08-25 09:37:30.070,4.852,1000
2020-08-25 09:37:30.220,4.852,10000
2020-08-25 09:37:30.710,4.853,1100
2020-08-25 09:37:30.930,4.853,1900
2020-08-25 09:37:31.140,4.853,100
2020-08-25 09:37:31.140,4.852,1600
2020-08-25 09:37:31.200,4.853,222200
2020-08-25 09:37:31.200,4.853,10000
2020-08-25 09:37:31.200,4.853,3000
2020-08-25 09:37:31.200,4.853,50000
2020-08-25 09:37:31.200,4.853,1000
2020-08-25 09:37:31.200,4.853,2000
2020-08-25 09:37:31.200,4.853,3000
2020-08-25 09:37:31.200,4.853,3500
2020-08-25 09:37:31.200,4.853,4000
2020-08-25 09:37:31.200,4.853,1300
2020-08-25 09:37:31.660,4.853,44200
2020-08-25 09:37:31.660,4.853,3500
2020-08-25 09:37:31.660,4.853,2000
2020-08-25 09:37:31.660,4.853,2400
2020-08-25 09:37:31.660,4.853,100
2020-08-25 09:37:31.660,4.853,2500
2020-08-25 09:37:31.660,4.853,10000
2020-08-25 09:37:31.660,4.853,1000
2020-08-25 09:37:31.660,4.853,500
2020-08-25 09:37:31.660,4.853,50000
2020-08-25 09:37:32.090,4.853,400
2020-08-25 09:37:32.400,4.853,70000
2020-08-25 09:37:32.460,4.853,700
2020-08-25 09:37:32.660,4.853,200
2020-08-25 09:37:33.430,4.853,8000
2020-08-25 09:37:33.520,4.853,5000
2020-08-25 09:37:33.620,4.853,99500
2020-08-25 09:37:33.740,4.852,500
2020-08-25 09:37:34.010,4.852,200
2020-08-25 09:37:34.010,4.852,300
2020-08-25 09:37:34.140,4.851,1000
2020-08-25 09:37:34.890,4.852,4400
2020-08-25 09:37:35.730,4.851,1600
2020-08-25 09:37:35.730,4.851,3400
2020-08-25 09:37:37.570,4.851,1900
2020-08-25 09:37:38.540,4.851,3000
2020-08-25 09:37:38.960,4.851,3000
2020-08-25 09:37:39.950,4.851,30000
2020-08-25 09:37:40.780,4.85,600
2020-08-25 09:37:40.780,4.85,500
2020-08-25 09:37:40.780,4.85,100
2020-08-25 09:37:40.780,4.85,200
2020-08-25 09:37:40.900,4.849,31200
2020-08-25 09:37:40.900,4.849,5000
2020-08-25 09:37:40.900,4.849,20000
2020-08-25 09:37:40.900,4.849,20000
2020-08-25 09:37:41.300,4.849,4700
2020-08-25 09:37:41.300,4.85,5900
2020-08-25 09:37:41.450,4.848,100
2020-08-25 09:37:41.450,4.848,20000
2020-08-25 09:37:41.450,4.848,200000
2020-08-25 09:37:41.450,4.848,60000
2020-08-25 09:37:42.090,4.848,1100
2020-08-25 09:37:42.090,4.848,3600
2020-08-25 09:37:42.290,4.848,5000
2020-08-25 09:37:42.350,4.848,3800
2020-08-25 09:37:42.780,4.848,6400
2020-08-25 09:37:42.780,4.848,1700
2020-08-25 09:37:43.770,4.847,3500
2020-08-25 09:37:44.100,4.848,1000
2020-08-25 09:37:44.370,4.847,100000
2020-08-25 09:37:44.370,4.846,200
2020-08-25 09:37:44.370,4.846,100
2020-08-25 09:37:44.370,4.846,8000
2020-08-25 09:37:44.370,4.846,200
2020-08-25 09:37:44.370,4.846,20000
2020-08-25 09:37:44.370,4.846,3700
2020-08-25 09:37:45.010,4.845,400
2020-08-25 09:37:45.010,4.845,7000
2020-08-25 09:37:45.010,4.845,500
2020-08-25 09:37:45.010,4.845,2100
2020-08-25 09:37:45.520,4.845,400
2020-08-25 09:37:45.520,4.845,50000
2020-08-25 09:37:45.520,4.845,1000
2020-08-25 09:37:45.520,4.845,60000
2020-08-25 09:37:45.520,4.845,1000
2020-08-25 09:37:46.240,4.845,37700
2020-08-25 09:37:46.240,4.846,20000
2020-08-25 09:37:46.240,4.846,42300
2020-08-25 09:37:47.810,4.845,20000
2020-08-25 09:37:47.900,4.843,900
2020-08-25 09:37:47.900,4.843,500
2020-08-25 09:37:47.900,4.843,15000
2020-08-25 09:37:47.900,4.843,100000
2020-08-25 09:37:47.900,4.842,300
2020-08-25 09:37:47.900,4.841,400
2020-08-25 09:37:47.900,4.841,100
2020-08-25 09:37:47.900,4.841,16000
2020-08-25 09:37:47.900,4.841,100
2020-08-25 09:37:47.900,4.84,22000
2020-08-25 09:37:47.900,4.84,3000
2020-08-25 09:37:47.900,4.84,1000
2020-08-25 09:37:47.900,4.84,1000
2020-08-25 09:37:47.900,4.84,10000
2020-08-25 09:37:47.900,4.84,15000
2020-08-25 09:37:47.900,4.84,14700
2020-08-25 09:37:48.710,4.843,200
2020-08-25 09:37:48.770,4.843,9800
2020-08-25 09:37:48.770,4.844,12000
2020-08-25 09:37:48.900,4.844,100
2020-08-25 09:37:50.100,4.843,2000
2020-08-25 09:37:51.370,4.84,200
2020-08-25 09:37:51.370,4.84,800
2020-08-25 09:37:52.210,4.841,40500
2020-08-25 09:37:52.240,4.841,71900
2020-08-25 09:37:52.940,4.842,1000
2020-08-25 09:37:52.940,4.843,9000
2020-08-25 09:37:53.080,4.843,10000
2020-08-25 09:37:54.410,4.843,20000
2020-08-25 09:37:54.410,4.843,20000
2020-08-25 09:37:54.530,4.842,1700
2020-08-25 09:37:55.420,4.843,39000
2020-08-25 09:37:55.420,4.843,10000
2020-08-25 09:37:55.420,4.843,300
2020-08-25 09:37:55.420,4.843,100
2020-08-25 09:37:56.250,4.846,30000
2020-08-25 09:37:57.300,4.843,4000
2020-08-25 09:37:57.300,4.843,3700
2020-08-25 09:37:57.790,4.846,100
2020-08-25 09:37:58.150,4.844,17500
2020-08-25 09:37:58.660,4.844,22500
2020-08-25 09:37:58.660,4.843,37500
2020-08-25 09:37:59.620,4.843,2500
2020-08-25 09:38:00.210,4.842,8000
2020-08-25 09:38:00.490,4.843,500
2020-08-25 09:38:01.690,4.843,600
2020-08-25 09:38:01.720,4.843,27900
2020-08-25 09:38:02.410,4.843,50000
2020-08-25 09:38:02.410,4.843,40000
2020-08-25 09:38:02.410,4.843,10000
2020-08-25 09:38:02.410,4.843,4300
2020-08-25 09:38:02.410,4.843,3000
2020-08-25 09:38:04.470,4.843,1000
2020-08-25 09:38:06.140,4.843,1500
2020-08-25 09:38:06.730,4.843,10200
2020-08-25 09:38:06.730,4.843,2100
2020-08-25 09:38:07.350,4.844,2200
2020-08-25 09:38:07.530,4.844,2400
2020-08-25 09:38:08.120,4.846,9900
2020-08-25 09:38:08.120,4.846,30100
2020-08-25 09:38:10.700,4.844,10200
2020-08-25 09:38:10.700,4.843,8200
2020-08-25 09:38:10.700,4.843,11600
2020-08-25 09:38:12.550,4.843,5000
2020-08-25 09:38:12.710,4.843,500
2020-08-25 09:38:12.830,4.845,5000
2020-08-25 09:38:12.830,4.846,5000
2020-08-25 09:38:12.860,4.846,1700
2020-08-25 09:38:12.860,4.846,30000
2020-08-25 09:38:13.180,4.844,8400
2020-08-25 09:38:13.270,4.844,4000
2020-08-25 09:38:13.790,4.846,23200
2020-08-25 09:38:16.580,4.844,2100
2020-08-25 09:38:17.400,4.845,50000
2020-08-25 09:38:17.400,4.845,60000
2020-08-25 09:38:17.400,4.845,20000
2020-08-25 09:38:17.400,4.845,10000
2020-08-25 09:38:17.400,4.845,20000
2020-08-25 09:38:17.400,4.845,80000
2020-08-25 09:38:17.500,4.845,60000
2020-08-25 09:38:18.200,4.847,60000
2020-08-25 09:38:18.200,4.847,90000
2020-08-25 09:38:18.200,4.847,3000
2020-08-25 09:38:18.450,4.848,5000
2020-08-25 09:38:18.550,4.849,10000
2020-08-25 09:38:18.550,4.849,60000
2020-08-25 09:38:18.550,4.85,60000
2020-08-25 09:38:18.550,4.85,4100
2020-08-25 09:38:18.550,4.85,23000
2020-08-25 09:38:18.550,4.85,8000
2020-08-25 09:38:18.550,4.85,4000
2020-08-25 09:38:18.550,4.85,2000
2020-08-25 09:38:18.550,4.85,1500
2020-08-25 09:38:18.550,4.85,5000
2020-08-25 09:38:18.550,4.851,20000
2020-08-25 09:38:18.550,4.851,3000
2020-08-25 09:38:18.550,4.851,200
2020-08-25 09:38:18.550,4.851,600
2020-08-25 09:38:18.550,4.851,43300
2020-08-25 09:38:18.550,4.851,51600
2020-08-25 09:38:19.130,4.848,60000
2020-08-25 09:38:19.430,4.85,400
2020-08-25 09:38:20.220,4.85,300
2020-08-25 09:38:20.220,4.85,10000
2020-08-25 09:38:20.960,4.85,5000
2020-08-25 09:38:21.310,4.85,10000
2020-08-25 09:38:21.340,4.85,10000
2020-08-25 09:38:21.340,4.85,15900
2020-08-25 09:38:21.340,4.85,43300
2020-08-25 09:38:21.400,4.848,100000
2020-08-25 09:38:21.600,4.848,100
2020-08-25 09:38:22.070,4.848,6900
2020-08-25 09:38:22.430,4.848,2000
2020-08-25 09:38:24.610,4.848,500
2020-08-25 09:38:26.170,4.849,2300
2020-08-25 09:38:26.170,4.85,800
2020-08-25 09:38:26.170,4.85,5000
2020-08-25 09:38:26.170,4.85,100
2020-08-25 09:38:26.170,4.85,5000
2020-08-25 09:38:26.370,4.85,10000
2020-08-25 09:38:26.370,4.85,3000
2020-08-25 09:38:26.400,4.85,80000
2020-08-25 09:38:26.460,4.85,5200
2020-08-25 09:38:26.620,4.85,188600
2020-08-25 09:38:26.890,4.848,50000
2020-08-25 09:38:29.040,4.848,1200
2020-08-25 09:38:29.360,4.849,2000
2020-08-25 09:38:29.360,4.849,18000
2020-08-25 09:38:29.940,4.849,1500
2020-08-25 09:38:30.410,4.849,12500
2020-08-25 09:38:31.350,4.849,4600
2020-08-25 09:38:31.680,4.85,700
2020-08-25 09:38:32.390,4.849,13400
2020-08-25 09:38:33.670,4.85,400
2020-08-25 09:38:34.730,4.848,5000
2020-08-25 09:38:36.460,4.849,1700
2020-08-25 09:38:36.460,4.849,200
2020-08-25 09:38:37.180,4.85,500
2020-08-25 09:38:38.550,4.849,800
2020-08-25 09:38:38.770,4.849,1000
2020-08-25 09:38:41.720,4.85,9600
2020-08-25 09:38:42.590,4.85,9500
2020-08-25 09:38:42.590,4.85,1000
2020-08-25 09:38:42.590,4.85,200
2020-08-25 09:38:42.590,4.85,2000
2020-08-25 09:38:42.590,4.85,1000
2020-08-25 09:38:42.590,4.85,1000
2020-08-25 09:38:42.590,4.851,900
2020-08-25 09:38:42.590,4.851,100
2020-08-25 09:38:42.590,4.851,10000
2020-08-25 09:38:42.590,4.851,5000
2020-08-25 09:38:42.720,4.851,10000
2020-08-25 09:38:43.280,4.851,20000
2020-08-25 09:38:43.480,4.851,2500
2020-08-25 09:38:43.970,4.851,6100
2020-08-25 09:38:44.800,4.851,700
2020-08-25 09:38:47.270,4.849,7000
2020-08-25 09:38:48.320,4.849,20000
2020-08-25 09:38:49.030,4.85,5400
2020-08-25 09:38:49.530,4.85,1400
2020-08-25 09:38:49.530,4.85,2000
2020-08-25 09:38:49.530,4.85,100
2020-08-25 09:38:50.410,4.851,200
2020-08-25 09:38:50.410,4.851,1000
2020-08-25 09:38:50.410,4.851,8800
2020-08-25 09:38:50.650,4.851,5200
2020-08-25 09:38:50.980,4.851,6000
2020-08-25 09:38:50.980,4.852,15100
2020-08-25 09:38:50.980,4.852,500
2020-08-25 09:38:50.980,4.852,1000
2020-08-25 09:38:50.980,4.852,11000
2020-08-25 09:38:50.980,4.852,100
2020-08-25 09:38:50.980,4.852,7000
2020-08-25 09:38:50.980,4.852,4000
2020-08-25 09:38:50.980,4.852,4400
2020-08-25 09:38:50.980,4.852,200
2020-08-25 09:38:50.980,4.852,800
2020-08-25 09:38:50.980,4.852,10000
2020-08-25 09:38:50.980,4.852,5200
2020-08-25 09:38:50.980,4.852,5000
2020-08-25 09:38:50.980,4.852,3000
2020-08-25 09:38:50.980,4.852,100
2020-08-25 09:38:50.980,4.852,500
2020-08-25 09:38:51.100,4.852,10600
2020-08-25 09:38:51.280,4.852,400
2020-08-25 09:38:52.230,4.852,30000
2020-08-25 09:38:52.230,4.852,3600
2020-08-25 09:38:52.820,4.852,1100
2020-08-25 09:38:53.600,4.852,40000
2020-08-25 09:38:53.660,4.852,40400
2020-08-25 09:38:53.660,4.85,22000
2020-08-25 09:38:54.600,4.851,200
2020-08-25 09:38:54.790,4.851,1800
2020-08-25 09:38:54.790,4.85,2400
2020-08-25 09:38:56.340,4.851,300
2020-08-25 09:38:57.020,4.85,100
2020-08-25 09:38:58.270,4.85,5000
2020-08-25 09:38:58.450,4.851,700
2020-08-25 09:38:58.450,4.851,200
2020-08-25 09:38:59.670,4.85,400
2020-08-25 09:39:00.710,4.85,1000
2020-08-25 09:39:01.820,4.85,10000
2020-08-25 09:39:02.250,4.851,100
2020-08-25 09:39:02.350,4.85,200
2020-08-25 09:39:05.190,4.851,400
2020-08-25 09:39:05.190,4.851,2400
2020-08-25 09:39:05.190,4.851,500
2020-08-25 09:39:05.190,4.851,7600
2020-08-25 09:39:05.910,4.85,300
2020-08-25 09:39:06.160,4.85,8600
2020-08-25 09:39:06.160,4.849,12200
2020-08-25 09:39:06.930,4.85,2100
2020-08-25 09:39:07.900,4.851,400
2020-08-25 09:39:08.150,4.85,1000
2020-08-25 09:39:09.060,4.851,12000
2020-08-25 09:39:09.060,4.851,20000
2020-08-25 09:39:09.060,4.851,65600
2020-08-25 09:39:09.690,4.85,16600
2020-08-25 09:39:09.690,4.85,100
2020-08-25 09:39:09.690,4.85,142700
2020-08-25 09:39:09.780,4.851,24400
2020-08-25 09:39:09.780,4.851,3200
2020-08-25 09:39:09.780,4.851,1000
2020-08-25 09:39:09.780,4.851,2000
2020-08-25 09:39:09.780,4.851,38000
2020-08-25 09:39:09.780,4.852,8000
2020-08-25 09:39:09.780,4.852,500
2020-08-25 09:39:09.780,4.852,1000
2020-08-25 09:39:09.780,4.852,100
2020-08-25 09:39:09.780,4.852,11800
2020-08-25 09:39:10.410,4.851,1000
2020-08-25 09:39:10.890,4.85,1000
2020-08-25 09:39:10.890,4.851,700
2020-08-25 09:39:11.740,4.851,1000
2020-08-25 09:39:11.800,4.851,10000
2020-08-25 09:39:12.520,4.851,100
2020-08-25 09:39:13.740,4.851,100
2020-08-25 09:39:13.920,4.851,2200
2020-08-25 09:39:14.070,4.851,2000
2020-08-25 09:39:15.470,4.851,500
2020-08-25 09:39:16.270,4.852,10000
2020-08-25 09:39:16.720,4.851,20300
2020-08-25 09:39:17.440,4.851,100
2020-08-25 09:39:17.520,4.852,300
2020-08-25 09:39:17.670,4.851,300
2020-08-25 09:39:17.730,4.852,27900
2020-08-25 09:39:17.730,4.852,2100
2020-08-25 09:39:17.730,4.852,100
2020-08-25 09:39:17.730,4.852,200
2020-08-25 09:39:17.730,4.852,10900
2020-08-25 09:39:18.200,4.851,7000
2020-08-25 09:39:18.260,4.851,2000
2020-08-25 09:39:18.350,4.851,20000
2020-08-25 09:39:18.380,4.851,15000
2020-08-25 09:39:18.380,4.851,300
2020-08-25 09:39:18.560,4.851,1500
2020-08-25 09:39:19.330,4.851,300
2020-08-25 09:39:20.540,4.852,1000
2020-08-25 09:39:22.660,4.851,1000
2020-08-25 09:39:22.690,4.851,4000
2020-08-25 09:39:23.270,4.851,60600
2020-08-25 09:39:23.270,4.851,2000
2020-08-25 09:39:23.270,4.851,1400
2020-08-25 09:39:23.270,4.851,1000
2020-08-25 09:39:23.270,4.851,1000
2020-08-25 09:39:23.270,4.851,100
2020-08-25 09:39:23.270,4.851,800
2020-08-25 09:39:23.390,4.851,20000
2020-08-25 09:39:23.670,4.851,500
2020-08-25 09:39:26.340,4.851,20000
2020-08-25 09:39:26.490,4.851,400
2020-08-25 09:39:27.170,4.851,5000
2020-08-25 09:39:29.550,4.851,2300
2020-08-25 09:39:30.730,4.849,300
2020-08-25 09:39:32.570,4.85,500
2020-08-25 09:39:33.100,4.851,5000
2020-08-25 09:39:33.100,4.851,200
2020-08-25 09:39:33.100,4.851,800
2020-08-25 09:39:33.100,4.851,4000
2020-08-25 09:39:33.520,4.851,300
2020-08-25 09:39:33.600,4.85,300
2020-08-25 09:39:35.000,4.851,1000
2020-08-25 09:39:35.250,4.85,2500
2020-08-25 09:39:35.250,4.849,6800
2020-08-25 09:39:35.250,4.849,600
2020-08-25 09:39:35.250,4.849,5000
2020-08-25 09:39:35.250,4.849,85100
2020-08-25 09:39:35.660,4.851,1000
2020-08-25 09:39:36.260,4.851,6000
2020-08-25 09:39:36.420,4.851,700
2020-08-25 09:39:36.710,4.85,29700
2020-08-25 09:39:37.140,4.849,10000
2020-08-25 09:39:37.310,4.85,1000
2020-08-25 09:39:37.540,4.85,59300
2020-08-25 09:39:37.540,4.85,3000
2020-08-25 09:39:39.420,4.85,200
2020-08-25 09:39:41.210,4.85,200
2020-08-25 09:39:43.750,4.85,2600
2020-08-25 09:39:43.750,4.85,1400
2020-08-25 09:39:46.480,4.848,500
2020-08-25 09:39:46.480,4.848,500
2020-08-25 09:39:46.540,4.85,100
2020-08-25 09:39:46.920,4.848,200
2020-08-25 09:39:47.750,4.849,5100
2020-08-25 09:39:47.930,4.849,500
2020-08-25 09:39:47.960,4.849,200
2020-08-25 09:39:50.580,4.849,4200
2020-08-25 09:39:50.580,4.848,99300
2020-08-25 09:39:50.580,4.848,300
2020-08-25 09:39:50.580,4.848,8000
2020-08-25 09:39:50.580,4.847,60000
2020-08-25 09:39:50.580,4.847,10000
2020-08-25 09:39:50.580,4.847,10000
2020-08-25 09:39:50.580,4.847,1000
2020-08-25 09:39:50.580,4.846,2000
2020-08-25 09:39:50.580,4.846,3200
2020-08-25 09:39:50.700,4.849,200
2020-08-25 09:39:51.190,4.849,500
2020-08-25 09:39:53.450,4.846,1500
2020-08-25 09:39:55.570,4.847,1000
2020-08-25 09:39:55.570,4.848,1400
2020-08-25 09:39:58.220,4.846,5900
2020-08-25 09:39:59.680,4.848,400
2020-08-25 09:40:00.760,4.848,500
2020-08-25 09:40:01.870,4.848,700
2020-08-25 09:40:01.870,4.848,1000
2020-08-25 09:40:01.870,4.848,2000
2020-08-25 09:40:01.870,4.848,500
2020-08-25 09:40:01.870,4.848,12800
2020-08-25 09:40:03.350,4.846,700
2020-08-25 09:40:03.350,4.846,4300
2020-08-25 09:40:06.810,4.847,100
2020-08-25 09:40:07.010,4.846,10000
2020-08-25 09:40:07.450,4.847,200
2020-08-25 09:40:08.140,4.846,45700
2020-08-25 09:40:08.140,4.846,400
2020-08-25 09:40:08.140,4.846,50000
2020-08-25 09:40:08.140,4.846,100
2020-08-25 09:40:08.140,4.846,1000
2020-08-25 09:40:08.140,4.846,1800
2020-08-25 09:40:08.470,4.846,8200
2020-08-25 09:40:08.470,4.846,100
2020-08-25 09:40:08.470,4.846,10000
2020-08-25 09:40:08.970,4.846,500
2020-08-25 09:40:11.010,4.846,200
2020-08-25 09:40:14.970,4.845,1500
2020-08-25 09:40:14.970,4.845,700
2020-08-25 09:40:14.970,4.845,4800
2020-08-25 09:40:18.110,4.845,600
2020-08-25 09:40:18.890,4.845,2500
2020-08-25 09:40:19.170,4.845,2100
2020-08-25 09:40:19.170,4.845,2600
2020-08-25 09:40:20.910,4.844,500
2020-08-25 09:40:20.910,4.844,3500
2020-08-25 09:40:20.910,4.844,24500
2020-08-25 09:40:20.910,4.844,1000
2020-08-25 09:40:20.910,4.844,10000
2020-08-25 09:40:20.910,4.844,160500
2020-08-25 09:40:21.300,4.845,50000
2020-08-25 09:40:21.300,4.845,100000
2020-08-25 09:40:22.380,4.844,300
2020-08-25 09:40:22.440,4.845,3000
2020-08-25 09:40:22.500,4.845,18200
2020-08-25 09:40:22.500,4.845,20000
2020-08-25 09:40:22.500,4.845,2300
2020-08-25 09:40:22.500,4.845,1500
2020-08-25 09:40:22.620,4.845,27000
2020-08-25 09:40:23.360,4.845,200
2020-08-25 09:40:24.010,4.846,8600
2020-08-25 09:40:24.010,4.846,1900
2020-08-25 09:40:24.300,4.846,300
2020-08-25 09:40:24.300,4.846,1000
2020-08-25 09:40:24.300,4.846,8600
2020-08-25 09:40:24.330,4.846,11400
2020-08-25 09:40:24.330,4.846,8600
2020-08-25 09:40:24.950,4.846,1400
2020-08-25 09:40:25.530,4.847,300
2020-08-25 09:40:26.000,4.847,8900
2020-08-25 09:40:26.260,4.848,300
2020-08-25 09:40:26.640,4.847,44100
2020-08-25 09:40:26.640,4.846,3600
2020-08-25 09:40:27.240,4.845,200
2020-08-25 09:40:27.240,4.846,40000
2020-08-25 09:40:28.460,4.845,100
2020-08-25 09:40:30.130,4.845,400
2020-08-25 09:40:33.380,4.846,12300
2020-08-25 09:40:33.380,4.846,200
2020-08-25 09:40:33.380,4.846,47500
2020-08-25 09:40:33.450,4.846,60000
2020-08-25 09:40:33.970,4.846,100
2020-08-25 09:40:34.370,4.845,12100
2020-08-25 09:40:34.370,4.845,900
2020-08-25 09:40:34.370,4.845,27000
2020-08-25 09:40:34.430,4.845,59500
2020-08-25 09:40:34.520,4.846,100
2020-08-25 09:40:34.580,4.845,7000
2020-08-25 09:40:35.900,4.846,20000
2020-08-25 09:40:36.430,4.845,400
2020-08-25 09:40:37.140,4.845,15600
2020-08-25 09:40:38.290,4.845,160000
2020-08-25 09:40:38.440,4.846,3400
2020-08-25 09:40:38.940,4.845,200
2020-08-25 09:40:39.340,4.846,10000
2020-08-25 09:40:39.960,4.845,800
2020-08-25 09:40:40.170,4.845,2000
2020-08-25 09:40:40.860,4.846,100
2020-08-25 09:40:42.250,4.845,14000
