Datetime,Price,Volume
2020-08-25 09:25:00.300,1.288,100
2020-08-25 09:25:00.300,1.288,100
2020-08-25 09:25:00.300,1.288,100
2020-08-25 09:25:00.300,1.288,100
2020-08-25 09:25:00.300,1.288,100
2020-08-25 09:25:00.300,1.288,100
2020-08-25 09:25:00.300,1.288,100
2020-08-25 09:25:00.300,1.288,100
2020-08-25 09:25:00.300,1.288,100
2020-08-25 09:30:00.610,1.288,9100
2020-08-25 09:30:38.520,1.289,100
2020-08-25 09:31:29.790,1.289,5300
2020-08-25 09:32:28.500,1.289,194700
2020-08-25 09:32:28.500,1.288,100
2020-08-25 09:32:28.500,1.287,100
2020-08-25 09:32:29.110,1.287,200
2020-08-25 09:32:31.060,1.287,300
2020-08-25 09:32:31.200,1.287,300
2020-08-25 09:32:34.340,1.287,1500
2020-08-25 09:32:34.430,1.287,6000
2020-08-25 09:32:36.210,1.288,13000
2020-08-25 09:32:36.240,1.288,10200
2020-08-25 09:32:36.420,1.288,12900
2020-08-25 09:32:36.770,1.288,9400
2020-08-25 09:32:38.040,1.288,11900
2020-08-25 09:32:38.040,1.288,11900
2020-08-25 09:32:38.770,1.288,20700
2020-08-25 09:32:39.480,1.288,6800
2020-08-25 09:32:39.480,1.29,100
2020-08-25 09:32:47.950,1.29,5000
2020-08-25 09:32:47.950,1.29,11800
2020-08-25 09:32:47.950,1.29,200000
2020-08-25 09:32:48.450,1.288,8300
2020-08-25 09:32:48.720,1.288,67000
2020-08-25 09:32:48.960,1.288,7900
2020-08-25 09:32:48.960,1.291,100
2020-08-25 09:32:51.660,1.292,100
2020-08-25 09:32:51.660,1.292,200
2020-08-25 09:32:53.570,1.289,200000
2020-08-25 09:32:56.170,1.289,67500
2020-08-25 09:32:56.490,1.289,6300
2020-08-25 09:32:58.150,1.289,1800
2020-08-25 09:33:03.580,1.289,200
2020-08-25 09:33:07.510,1.29,300
2020-08-25 09:33:08.070,1.29,100
2020-08-25 09:33:08.710,1.29,200
2020-08-25 09:33:10.190,1.29,3300
2020-08-25 09:33:10.470,1.29,1600
2020-08-25 09:33:13.340,1.29,1500
2020-08-25 09:33:14.110,1.29,500
2020-08-25 09:33:15.020,1.29,300
2020-08-25 09:33:15.930,1.29,1600
2020-08-25 09:33:18.440,1.29,5700
2020-08-25 09:33:18.810,1.29,100
2020-08-25 09:33:20.460,1.29,1500
2020-08-25 09:33:20.510,1.29,1500
2020-08-25 09:33:22.170,1.29,700
2020-08-25 09:33:22.170,1.29,700
2020-08-25 09:33:22.370,1.29,100
2020-08-25 09:33:23.820,1.29,700
2020-08-25 09:33:23.940,1.29,800
2020-08-25 09:33:25.290,1.29,1700
2020-08-25 09:33:26.190,1.29,1500
2020-08-25 09:33:34.450,1.29,200000
2020-08-25 09:33:38.210,1.289,51200
2020-08-25 09:33:42.170,1.293,100
2020-08-25 09:33:42.170,1.293,18700
2020-08-25 09:33:42.170,1.294,100
2020-08-25 09:33:42.170,1.295,100
2020-08-25 09:33:42.170,1.295,500
2020-08-25 09:33:42.170,1.295,43300
2020-08-25 09:33:46.560,1.293,222800
2020-08-25 09:33:46.560,1.293,4500
2020-08-25 09:33:46.560,1.293,1500
2020-08-25 09:33:46.560,1.293,100
2020-08-25 09:33:46.560,1.292,71100
2020-08-25 09:34:02.140,1.293,300
2020-08-25 09:34:02.910,1.293,100
2020-08-25 09:34:05.190,1.293,5200
2020-08-25 09:34:06.080,1.293,1700
2020-08-25 09:34:23.170,1.293,1100
2020-08-25 09:34:23.930,1.293,300
2020-08-25 09:34:26.210,1.293,1600
2020-08-25 09:34:26.920,1.293,100
2020-08-25 09:34:27.450,1.293,4800
2020-08-25 09:34:30.560,1.293,4800
2020-08-25 09:34:33.640,1.293,400
2020-08-25 09:34:36.460,1.293,2400
2020-08-25 09:34:44.170,1.293,277200
2020-08-25 09:36:54.980,1.293,100
2020-08-25 09:36:54.980,1.292,100
2020-08-25 09:36:54.980,1.292,69800
2020-08-25 09:37:24.550,1.293,100
2020-08-25 09:37:29.570,1.293,1000
2020-08-25 09:37:29.630,1.294,205500
2020-08-25 09:37:36.730,1.294,285600
2020-08-25 09:37:41.440,1.295,100
2020-08-25 09:37:42.200,1.295,3900
2020-08-25 09:37:42.200,1.296,100
2020-08-25 09:37:42.200,1.297,100
2020-08-25 09:37:42.200,1.297,58700
2020-08-25 09:37:42.200,1.297,141300
2020-08-25 09:37:43.170,1.297,81500
2020-08-25 09:37:51.280,1.293,200000
2020-08-25 09:39:11.860,1.295,100
2020-08-25 09:39:46.940,1.294,100
2020-08-25 09:39:46.940,1.294,18300
2020-08-25 09:40:24.280,1.293,100
2020-08-25 09:40:24.280,1.293,200000
2020-08-25 09:42:35.160,1.295,33400
2020-08-25 09:42:35.160,1.295,5400
2020-08-25 09:42:35.160,1.295,5000
2020-08-25 09:43:13.480,1.295,99900
2020-08-25 09:43:18.340,1.295,5000
2020-08-25 09:43:21.630,1.295,500
2020-08-25 09:44:23.490,1.295,2500
2020-08-25 09:44:31.040,1.295,2000
2020-08-25 09:44:33.080,1.295,5500
2020-08-25 09:47:50.990,1.294,7700
2020-08-25 09:48:53.670,1.295,5000
2020-08-25 09:48:53.670,1.295,15000
2020-08-25 09:49:48.100,1.295,7700
2020-08-25 09:50:20.070,1.295,187000
2020-08-25 09:50:21.250,1.295,85300
2020-08-25 09:51:20.530,1.295,25500
2020-08-25 09:51:20.610,1.295,25500
2020-08-25 09:51:22.600,1.295,19000
2020-08-25 09:51:22.750,1.295,19100
2020-08-25 09:51:24.520,1.295,116500
2020-08-25 09:51:38.540,1.296,300000
2020-08-25 09:51:39.550,1.296,74000
2020-08-25 09:51:52.640,1.297,30800
2020-08-25 09:51:52.640,1.297,200100
2020-08-25 09:51:52.640,1.297,69100
2020-08-25 09:51:54.660,1.297,109100
2020-08-25 09:58:20.990,1.297,300
2020-08-25 09:58:20.990,1.297,500
2020-08-25 10:00:25.370,1.296,1200
2020-08-25 10:00:45.380,1.298,30800
2020-08-25 10:05:27.640,1.297,140000
2020-08-25 10:05:58.570,1.295,200
2020-08-25 10:06:28.930,1.296,290000
2020-08-25 10:08:05.380,1.296,90000
2020-08-25 10:09:17.090,1.296,90000
2020-08-25 10:10:15.370,1.295,6000
2020-08-25 10:12:42.110,1.295,5000
2020-08-25 10:14:11.730,1.294,180000
2020-08-25 10:14:24.610,1.294,300000
2020-08-25 10:14:30.780,1.294,20000
2020-08-25 10:14:33.720,1.293,14000
2020-08-25 10:15:50.930,1.294,213000
2020-08-25 10:16:02.600,1.294,7000
2020-08-25 10:19:29.140,1.294,3000
2020-08-25 10:20:32.950,1.292,100
2020-08-25 10:23:10.470,1.294,2500
2020-08-25 10:26:43.090,1.294,2500
2020-08-25 10:26:46.460,1.294,3100
2020-08-25 10:26:46.460,1.294,3100
2020-08-25 10:26:47.980,1.294,3000
2020-08-25 10:26:48.190,1.294,3100
2020-08-25 10:26:49.640,1.294,1500
2020-08-25 10:26:49.820,1.294,1600
2020-08-25 10:26:51.430,1.294,1500
2020-08-25 10:26:51.510,1.294,1500
2020-08-25 10:26:53.680,1.294,1200
2020-08-25 10:26:53.780,1.294,1100
2020-08-25 10:26:55.330,1.294,1200
2020-08-25 10:27:26.750,1.294,4600
2020-08-25 10:29:00.090,1.295,25400
2020-08-25 10:29:37.060,1.295,14600
2020-08-25 10:29:37.060,1.296,5400
2020-08-25 10:31:37.910,1.296,40000
2020-08-25 10:33:48.140,1.295,100
2020-08-25 10:38:29.420,1.294,75200
2020-08-25 10:43:50.330,1.293,10000
2020-08-25 10:43:56.050,1.293,5000
2020-08-25 10:45:11.250,1.293,75200
2020-08-25 10:46:54.640,1.294,100
2020-08-25 11:03:28.670,1.294,155100
2020-08-25 11:06:33.600,1.293,75200
2020-08-25 11:10:23.350,1.295,50000
2020-08-25 11:12:28.460,1.293,75200
2020-08-25 11:13:27.290,1.292,20000
2020-08-25 11:13:39.560,1.294,120000
2020-08-25 11:18:25.890,1.292,9000
2020-08-25 11:20:21.660,1.291,100
2020-08-25 11:20:21.660,1.291,300
2020-08-25 11:20:28.850,1.291,100
2020-08-25 11:23:09.330,1.29,100
2020-08-25 11:23:09.330,1.29,16000
2020-08-25 11:25:07.590,1.289,100
2020-08-25 11:25:35.890,1.288,100
2020-08-25 11:28:54.710,1.288,100000
2020-08-25 13:04:42.830,1.29,14000
2020-08-25 13:09:37.900,1.288,300000
2020-08-25 13:11:54.690,1.288,2200
2020-08-25 13:12:38.880,1.289,10000
2020-08-25 13:17:25.210,1.287,100
2020-08-25 13:17:25.210,1.287,300000
2020-08-25 13:17:25.210,1.287,2100
2020-08-25 13:20:20.270,1.286,100
2020-08-25 13:20:20.270,1.286,300000
2020-08-25 13:20:20.270,1.286,2200
2020-08-25 13:22:00.400,1.286,100
2020-08-25 13:23:32.770,1.286,200
2020-08-25 13:24:06.450,1.285,100
2020-08-25 13:24:06.450,1.285,62700
2020-08-25 13:24:12.470,1.285,62800
2020-08-25 13:24:18.480,1.285,62800
2020-08-25 13:26:58.530,1.285,62800
2020-08-25 13:26:58.530,1.285,121900
2020-08-25 13:28:54.350,1.285,100
2020-08-25 13:29:04.900,1.285,300
2020-08-25 13:29:38.190,1.285,300
2020-08-25 13:29:41.980,1.285,1900
2020-08-25 13:29:44.440,1.285,1900
2020-08-25 13:29:47.290,1.285,800
2020-08-25 13:29:47.290,1.285,700
2020-08-25 13:29:48.930,1.285,700
2020-08-25 13:29:48.980,1.285,800
2020-08-25 13:29:49.980,1.285,55300
2020-08-25 13:29:49.980,1.285,100
2020-08-25 13:29:49.980,1.285,300
2020-08-25 13:29:49.980,1.285,2200
2020-08-25 13:29:49.980,1.285,3400
2020-08-25 13:29:50.680,1.287,7700
2020-08-25 13:29:50.680,1.287,7700
2020-08-25 13:35:22.920,1.286,62800
2020-08-25 13:35:22.920,1.285,200000
2020-08-25 13:35:22.920,1.285,39400
2020-08-25 13:38:12.790,1.287,62800
2020-08-25 13:38:12.790,1.287,10000
2020-08-25 13:38:20.340,1.288,164200
2020-08-25 13:39:12.470,1.287,151200
2020-08-25 13:40:09.480,1.287,62800
2020-08-25 13:40:09.480,1.287,88400
2020-08-25 13:40:25.670,1.287,62800
2020-08-25 13:40:39.420,1.286,151200
2020-08-25 13:41:32.100,1.286,151200
2020-08-25 13:43:39.980,1.285,151200
2020-08-25 13:46:40.050,1.286,151200
2020-08-25 13:47:59.420,1.286,151200
2020-08-25 13:49:32.190,1.285,800
2020-08-25 13:50:23.000,1.285,155700
2020-08-25 13:50:24.730,1.285,13700
2020-08-25 13:51:34.970,1.285,169400
2020-08-25 13:52:00.930,1.285,169400
2020-08-25 13:52:07.640,1.285,50300
2020-08-25 13:53:46.900,1.285,500
2020-08-25 13:55:09.060,1.284,100
2020-08-25 13:55:09.060,1.284,155800
2020-08-25 13:55:09.740,1.284,13500
2020-08-25 13:55:22.740,1.284,200
2020-08-25 13:56:07.180,1.283,100
2020-08-25 13:56:07.180,1.283,155900
2020-08-25 13:56:09.730,1.283,13400
2020-08-25 13:57:26.400,1.285,100
2020-08-25 13:58:59.790,1.284,155800
2020-08-25 13:59:04.800,1.284,155800
2020-08-25 13:59:09.750,1.283,155900
2020-08-25 13:59:14.740,1.283,13500
2020-08-25 13:59:19.790,1.284,155800
2020-08-25 14:00:02.730,1.283,155900
2020-08-25 14:00:04.710,1.283,13500
2020-08-25 14:00:34.770,1.284,155800
2020-08-25 14:00:39.750,1.284,155800
2020-08-25 14:00:44.780,1.284,155800
2020-08-25 14:00:49.710,1.284,65200
2020-08-25 14:03:18.440,1.288,190000
2020-08-25 14:05:54.670,1.286,800
2020-08-25 14:07:25.220,1.287,155500
2020-08-25 14:08:10.190,1.286,14000
2020-08-25 14:08:49.840,1.286,155600
2020-08-25 14:09:06.450,1.285,500
2020-08-25 14:10:30.350,1.285,200
2020-08-25 14:10:39.760,1.286,13900
2020-08-25 14:10:41.170,1.288,1500
2020-08-25 14:10:41.170,1.288,1500
2020-08-25 14:12:26.850,1.287,155500
2020-08-25 14:12:29.740,1.287,14000
2020-08-25 14:16:46.790,1.287,155500
2020-08-25 14:16:49.740,1.287,14000
2020-08-25 14:19:32.020,1.288,22600
2020-08-25 14:19:33.240,1.288,7400
2020-08-25 14:19:46.790,1.287,400
2020-08-25 14:22:04.810,1.287,155500
2020-08-25 14:22:04.810,1.287,10300
2020-08-25 14:22:04.810,1.287,3600
2020-08-25 14:22:25.740,1.287,16400
2020-08-25 14:26:44.600,1.285,155700
2020-08-25 14:26:44.600,1.285,500
2020-08-25 14:26:49.730,1.285,13200
2020-08-25 14:29:50.240,1.284,111700
2020-08-25 14:29:50.240,1.284,57700
2020-08-25 14:32:16.320,1.286,155600
2020-08-25 14:33:55.520,1.286,3700
2020-08-25 14:33:58.840,1.286,3700
2020-08-25 14:34:02.230,1.286,4300
2020-08-25 14:34:05.660,1.286,2100
2020-08-25 14:34:17.320,1.285,155700
2020-08-25 14:34:17.320,1.285,13700
2020-08-25 14:34:56.300,1.285,67800
2020-08-25 14:42:46.910,1.283,155900
2020-08-25 14:44:24.470,1.283,75200
2020-08-25 14:44:40.420,1.283,75200
2020-08-25 14:44:45.100,1.283,67900
2020-08-25 14:44:49.860,1.283,151700
2020-08-25 14:45:03.510,1.283,7500
2020-08-25 14:48:17.560,1.284,1400
2020-08-25 14:48:27.410,1.284,1400
2020-08-25 14:48:58.520,1.284,3000
2020-08-25 14:56:23.430,1.285,195600
2020-08-25 14:56:29.400,1.286,1100
2020-08-25 14:56:29.510,1.286,1100
2020-08-25 14:56:31.370,1.286,1200
2020-08-25 14:56:31.390,1.286,1200
