Datetime,Price,Volume
2020-08-05 09:25:00.220,3.349,30200
2020-08-05 09:25:00.220,3.349,7000
2020-08-05 09:25:00.220,3.349,1000
2020-08-05 09:25:00.220,3.349,8000
2020-08-05 09:25:00.220,3.349,16000
2020-08-05 09:25:00.220,3.349,1000
2020-08-05 09:25:00.220,3.349,25000
2020-08-05 09:25:00.220,3.349,100
2020-08-05 09:25:00.220,3.349,8900
2020-08-05 09:25:00.220,3.349,121100
2020-08-05 09:25:00.220,3.349,18900
2020-08-05 09:25:00.220,3.349,100
2020-08-05 09:25:00.220,3.349,11000
2020-08-05 09:25:00.220,3.349,10000
2020-08-05 09:25:00.220,3.349,8500
2020-08-05 09:25:00.220,3.349,23000
2020-08-05 09:25:00.220,3.349,4100
2020-08-05 09:25:00.220,3.349,2900
2020-08-05 09:25:00.220,3.349,200
2020-08-05 09:25:00.220,3.349,1500
2020-08-05 09:25:00.220,3.349,25400
2020-08-05 09:25:00.220,3.349,34600
2020-08-05 09:25:00.220,3.349,1000
2020-08-05 09:25:00.220,3.349,5000
2020-08-05 09:25:00.220,3.349,20000
2020-08-05 09:25:00.220,3.349,50000
2020-08-05 09:25:00.220,3.349,10000
2020-08-05 09:25:00.220,3.349,2300
2020-08-05 09:25:00.220,3.349,200
2020-08-05 09:25:00.220,3.349,1400
2020-08-05 09:25:00.220,3.349,1800
2020-08-05 09:25:00.220,3.349,1500
2020-08-05 09:25:00.220,3.349,20000
2020-08-05 09:25:00.220,3.349,500
2020-08-05 09:25:00.220,3.349,3000
2020-08-05 09:25:00.220,3.349,600
2020-08-05 09:25:00.220,3.349,100
2020-08-05 09:25:00.220,3.349,1000
2020-08-05 09:25:00.220,3.349,10000
2020-08-05 09:25:00.220,3.349,5000
2020-08-05 09:25:00.220,3.349,100
2020-08-05 09:25:00.220,3.349,2000
2020-08-05 09:25:00.220,3.349,1000
2020-08-05 09:25:00.220,3.349,500
2020-08-05 09:25:00.220,3.349,100
2020-08-05 09:25:00.220,3.349,300
2020-08-05 09:25:00.220,3.349,10000
2020-08-05 09:25:00.220,3.349,5000
2020-08-05 09:25:00.220,3.349,1900
2020-08-05 09:25:00.220,3.349,200
2020-08-05 09:25:00.220,3.349,10000
2020-08-05 09:25:00.220,3.349,1500
2020-08-05 09:25:00.220,3.349,6000
2020-08-05 09:25:00.220,3.349,4000
2020-08-05 09:25:00.220,3.349,14900
2020-08-05 09:25:00.220,3.349,10000
2020-08-05 09:25:00.220,3.349,5000
2020-08-05 09:25:00.220,3.349,1500
2020-08-05 09:25:00.220,3.349,1000
2020-08-05 09:25:00.220,3.349,100
2020-08-05 09:25:00.220,3.349,5000
2020-08-05 09:25:00.220,3.349,300
2020-08-05 09:25:00.220,3.349,10000
2020-08-05 09:25:00.220,3.349,100
2020-08-05 09:25:00.220,3.349,6100
2020-08-05 09:25:00.220,3.349,100
2020-08-05 09:25:00.220,3.349,1000
2020-08-05 09:25:00.220,3.349,5000
2020-08-05 09:25:00.220,3.349,30000
2020-08-05 09:25:00.220,3.349,3000
2020-08-05 09:25:00.220,3.349,100
2020-08-05 09:25:00.220,3.349,1000
2020-08-05 09:25:00.220,3.349,2500
2020-08-05 09:25:00.220,3.349,5000
2020-08-05 09:25:00.220,3.349,4900
2020-08-05 09:25:00.220,3.349,11600
2020-08-05 09:25:00.220,3.349,3200
2020-08-05 09:25:00.220,3.349,500
2020-08-05 09:25:00.220,3.349,300
2020-08-05 09:25:00.220,3.349,500
2020-08-05 09:25:00.220,3.349,100
2020-08-05 09:25:00.220,3.349,3500
2020-08-05 09:25:00.220,3.349,400
2020-08-05 09:25:00.220,3.349,3000
2020-08-05 09:25:00.220,3.349,3700
2020-08-05 09:25:00.220,3.349,200
2020-08-05 09:25:00.220,3.349,4100
2020-08-05 09:25:00.220,3.349,1500
2020-08-05 09:25:00.220,3.349,5900
2020-08-05 09:25:00.220,3.349,7200
2020-08-05 09:25:00.220,3.349,100
2020-08-05 09:25:00.220,3.349,600
2020-08-05 09:25:00.220,3.349,800
2020-08-05 09:25:00.220,3.349,10000
2020-08-05 09:25:00.220,3.349,200
2020-08-05 09:25:00.220,3.349,200
2020-08-05 09:25:00.220,3.349,300
2020-08-05 09:25:00.220,3.349,500
2020-08-05 09:25:00.220,3.349,500
2020-08-05 09:25:00.220,3.349,5000
2020-08-05 09:25:00.220,3.349,100
2020-08-05 09:25:00.220,3.349,700
2020-08-05 09:25:00.220,3.349,500
2020-08-05 09:25:00.220,3.349,200
2020-08-05 09:25:00.220,3.349,500
2020-08-05 09:25:00.220,3.349,300
2020-08-05 09:25:00.220,3.349,200
2020-08-05 09:25:00.220,3.349,85385
2020-08-05 09:25:00.220,3.349,25500
2020-08-05 09:25:00.220,3.349,53300
2020-08-05 09:25:00.220,3.349,10000
2020-08-05 09:25:00.220,3.349,1000
2020-08-05 09:25:00.220,3.349,49000
2020-08-05 09:25:00.220,3.349,12400
2020-08-05 09:25:00.220,3.349,100
2020-08-05 09:25:00.220,3.349,19000
2020-08-05 09:25:00.220,3.349,44315
2020-08-05 09:25:00.220,3.349,685
2020-08-05 09:25:00.220,3.349,215
2020-08-05 09:25:00.220,3.349,2185
2020-08-05 09:25:00.220,3.349,815
2020-08-05 09:25:00.220,3.349,100
2020-08-05 09:25:00.220,3.349,8000
2020-08-05 09:25:00.220,3.349,14900
2020-08-05 09:25:00.220,3.349,100
2020-08-05 09:25:00.220,3.349,500
2020-08-05 09:25:00.220,3.349,600
2020-08-05 09:25:00.220,3.349,1000
2020-08-05 09:25:00.220,3.349,1000
2020-08-05 09:25:00.220,3.349,200
2020-08-05 09:25:00.220,3.349,8700
2020-08-05 09:25:00.220,3.349,400
2020-08-05 09:25:00.220,3.349,1000
2020-08-05 09:25:00.220,3.349,4000
2020-08-05 09:25:00.220,3.349,200
2020-08-05 09:25:00.220,3.349,4000
2020-08-05 09:25:00.220,3.349,100
2020-08-05 09:25:00.220,3.349,34385
2020-08-05 09:25:00.220,3.349,5900
2020-08-05 09:25:00.220,3.349,45900
2020-08-05 09:25:00.220,3.349,500
2020-08-05 09:25:00.220,3.349,1000
2020-08-05 09:25:00.220,3.349,2000
2020-08-05 09:25:00.220,3.349,32000
2020-08-05 09:25:00.220,3.349,67600
2020-08-05 09:25:00.220,3.349,110715
2020-08-05 09:25:00.220,3.349,60000
2020-08-05 09:25:00.220,3.349,800
2020-08-05 09:25:00.220,3.349,60000
2020-08-05 09:25:00.220,3.349,30000
2020-08-05 09:25:00.220,3.349,6300
2020-08-05 09:25:00.220,3.349,10000
2020-08-05 09:25:00.220,3.349,9000
2020-08-05 09:25:00.220,3.349,200
2020-08-05 09:25:00.220,3.349,500
2020-08-05 09:25:00.220,3.349,3000
2020-08-05 09:25:00.220,3.349,900
2020-08-05 09:25:00.220,3.349,8585
2020-08-05 09:25:00.220,3.349,3500
2020-08-05 09:25:00.220,3.349,9200
2020-08-05 09:25:00.220,3.349,41100
2020-08-05 09:25:00.220,3.349,90000
2020-08-05 09:25:00.220,3.349,147615
2020-08-05 09:25:00.220,3.349,300
2020-08-05 09:25:00.220,3.349,200
2020-08-05 09:25:00.220,3.349,500
2020-08-05 09:25:00.220,3.349,200
2020-08-05 09:25:00.220,3.349,500
2020-08-05 09:25:00.220,3.349,200
2020-08-05 09:25:00.220,3.349,500
2020-08-05 09:25:00.220,3.349,5700
2020-08-05 09:25:00.220,3.349,44285
2020-08-05 09:25:00.220,3.349,300000
2020-08-05 09:25:00.220,3.349,600000
2020-08-05 09:25:00.220,3.349,50000
2020-08-05 09:25:00.220,3.349,5715
2020-08-05 09:25:00.220,3.349,1000
2020-08-05 09:25:00.220,3.349,200
2020-08-05 09:25:00.220,3.349,500
2020-08-05 09:25:00.220,3.349,10000
2020-08-05 09:25:00.220,3.349,1000
2020-08-05 09:25:00.220,3.349,500
2020-08-05 09:25:00.220,3.349,5000
2020-08-05 09:25:00.220,3.349,10000
2020-08-05 09:25:00.220,3.349,300
2020-08-05 09:25:00.220,3.349,10000
2020-08-05 09:25:00.220,3.349,200
2020-08-05 09:25:00.220,3.349,1800
2020-08-05 09:25:00.220,3.349,2000
2020-08-05 09:25:00.220,3.349,5000
2020-08-05 09:25:00.220,3.349,200
2020-08-05 09:25:00.220,3.349,4300
2020-08-05 09:25:00.220,3.349,500
2020-08-05 09:25:00.220,3.349,1000
2020-08-05 09:25:00.220,3.349,3000
2020-08-05 09:25:00.220,3.349,937785
2020-08-05 09:25:00.220,3.349,62215
2020-08-05 09:25:00.220,3.349,1000
2020-08-05 09:25:00.220,3.349,1000
2020-08-05 09:25:00.220,3.349,2500
2020-08-05 09:25:00.220,3.349,3000
2020-08-05 09:25:00.220,3.349,500
2020-08-05 09:25:00.220,3.349,800
2020-08-05 09:25:00.220,3.349,20000
2020-08-05 09:25:00.220,3.349,3000
2020-08-05 09:25:00.220,3.349,1000
2020-08-05 09:25:00.220,3.349,10000
2020-08-05 09:25:00.220,3.349,100
2020-08-05 09:25:00.220,3.349,1000
2020-08-05 09:25:00.220,3.349,5000
2020-08-05 09:25:00.220,3.349,200
2020-08-05 09:25:00.220,3.349,500
2020-08-05 09:25:00.220,3.349,1000
2020-08-05 09:25:00.220,3.349,2500
2020-08-05 09:25:00.220,3.349,4500
2020-08-05 09:25:00.220,3.349,5000
2020-08-05 09:25:00.220,3.349,100
2020-08-05 09:30:00.380,3.348,200
2020-08-05 09:30:00.380,3.348,500
2020-08-05 09:30:00.380,3.348,25000
2020-08-05 09:30:00.380,3.348,1000
2020-08-05 09:30:00.380,3.348,3000
2020-08-05 09:30:00.380,3.348,2500
2020-08-05 09:30:00.380,3.348,500
2020-08-05 09:30:00.720,3.348,500
2020-08-05 09:30:00.830,3.347,200
2020-08-05 09:30:00.830,3.347,500
2020-08-05 09:30:00.830,3.347,1000
2020-08-05 09:30:00.830,3.347,2500
2020-08-05 09:30:00.830,3.346,3000
2020-08-05 09:30:00.830,3.346,200
2020-08-05 09:30:00.830,3.346,500
2020-08-05 09:30:00.830,3.346,3300
2020-08-05 09:30:00.830,3.347,1000
2020-08-05 09:30:00.970,3.346,3000
2020-08-05 09:30:00.970,3.346,3700
2020-08-05 09:30:00.970,3.346,800
2020-08-05 09:30:01.070,3.347,9700
2020-08-05 09:30:01.070,3.348,300
2020-08-05 09:30:01.070,3.348,3000
2020-08-05 09:30:01.270,3.346,500
2020-08-05 09:30:01.320,3.348,500
2020-08-05 09:30:01.320,3.346,3000
2020-08-05 09:30:01.370,3.346,5700
2020-08-05 09:30:01.370,3.346,1000
2020-08-05 09:30:01.370,3.346,10000
2020-08-05 09:30:01.370,3.346,2500
2020-08-05 09:30:01.460,3.346,5400
2020-08-05 09:30:01.650,3.346,10000
2020-08-05 09:30:01.680,3.345,100
2020-08-05 09:30:01.730,3.345,1100
2020-08-05 09:30:01.730,3.345,200
2020-08-05 09:30:01.730,3.345,500
2020-08-05 09:30:01.730,3.345,400
2020-08-05 09:30:01.730,3.345,1000
2020-08-05 09:30:01.730,3.345,3800
2020-08-05 09:30:02.220,3.346,100
2020-08-05 09:30:02.270,3.346,10000
2020-08-05 09:30:02.510,3.345,100
2020-08-05 09:30:02.620,3.346,3000
2020-08-05 09:30:02.620,3.346,3800
2020-08-05 09:30:02.830,3.345,4000
2020-08-05 09:30:02.980,3.346,400
2020-08-05 09:30:03.090,3.346,15500
2020-08-05 09:30:03.210,3.346,1000
2020-08-05 09:30:03.340,3.346,13000
2020-08-05 09:30:03.450,3.345,1900
2020-08-05 09:30:03.740,3.345,200
2020-08-05 09:30:03.740,3.345,100
2020-08-05 09:30:03.740,3.345,2500
2020-08-05 09:30:03.740,3.345,4200
2020-08-05 09:30:03.780,3.346,5000
2020-08-05 09:30:03.820,3.346,5300
2020-08-05 09:30:03.890,3.345,300
2020-08-05 09:30:03.890,3.345,5000
2020-08-05 09:30:03.890,3.346,5000
2020-08-05 09:30:04.030,3.345,5000
2020-08-05 09:30:04.030,3.345,300
2020-08-05 09:30:04.030,3.345,4700
2020-08-05 09:30:04.320,3.346,31900
2020-08-05 09:30:04.450,3.346,98600
2020-08-05 09:30:04.450,3.346,21800
2020-08-05 09:30:04.450,3.346,20000
2020-08-05 09:30:04.450,3.346,15000
2020-08-05 09:30:04.450,3.347,219200
2020-08-05 09:30:04.450,3.347,4100
2020-08-05 09:30:04.600,3.347,100
2020-08-05 09:30:04.600,3.347,20000
2020-08-05 09:30:04.740,3.347,18200
2020-08-05 09:30:04.740,3.347,5000
2020-08-05 09:30:04.740,3.347,300
2020-08-05 09:30:04.740,3.348,63000
2020-08-05 09:30:04.740,3.348,50000
2020-08-05 09:30:04.740,3.348,3500
2020-08-05 09:30:04.740,3.348,10000
2020-08-05 09:30:04.740,3.348,3000
2020-08-05 09:30:04.740,3.348,1300
2020-08-05 09:30:04.740,3.348,500
2020-08-05 09:30:04.740,3.348,5000
2020-08-05 09:30:04.740,3.348,300
2020-08-05 09:30:04.740,3.348,500
2020-08-05 09:30:04.740,3.348,100
2020-08-05 09:30:04.740,3.348,10000
2020-08-05 09:30:04.740,3.348,20000
2020-08-05 09:30:04.740,3.348,2000
2020-08-05 09:30:04.740,3.348,13400
2020-08-05 09:30:04.740,3.348,1000
2020-08-05 09:30:04.740,3.348,1000
2020-08-05 09:30:04.740,3.348,1000
2020-08-05 09:30:04.740,3.349,290900
2020-08-05 09:30:04.880,3.347,3600
2020-08-05 09:30:04.880,3.349,26400
2020-08-05 09:30:05.150,3.346,4100
2020-08-05 09:30:05.510,3.348,1000
2020-08-05 09:30:05.510,3.349,20300
2020-08-05 09:30:05.730,3.347,14000
2020-08-05 09:30:05.730,3.346,55900
2020-08-05 09:30:05.730,3.346,300000
2020-08-05 09:30:05.730,3.345,300
2020-08-05 09:30:05.730,3.345,1000
2020-08-05 09:30:05.730,3.345,100
2020-08-05 09:30:05.730,3.345,100
2020-08-05 09:30:05.730,3.345,20000
2020-08-05 09:30:05.730,3.345,24400
2020-08-05 09:30:05.810,3.348,400
2020-08-05 09:30:05.880,3.347,100
2020-08-05 09:30:06.180,3.347,1300
2020-08-05 09:30:06.330,3.347,70400
2020-08-05 09:30:06.330,3.347,115400
2020-08-05 09:30:06.590,3.348,2000
2020-08-05 09:30:06.910,3.347,14200
2020-08-05 09:30:07.130,3.348,3600
2020-08-05 09:30:07.130,3.348,20000
2020-08-05 09:30:07.130,3.348,10300
2020-08-05 09:30:07.130,3.348,2900
2020-08-05 09:30:07.130,3.348,13000
2020-08-05 09:30:07.130,3.348,2000
2020-08-05 09:30:07.130,3.349,24100
2020-08-05 09:30:07.470,3.347,17900
2020-08-05 09:30:07.660,3.348,100
2020-08-05 09:30:07.830,3.348,1200
2020-08-05 09:30:07.900,3.347,8000
2020-08-05 09:30:08.150,3.348,900
2020-08-05 09:30:08.280,3.348,200
2020-08-05 09:30:08.280,3.348,1000
2020-08-05 09:30:08.280,3.348,5000
2020-08-05 09:30:08.280,3.348,3000
2020-08-05 09:30:08.280,3.348,154000
2020-08-05 09:30:08.280,3.348,3900
2020-08-05 09:30:08.320,3.348,50000
2020-08-05 09:30:08.360,3.348,44400
2020-08-05 09:30:08.360,3.348,3000
2020-08-05 09:30:08.470,3.348,14000
2020-08-05 09:30:08.550,3.349,5000
2020-08-05 09:30:08.550,3.349,3000
2020-08-05 09:30:08.700,3.348,10000
2020-08-05 09:30:08.700,3.349,500
2020-08-05 09:30:08.700,3.349,100
2020-08-05 09:30:08.700,3.349,500
2020-08-05 09:30:08.860,3.349,5000
2020-08-05 09:30:08.970,3.348,11500
2020-08-05 09:30:08.970,3.347,74100
2020-08-05 09:30:08.970,3.347,214400
2020-08-05 09:30:09.380,3.348,1300
2020-08-05 09:30:09.570,3.348,1900
2020-08-05 09:30:09.770,3.348,6800
2020-08-05 09:30:09.770,3.349,3200
2020-08-05 09:30:09.770,3.349,1000
2020-08-05 09:30:10.120,3.347,15000
2020-08-05 09:30:10.280,3.349,1000
2020-08-05 09:30:10.280,3.347,1000
2020-08-05 09:30:10.430,3.348,2200
2020-08-05 09:30:10.500,3.348,10000
2020-08-05 09:30:10.500,3.349,100
2020-08-05 09:30:10.500,3.349,300
2020-08-05 09:30:10.500,3.348,2000
2020-08-05 09:30:10.530,3.348,6000
2020-08-05 09:30:10.720,3.348,10000
2020-08-05 09:30:10.770,3.348,800
2020-08-05 09:30:11.160,3.348,4500
2020-08-05 09:30:11.190,3.348,600
2020-08-05 09:30:11.270,3.348,45500
2020-08-05 09:30:11.270,3.348,15100
2020-08-05 09:30:11.460,3.349,9000
2020-08-05 09:30:11.680,3.349,71300
2020-08-05 09:30:11.680,3.349,5000
2020-08-05 09:30:11.680,3.349,12900
2020-08-05 09:30:11.680,3.349,39400
2020-08-05 09:30:11.790,3.348,203300
2020-08-05 09:30:11.790,3.348,10000
2020-08-05 09:30:11.830,3.347,10500
2020-08-05 09:30:12.230,3.348,500
2020-08-05 09:30:12.360,3.347,8000
2020-08-05 09:30:12.430,3.348,500
2020-08-05 09:30:12.850,3.347,10000
2020-08-05 09:30:12.850,3.348,2000
2020-08-05 09:30:12.930,3.348,10000
2020-08-05 09:30:12.960,3.348,200
2020-08-05 09:30:13.000,3.348,5000
2020-08-05 09:30:13.150,3.348,200
2020-08-05 09:30:13.450,3.348,10000
2020-08-05 09:30:13.720,3.347,2800
2020-08-05 09:30:13.720,3.348,300
2020-08-05 09:30:13.870,3.347,23500
2020-08-05 09:30:13.910,3.348,500
2020-08-05 09:30:14.390,3.348,1000
2020-08-05 09:30:14.460,3.348,1400
2020-08-05 09:30:14.530,3.347,5000
2020-08-05 09:30:14.650,3.348,1300
2020-08-05 09:30:14.760,3.348,5000
2020-08-05 09:30:14.840,3.348,100
2020-08-05 09:30:15.210,3.348,200
2020-08-05 09:30:15.330,3.348,400
2020-08-05 09:30:15.440,3.348,900
2020-08-05 09:30:15.520,3.348,4100
2020-08-05 09:30:15.520,3.348,100
2020-08-05 09:30:15.520,3.348,700
2020-08-05 09:30:15.520,3.348,500
2020-08-05 09:30:15.520,3.348,200
2020-08-05 09:30:15.520,3.348,500
2020-08-05 09:30:15.520,3.348,200
2020-08-05 09:30:15.520,3.348,13700
2020-08-05 09:30:15.670,3.347,12000
2020-08-05 09:30:16.480,3.347,100
2020-08-05 09:30:16.520,3.347,4300
2020-08-05 09:30:16.600,3.347,100000
2020-08-05 09:30:16.820,3.347,2100
2020-08-05 09:30:17.000,3.348,5300
2020-08-05 09:30:17.000,3.348,900
2020-08-05 09:30:17.000,3.348,1500
2020-08-05 09:30:17.000,3.348,1000
2020-08-05 09:30:17.000,3.348,1300
2020-08-05 09:30:17.480,3.347,12700
2020-08-05 09:30:17.890,3.347,31200
2020-08-05 09:30:17.960,3.348,1000
2020-08-05 09:30:18.050,3.348,5000
2020-08-05 09:30:18.940,3.347,15000
2020-08-05 09:30:19.110,3.348,7700
2020-08-05 09:30:19.110,3.348,3300
2020-08-05 09:30:19.110,3.348,5000
2020-08-05 09:30:19.920,3.349,7700
2020-08-05 09:30:20.380,3.348,4000
2020-08-05 09:30:20.380,3.347,30400
2020-08-05 09:30:20.590,3.349,78900
2020-08-05 09:30:20.590,3.349,11100
2020-08-05 09:30:21.220,3.347,7500
2020-08-05 09:30:21.510,3.349,300
2020-08-05 09:30:21.850,3.347,224900
2020-08-05 09:30:21.850,3.347,5000
2020-08-05 09:30:21.980,3.346,3000
2020-08-05 09:30:21.980,3.346,7000
2020-08-05 09:30:22.020,3.346,25600
2020-08-05 09:30:22.550,3.346,30000
2020-08-05 09:30:22.770,3.346,15800
2020-08-05 09:30:24.340,3.347,20000
2020-08-05 09:30:24.650,3.347,300
2020-08-05 09:30:26.410,3.347,10000
2020-08-05 09:30:26.410,3.346,100000
2020-08-05 09:30:27.320,3.347,10000
2020-08-05 09:30:28.370,3.346,30000
2020-08-05 09:30:28.510,3.346,29840
2020-08-05 09:30:29.440,3.346,61760
2020-08-05 09:30:29.440,3.346,400
2020-08-05 09:30:29.440,3.346,10000
2020-08-05 09:30:29.500,3.346,215040
2020-08-05 09:30:29.500,3.347,29800
2020-08-05 09:30:29.500,3.347,6700
2020-08-05 09:30:29.500,3.347,4900
2020-08-05 09:30:29.500,3.347,9800
2020-08-05 09:30:29.500,3.348,3000
2020-08-05 09:30:29.500,3.348,1500
2020-08-05 09:30:29.500,3.348,29260
2020-08-05 09:30:29.560,3.348,1000
2020-08-05 09:30:29.800,3.348,2500
2020-08-05 09:30:30.110,3.347,1000
2020-08-05 09:30:31.280,3.346,11900
2020-08-05 09:30:31.310,3.346,3000
2020-08-05 09:30:31.890,3.346,100
2020-08-05 09:30:32.090,3.346,30000
2020-08-05 09:30:32.090,3.346,19400
2020-08-05 09:30:32.090,3.346,20600
2020-08-05 09:30:32.090,3.346,40000
2020-08-05 09:30:32.090,3.346,40000
2020-08-05 09:30:32.090,3.346,30000
2020-08-05 09:30:32.090,3.346,30000
2020-08-05 09:30:32.090,3.346,40000
2020-08-05 09:30:32.120,3.346,40000
2020-08-05 09:30:32.120,3.346,26300
2020-08-05 09:30:32.120,3.346,3700
2020-08-05 09:30:32.120,3.346,16300
2020-08-05 09:30:32.120,3.347,4900
2020-08-05 09:30:32.120,3.347,8800
2020-08-05 09:30:32.250,3.347,30000
2020-08-05 09:30:32.250,3.347,40000
2020-08-05 09:30:32.250,3.347,40000
2020-08-05 09:30:32.250,3.347,30000
2020-08-05 09:30:32.640,3.347,21300
2020-08-05 09:30:33.970,3.346,40000
2020-08-05 09:30:34.090,3.346,40000
2020-08-05 09:30:34.660,3.346,14000
2020-08-05 09:30:34.660,3.346,10000
2020-08-05 09:30:34.660,3.346,2800
2020-08-05 09:30:35.000,3.346,500
2020-08-05 09:30:36.160,3.346,32400
2020-08-05 09:30:36.160,3.347,1000
2020-08-05 09:30:36.160,3.346,6400
2020-08-05 09:30:36.160,3.346,33900
2020-08-05 09:30:36.160,3.346,4000
2020-08-05 09:30:36.720,3.345,500
2020-08-05 09:30:36.840,3.346,10000
2020-08-05 09:30:37.580,3.346,200
2020-08-05 09:30:37.610,3.346,300000
2020-08-05 09:30:37.840,3.345,4400
2020-08-05 09:30:39.400,3.346,300000
2020-08-05 09:30:39.500,3.345,100
2020-08-05 09:30:39.500,3.345,100
2020-08-05 09:30:40.270,3.345,100
2020-08-05 09:30:40.270,3.345,400
2020-08-05 09:30:40.270,3.345,1000
2020-08-05 09:30:40.270,3.345,1500
2020-08-05 09:30:40.270,3.345,2100
2020-08-05 09:30:40.270,3.345,50000
2020-08-05 09:30:40.270,3.345,30000
2020-08-05 09:30:40.270,3.345,100
2020-08-05 09:30:40.270,3.345,30000
2020-08-05 09:30:40.270,3.345,300
2020-08-05 09:30:40.270,3.345,40000
2020-08-05 09:30:40.270,3.345,22400
2020-08-05 09:30:40.510,3.346,251900
2020-08-05 09:30:40.510,3.346,48100
2020-08-05 09:30:40.600,3.346,300000
2020-08-05 09:30:40.600,3.346,300000
2020-08-05 09:30:40.860,3.345,17600
2020-08-05 09:30:40.860,3.345,3000
2020-08-05 09:30:40.860,3.345,200
2020-08-05 09:30:40.860,3.344,100
2020-08-05 09:30:40.860,3.344,200
2020-08-05 09:30:40.860,3.344,200
2020-08-05 09:30:40.860,3.344,1000
2020-08-05 09:30:40.860,3.344,6000
2020-08-05 09:30:40.860,3.344,2500
2020-08-05 09:30:40.860,3.344,21200
2020-08-05 09:30:40.860,3.344,8000
2020-08-05 09:30:41.220,3.346,10000
2020-08-05 09:30:41.280,3.345,23300
2020-08-05 09:30:41.310,3.345,19700
2020-08-05 09:30:41.310,3.345,57000
2020-08-05 09:30:41.310,3.346,241900
2020-08-05 09:30:41.310,3.346,1100
2020-08-05 09:30:42.430,3.346,100
2020-08-05 09:30:43.280,3.345,10000
2020-08-05 09:30:43.280,3.346,98800
2020-08-05 09:30:43.280,3.346,1000
2020-08-05 09:30:43.450,3.346,25600
2020-08-05 09:30:43.740,3.346,2000
2020-08-05 09:30:43.870,3.346,26100
2020-08-05 09:30:43.960,3.346,136500
2020-08-05 09:30:44.210,3.346,1000
2020-08-05 09:30:44.870,3.344,22800
2020-08-05 09:30:44.870,3.344,1500
2020-08-05 09:30:44.870,3.344,151600
2020-08-05 09:30:45.120,3.346,100
2020-08-05 09:30:46.780,3.345,10300
2020-08-05 09:30:46.890,3.345,100
2020-08-05 09:30:47.460,3.345,3000
2020-08-05 09:30:47.520,3.345,28000
2020-08-05 09:30:47.610,3.345,200
2020-08-05 09:30:49.080,3.346,10000
2020-08-05 09:30:49.310,3.345,268800
2020-08-05 09:30:49.310,3.345,5000
2020-08-05 09:30:49.310,3.345,500
2020-08-05 09:30:49.310,3.344,31800
2020-08-05 09:30:49.310,3.344,5000
2020-08-05 09:30:49.310,3.344,2000
2020-08-05 09:30:49.310,3.344,14900
2020-08-05 09:30:49.310,3.344,40000
2020-08-05 09:30:49.310,3.344,40000
2020-08-05 09:30:49.460,3.344,192000
2020-08-05 09:30:49.460,3.346,108000
2020-08-05 09:30:49.740,3.345,7800
2020-08-05 09:30:49.960,3.345,4100
2020-08-05 09:30:49.960,3.345,300
2020-08-05 09:30:50.160,3.346,4900
2020-08-05 09:30:50.490,3.345,2700
2020-08-05 09:30:50.830,3.345,3300
2020-08-05 09:30:51.330,3.346,39500
2020-08-05 09:30:51.330,3.346,60000
2020-08-05 09:30:51.330,3.346,500
2020-08-05 09:30:51.330,3.346,1000
2020-08-05 09:30:51.330,3.346,1200
2020-08-05 09:30:51.330,3.346,197800
2020-08-05 09:30:52.130,3.346,2000
2020-08-05 09:30:52.590,3.345,1700
2020-08-05 09:30:52.590,3.345,100000
2020-08-05 09:30:52.590,3.345,5000
2020-08-05 09:30:52.590,3.343,1000
2020-08-05 09:30:52.590,3.343,200
2020-08-05 09:30:52.590,3.343,200
2020-08-05 09:30:52.590,3.343,3000
2020-08-05 09:30:52.590,3.343,1000
2020-08-05 09:30:52.590,3.343,7500
2020-08-05 09:30:53.760,3.345,100
2020-08-05 09:30:54.110,3.345,300000
2020-08-05 09:30:54.680,3.345,300
2020-08-05 09:30:54.900,3.345,5000
2020-08-05 09:30:55.340,3.345,300000
2020-08-05 09:30:55.610,3.344,5000
2020-08-05 09:30:55.610,3.344,5000
2020-08-05 09:30:55.610,3.343,2500
2020-08-05 09:30:55.610,3.343,2500
2020-08-05 09:30:55.610,3.343,500
2020-08-05 09:30:55.610,3.343,40000
2020-08-05 09:30:55.610,3.343,30000
2020-08-05 09:30:55.610,3.343,40000
2020-08-05 09:30:55.610,3.343,40000
2020-08-05 09:30:55.610,3.343,100
2020-08-05 09:30:55.610,3.342,10000
2020-08-05 09:30:55.610,3.342,3000
2020-08-05 09:30:55.610,3.342,200
2020-08-05 09:30:55.610,3.342,200
2020-08-05 09:30:55.610,3.342,1000
2020-08-05 09:30:55.610,3.342,6000
2020-08-05 09:30:55.610,3.342,10000
2020-08-05 09:30:55.610,3.342,4000
2020-08-05 09:30:55.610,3.342,4000
2020-08-05 09:30:55.610,3.342,2500
2020-08-05 09:30:55.610,3.342,5000
2020-08-05 09:30:55.610,3.342,100
2020-08-05 09:30:55.610,3.342,3500
2020-08-05 09:30:55.610,3.342,200
2020-08-05 09:30:55.610,3.342,1000
2020-08-05 09:30:55.610,3.342,10400
2020-08-05 09:30:55.610,3.342,400
2020-08-05 09:30:55.870,3.345,10000
2020-08-05 09:30:56.370,3.345,284600
2020-08-05 09:30:56.370,3.345,15400
2020-08-05 09:30:57.010,3.345,2800
2020-08-05 09:30:57.240,3.344,300000
2020-08-05 09:30:57.630,3.343,4200
2020-08-05 09:30:57.630,3.344,295800
2020-08-05 09:30:57.730,3.344,59900
2020-08-05 09:30:58.190,3.344,30000
2020-08-05 09:30:58.370,3.344,214300
2020-08-05 09:30:58.370,3.345,300
2020-08-05 09:30:58.370,3.345,10000
2020-08-05 09:30:58.370,3.345,16200
2020-08-05 09:30:58.370,3.345,2500
2020-08-05 09:30:58.370,3.345,2900
2020-08-05 09:30:58.370,3.346,53800
2020-08-05 09:30:59.340,3.346,10400
2020-08-05 09:30:59.520,3.345,27400
2020-08-05 09:31:00.120,3.346,300000
2020-08-05 09:31:00.410,3.346,300000
2020-08-05 09:31:00.510,3.345,7800
2020-08-05 09:31:00.550,3.346,2000
2020-08-05 09:31:01.040,3.345,6500
2020-08-05 09:31:01.800,3.345,100
2020-08-05 09:31:02.720,3.345,2500
2020-08-05 09:31:02.940,3.346,4400
2020-08-05 09:31:02.940,3.346,5000
2020-08-05 09:31:02.940,3.346,600
2020-08-05 09:31:03.100,3.346,200
2020-08-05 09:31:03.140,3.346,300000
2020-08-05 09:31:03.300,3.346,300000
2020-08-05 09:31:05.480,3.345,300
2020-08-05 09:31:06.510,3.346,400
2020-08-05 09:31:06.890,3.345,6000
2020-08-05 09:31:07.110,3.346,10000
2020-08-05 09:31:07.970,3.345,248000
2020-08-05 09:31:07.970,3.345,4000
2020-08-05 09:31:07.970,3.345,1000
2020-08-05 09:31:07.970,3.345,10000
2020-08-05 09:31:07.970,3.345,37000
2020-08-05 09:31:08.360,3.345,5800
2020-08-05 09:31:08.420,3.345,300
2020-08-05 09:31:09.000,3.345,256900
2020-08-05 09:31:09.180,3.345,1000
2020-08-05 09:31:09.180,3.346,1000
2020-08-05 09:31:09.640,3.346,100
2020-08-05 09:31:10.750,3.345,200
2020-08-05 09:31:10.930,3.345,1000
2020-08-05 09:31:11.110,3.344,100
2020-08-05 09:31:12.430,3.345,58800
2020-08-05 09:31:12.430,3.345,300
2020-08-05 09:31:12.430,3.345,1400
2020-08-05 09:31:12.430,3.345,10000
2020-08-05 09:31:12.430,3.345,2100
2020-08-05 09:31:12.430,3.345,227400
2020-08-05 09:31:14.280,3.345,200
2020-08-05 09:31:14.890,3.345,300000
2020-08-05 09:31:14.890,3.345,300000
2020-08-05 09:31:15.830,3.345,100
2020-08-05 09:31:16.480,3.345,72300
2020-08-05 09:31:16.480,3.345,50000
2020-08-05 09:31:16.480,3.345,177700
2020-08-05 09:31:16.650,3.345,1300
2020-08-05 09:31:16.750,3.344,22000
2020-08-05 09:31:18.390,3.345,300000
2020-08-05 09:31:18.870,3.345,40000
2020-08-05 09:31:19.130,3.344,20000
2020-08-05 09:31:20.520,3.345,4800
2020-08-05 09:31:21.310,3.344,57900
2020-08-05 09:31:21.310,3.344,10000
2020-08-05 09:31:21.310,3.344,10000
2020-08-05 09:31:21.310,3.344,10000
2020-08-05 09:31:21.310,3.344,10000
2020-08-05 09:31:21.310,3.344,50000
2020-08-05 09:31:21.310,3.344,5000
2020-08-05 09:31:21.310,3.344,200
2020-08-05 09:31:21.310,3.344,10000
2020-08-05 09:31:21.310,3.344,40000
2020-08-05 09:31:21.310,3.344,40000
2020-08-05 09:31:21.310,3.344,1000
2020-08-05 09:31:21.310,3.343,55900
2020-08-05 09:31:22.060,3.344,97300
2020-08-05 09:31:22.060,3.343,44100
2020-08-05 09:31:22.060,3.343,500
2020-08-05 09:31:22.060,3.343,10000
2020-08-05 09:31:22.060,3.343,10000
2020-08-05 09:31:22.060,3.343,30000
2020-08-05 09:31:22.060,3.343,40000
2020-08-05 09:31:22.060,3.343,40000
2020-08-05 09:31:22.060,3.343,30000
2020-08-05 09:31:22.060,3.343,4500
2020-08-05 09:31:22.060,3.342,600
2020-08-05 09:31:22.060,3.342,4500
2020-08-05 09:31:22.060,3.342,5000
2020-08-05 09:31:22.060,3.342,10000
2020-08-05 09:31:22.060,3.342,5000
2020-08-05 09:31:22.060,3.342,15000
2020-08-05 09:31:22.060,3.342,10000
2020-08-05 09:31:22.060,3.342,243500
2020-08-05 09:31:22.710,3.345,400
2020-08-05 09:31:22.830,3.345,1000
2020-08-05 09:31:23.060,3.345,15000
2020-08-05 09:31:23.060,3.344,5000
2020-08-05 09:31:23.270,3.342,300000
2020-08-05 09:31:23.380,3.344,2000
2020-08-05 09:31:23.990,3.344,100
2020-08-05 09:31:24.090,3.344,5000
2020-08-05 09:31:24.810,3.344,17800
2020-08-05 09:31:24.810,3.344,1000
2020-08-05 09:31:24.810,3.344,15000
2020-08-05 09:31:24.810,3.345,59800
2020-08-05 09:31:24.810,3.345,6000
2020-08-05 09:31:24.810,3.345,500
2020-08-05 09:31:24.810,3.345,18500
2020-08-05 09:31:24.810,3.345,1400
2020-08-05 09:31:26.400,3.345,6000
2020-08-05 09:31:26.550,3.343,500
2020-08-05 09:31:26.860,3.345,300
2020-08-05 09:31:26.860,3.345,200
2020-08-05 09:31:26.860,3.345,3000
2020-08-05 09:31:26.860,3.345,4200
2020-08-05 09:31:27.390,3.343,100
2020-08-05 09:31:27.390,3.343,20000
2020-08-05 09:31:27.390,3.342,279900
2020-08-05 09:31:29.250,3.344,2000
2020-08-05 09:31:29.290,3.343,11600
2020-08-05 09:31:29.390,3.343,38400
2020-08-05 09:31:29.390,3.342,10000
2020-08-05 09:31:29.390,3.342,30000
2020-08-05 09:31:29.390,3.342,40000
2020-08-05 09:31:29.390,3.342,30000
2020-08-05 09:31:29.390,3.342,151600
2020-08-05 09:31:29.540,3.344,1000
2020-08-05 09:31:29.850,3.343,200
2020-08-05 09:31:30.400,3.344,1000
2020-08-05 09:31:30.400,3.344,400
2020-08-05 09:31:30.400,3.345,18600
2020-08-05 09:31:30.930,3.345,300000
2020-08-05 09:31:31.360,3.343,1500
2020-08-05 09:31:31.430,3.344,8000
2020-08-05 09:31:31.730,3.344,100
2020-08-05 09:31:31.750,3.344,21900
2020-08-05 09:31:31.750,3.344,10000
2020-08-05 09:31:31.750,3.343,249800
2020-08-05 09:31:31.750,3.343,500
2020-08-05 09:31:31.750,3.343,7000
2020-08-05 09:31:31.780,3.343,10800
2020-08-05 09:31:31.780,3.345,289200
2020-08-05 09:31:32.200,3.345,288000
2020-08-05 09:31:32.200,3.345,2200
2020-08-05 09:31:32.200,3.345,8400
2020-08-05 09:31:32.230,3.343,50000
2020-08-05 09:31:32.230,3.343,50000
2020-08-05 09:31:32.230,3.343,16600
2020-08-05 09:31:33.380,3.343,1800
2020-08-05 09:31:33.450,3.343,31600
2020-08-05 09:31:33.450,3.343,30000
2020-08-05 09:31:33.450,3.342,1500
2020-08-05 09:31:33.450,3.342,236900
2020-08-05 09:31:33.500,3.344,16100
2020-08-05 09:31:33.500,3.345,1600
2020-08-05 09:31:34.990,3.344,500
2020-08-05 09:31:35.020,3.344,39500
2020-08-05 09:31:35.400,3.343,22300
2020-08-05 09:31:35.400,3.342,263100
2020-08-05 09:31:35.530,3.342,2500
2020-08-05 09:31:36.150,3.342,4000
2020-08-05 09:31:36.280,3.342,8100
2020-08-05 09:31:36.820,3.343,100
2020-08-05 09:31:36.820,3.344,499900
2020-08-05 09:31:37.030,3.344,1000
2020-08-05 09:31:37.470,3.343,200
2020-08-05 09:31:38.060,3.343,30000
2020-08-05 09:31:38.890,3.343,269800
2020-08-05 09:31:38.890,3.344,30200
2020-08-05 09:31:39.340,3.344,300000
2020-08-05 09:31:40.030,3.344,17800
2020-08-05 09:31:40.030,3.344,12200
2020-08-05 09:31:40.210,3.343,10000
2020-08-05 09:31:40.310,3.344,37800
2020-08-05 09:31:40.310,3.344,6900
2020-08-05 09:31:40.310,3.345,3000
2020-08-05 09:31:40.610,3.345,1000
2020-08-05 09:31:40.640,3.345,500
2020-08-05 09:31:41.050,3.345,600
2020-08-05 09:31:41.130,3.345,10000
2020-08-05 09:31:41.820,3.345,9000
2020-08-05 09:31:42.250,3.345,700
2020-08-05 09:31:44.100,3.345,100
2020-08-05 09:31:44.150,3.345,4500
2020-08-05 09:31:44.710,3.346,11000
2020-08-05 09:31:44.710,3.346,1400
2020-08-05 09:31:44.710,3.346,900
2020-08-05 09:31:44.710,3.347,10000
2020-08-05 09:31:44.710,3.347,200
2020-08-05 09:31:44.710,3.347,600
2020-08-05 09:31:44.710,3.347,15000
2020-08-05 09:31:44.710,3.347,1000
2020-08-05 09:31:44.710,3.347,1700
2020-08-05 09:31:44.710,3.347,400
2020-08-05 09:31:44.710,3.347,90800
2020-08-05 09:31:46.350,3.345,60000
2020-08-05 09:31:46.830,3.345,3000
2020-08-05 09:31:46.980,3.346,30000
2020-08-05 09:31:47.300,3.345,18500
2020-08-05 09:31:48.070,3.345,143100
2020-08-05 09:31:48.100,3.346,1000
2020-08-05 09:31:48.190,3.345,1300
2020-08-05 09:31:48.190,3.345,700
2020-08-05 09:31:48.580,3.345,9700
2020-08-05 09:31:48.580,3.345,500
2020-08-05 09:31:48.580,3.345,10000
2020-08-05 09:31:48.580,3.344,29800
2020-08-05 09:31:49.050,3.345,3000
2020-08-05 09:31:49.170,3.345,5000
2020-08-05 09:31:49.170,3.346,15000
2020-08-05 09:31:49.480,3.344,200000
2020-08-05 09:31:49.880,3.344,4500
2020-08-05 09:31:50.090,3.345,100
2020-08-05 09:31:50.090,3.345,14800
2020-08-05 09:31:50.630,3.344,65700
2020-08-05 09:31:50.630,3.344,100
2020-08-05 09:31:50.630,3.344,10000
2020-08-05 09:31:50.630,3.344,10000
2020-08-05 09:31:50.630,3.344,10000
2020-08-05 09:31:51.850,3.343,1500
2020-08-05 09:31:51.850,3.343,1500
2020-08-05 09:31:52.520,3.345,11300
2020-08-05 09:31:52.520,3.345,8700
2020-08-05 09:31:52.900,3.345,100000
2020-08-05 09:31:52.990,3.343,200
2020-08-05 09:31:53.520,3.343,4300
2020-08-05 09:31:53.520,3.342,4500
2020-08-05 09:31:53.520,3.342,1200
2020-08-05 09:31:53.560,3.345,500
2020-08-05 09:31:54.300,3.344,3000
2020-08-05 09:31:54.300,3.342,1800
2020-08-05 09:31:54.300,3.342,3000
2020-08-05 09:31:54.300,3.342,3000
2020-08-05 09:31:54.300,3.342,20000
2020-08-05 09:31:54.300,3.342,30000
2020-08-05 09:31:54.300,3.341,500
2020-08-05 09:31:54.300,3.341,200
2020-08-05 09:31:54.300,3.341,200
2020-08-05 09:31:54.300,3.341,500
2020-08-05 09:31:54.300,3.341,10000
2020-08-05 09:31:54.300,3.341,1000
2020-08-05 09:31:54.300,3.341,6800
2020-08-05 09:31:55.870,3.343,19300
2020-08-05 09:31:55.870,3.344,8700
2020-08-05 09:31:55.870,3.342,6200
2020-08-05 09:31:57.770,3.343,33800
2020-08-05 09:31:57.930,3.343,700
2020-08-05 09:31:59.110,3.342,13800
2020-08-05 09:31:59.110,3.342,2000
2020-08-05 09:31:59.110,3.341,10300
2020-08-05 09:32:01.830,3.343,10000
2020-08-05 09:32:01.950,3.342,10000
2020-08-05 09:32:02.040,3.343,10000
2020-08-05 09:32:02.850,3.343,100000
2020-08-05 09:32:02.850,3.342,2700
2020-08-05 09:32:03.490,3.342,1400
2020-08-05 09:32:03.560,3.342,30000
2020-08-05 09:32:03.720,3.343,9000
2020-08-05 09:32:03.960,3.342,300
2020-08-05 09:32:04.770,3.343,2900
2020-08-05 09:32:04.830,3.342,5000
2020-08-05 09:32:05.080,3.342,4700
2020-08-05 09:32:05.080,3.342,200000
2020-08-05 09:32:05.320,3.342,800
2020-08-05 09:32:05.420,3.342,100
2020-08-05 09:32:06.200,3.342,100000
2020-08-05 09:32:06.950,3.342,3000
2020-08-05 09:32:07.310,3.342,300000
2020-08-05 09:32:07.340,3.342,291400
2020-08-05 09:32:07.340,3.342,8600
2020-08-05 09:32:07.740,3.342,100
2020-08-05 09:32:08.240,3.342,48600
2020-08-05 09:32:08.240,3.342,13800
2020-08-05 09:32:08.240,3.342,2300
2020-08-05 09:32:08.240,3.342,600
2020-08-05 09:32:08.300,3.342,800
2020-08-05 09:32:09.270,3.342,16000
2020-08-05 09:32:09.710,3.343,20000
2020-08-05 09:32:10.310,3.343,113600
2020-08-05 09:32:10.310,3.343,4500
2020-08-05 09:32:10.310,3.343,9000
2020-08-05 09:32:10.310,3.343,58200
2020-08-05 09:32:10.310,3.344,50300
2020-08-05 09:32:10.310,3.344,4300
2020-08-05 09:32:10.310,3.344,1300
2020-08-05 09:32:10.310,3.344,4000
2020-08-05 09:32:10.310,3.344,54800
2020-08-05 09:32:10.590,3.342,100
2020-08-05 09:32:11.310,3.342,5000
2020-08-05 09:32:11.740,3.343,400
2020-08-05 09:32:11.740,3.342,7200
2020-08-05 09:32:12.650,3.343,10000
2020-08-05 09:32:13.120,3.343,800
2020-08-05 09:32:13.240,3.343,9200
2020-08-05 09:32:13.340,3.343,1000
2020-08-05 09:32:13.780,3.343,600
2020-08-05 09:32:13.980,3.342,300
2020-08-05 09:32:14.270,3.342,1000
2020-08-05 09:32:15.990,3.343,1000
2020-08-05 09:32:16.050,3.342,4300
2020-08-05 09:32:16.050,3.342,200
2020-08-05 09:32:16.160,3.342,30000
2020-08-05 09:32:16.410,3.343,15000
2020-08-05 09:32:17.050,3.342,7300
2020-08-05 09:32:17.470,3.343,200
2020-08-05 09:32:18.230,3.343,100000
2020-08-05 09:32:18.790,3.342,262500
2020-08-05 09:32:18.790,3.342,300000
2020-08-05 09:32:18.790,3.342,3000
2020-08-05 09:32:18.790,3.342,50000
2020-08-05 09:32:18.790,3.342,30000
2020-08-05 09:32:18.790,3.342,40000
2020-08-05 09:32:18.790,3.342,100000
2020-08-05 09:32:18.790,3.342,16700
2020-08-05 09:32:18.970,3.342,600
2020-08-05 09:32:19.460,3.342,200
2020-08-05 09:32:20.770,3.342,30000
2020-08-05 09:32:21.000,3.341,2900
2020-08-05 09:32:21.000,3.341,2500
2020-08-05 09:32:21.000,3.341,10000
2020-08-05 09:32:21.000,3.341,5000
2020-08-05 09:32:21.000,3.341,5000
2020-08-05 09:32:21.000,3.341,4700
2020-08-05 09:32:21.000,3.341,5500
2020-08-05 09:32:21.000,3.341,4200
2020-08-05 09:32:21.000,3.341,200
2020-08-05 09:32:21.060,3.342,67000
2020-08-05 09:32:21.060,3.342,1000
2020-08-05 09:32:21.060,3.342,232000
2020-08-05 09:32:21.300,3.342,101300
2020-08-05 09:32:21.300,3.342,5000
2020-08-05 09:32:21.300,3.342,193700
2020-08-05 09:32:21.540,3.342,40000
2020-08-05 09:32:22.110,3.342,300000
2020-08-05 09:32:22.110,3.342,293200
2020-08-05 09:32:22.110,3.342,6800
2020-08-05 09:32:22.110,3.342,30000
2020-08-05 09:32:22.390,3.342,300000
2020-08-05 09:32:22.730,3.342,6300
2020-08-05 09:32:23.220,3.342,200
2020-08-05 09:32:23.490,3.342,30000
2020-08-05 09:32:23.520,3.341,200
2020-08-05 09:32:23.750,3.342,100000
2020-08-05 09:32:23.860,3.342,100
2020-08-05 09:32:24.240,3.342,40000
2020-08-05 09:32:25.490,3.342,3000
2020-08-05 09:32:25.750,3.341,4600
2020-08-05 09:32:25.750,3.341,20000
2020-08-05 09:32:25.750,3.341,7200
2020-08-05 09:32:25.750,3.341,5700
2020-08-05 09:32:25.750,3.341,5000
2020-08-05 09:32:25.750,3.341,7000
2020-08-05 09:32:25.750,3.341,10000
2020-08-05 09:32:25.750,3.341,10000
2020-08-05 09:32:25.750,3.341,4500
2020-08-05 09:32:25.750,3.341,5000
2020-08-05 09:32:25.750,3.341,30000
2020-08-05 09:32:25.750,3.341,1000
2020-08-05 09:32:25.750,3.341,40000
2020-08-05 09:32:25.750,3.341,20000
2020-08-05 09:32:25.750,3.341,200
2020-08-05 09:32:25.750,3.341,200
2020-08-05 09:32:25.750,3.341,700
2020-08-05 09:32:25.750,3.341,40000
2020-08-05 09:32:25.750,3.341,10000
2020-08-05 09:32:25.750,3.341,100
2020-08-05 09:32:25.750,3.341,500
2020-08-05 09:32:25.750,3.341,1000
2020-08-05 09:32:25.750,3.341,2000
2020-08-05 09:32:25.750,3.341,1000
2020-08-05 09:32:25.750,3.341,15100
2020-08-05 09:32:25.750,3.341,2000
2020-08-05 09:32:25.990,3.34,100
2020-08-05 09:32:25.990,3.34,2000
2020-08-05 09:32:25.990,3.34,1000
2020-08-05 09:32:25.990,3.34,200
2020-08-05 09:32:25.990,3.34,5000
2020-08-05 09:32:25.990,3.34,100
2020-08-05 09:32:25.990,3.34,2000
2020-08-05 09:32:25.990,3.34,1000
2020-08-05 09:32:25.990,3.34,1000
2020-08-05 09:32:25.990,3.34,2000
2020-08-05 09:32:25.990,3.34,3000
2020-08-05 09:32:25.990,3.34,10000
2020-08-05 09:32:25.990,3.34,3000
2020-08-05 09:32:25.990,3.34,1500
2020-08-05 09:32:25.990,3.34,6000
2020-08-05 09:32:25.990,3.34,1000
2020-08-05 09:32:25.990,3.34,1000
2020-08-05 09:32:25.990,3.34,6000
2020-08-05 09:32:25.990,3.34,10000
2020-08-05 09:32:25.990,3.34,1000
2020-08-05 09:32:25.990,3.34,200
2020-08-05 09:32:25.990,3.34,5000
2020-08-05 09:32:25.990,3.34,200
2020-08-05 09:32:25.990,3.34,2000
2020-08-05 09:32:25.990,3.34,1000
2020-08-05 09:32:25.990,3.34,10000
2020-08-05 09:32:25.990,3.34,1000
2020-08-05 09:32:25.990,3.34,5000
2020-08-05 09:32:25.990,3.34,30000
2020-08-05 09:32:25.990,3.34,10000
2020-08-05 09:32:25.990,3.34,6000
2020-08-05 09:32:25.990,3.34,1000
2020-08-05 09:32:25.990,3.34,500
2020-08-05 09:32:25.990,3.34,100000
2020-08-05 09:32:25.990,3.34,60000
2020-08-05 09:32:25.990,3.34,4500
2020-08-05 09:32:25.990,3.34,2000
2020-08-05 09:32:25.990,3.34,10000
2020-08-05 09:32:25.990,3.34,17200
2020-08-05 09:32:25.990,3.34,500
2020-08-05 09:32:25.990,3.34,300
2020-08-05 09:32:25.990,3.34,2000
2020-08-05 09:32:25.990,3.34,200
2020-08-05 09:32:25.990,3.34,100
2020-08-05 09:32:25.990,3.34,1900
2020-08-05 09:32:25.990,3.34,400
2020-08-05 09:32:25.990,3.34,500
2020-08-05 09:32:25.990,3.34,4500
2020-08-05 09:32:25.990,3.34,30000
2020-08-05 09:32:25.990,3.34,7400
2020-08-05 09:32:25.990,3.34,30000
2020-08-05 09:32:25.990,3.34,40000
2020-08-05 09:32:25.990,3.34,14900
2020-08-05 09:32:25.990,3.34,4000
2020-08-05 09:32:25.990,3.34,1000
2020-08-05 09:32:25.990,3.34,300
2020-08-05 09:32:25.990,3.34,100
2020-08-05 09:32:25.990,3.34,30000
2020-08-05 09:32:25.990,3.34,5000
2020-08-05 09:32:25.990,3.34,30000
2020-08-05 09:32:25.990,3.34,40000
2020-08-05 09:32:25.990,3.34,300000
2020-08-05 09:32:25.990,3.34,400
2020-08-05 09:32:26.020,3.34,100
2020-08-05 09:32:26.470,3.34,30000
2020-08-05 09:32:26.520,3.34,1500
2020-08-05 09:32:26.520,3.34,2400
2020-08-05 09:32:26.520,3.341,27600
2020-08-05 09:32:26.520,3.341,30000
2020-08-05 09:32:26.550,3.341,100000
2020-08-05 09:32:26.740,3.341,50000
2020-08-05 09:32:26.740,3.341,50000
2020-08-05 09:32:26.740,3.341,50000
2020-08-05 09:32:27.010,3.341,30000
2020-08-05 09:32:27.010,3.341,40000
2020-08-05 09:32:27.040,3.341,30000
2020-08-05 09:32:27.190,3.341,30000
2020-08-05 09:32:27.380,3.341,219600
2020-08-05 09:32:27.380,3.341,1100
2020-08-05 09:32:27.380,3.341,21000
2020-08-05 09:32:27.760,3.342,10000
2020-08-05 09:32:27.880,3.342,500
2020-08-05 09:32:28.210,3.342,1800
2020-08-05 09:32:28.320,3.342,300000
2020-08-05 09:32:28.590,3.341,58300
2020-08-05 09:32:28.590,3.341,30000
2020-08-05 09:32:28.650,3.341,50000
2020-08-05 09:32:28.830,3.341,800
2020-08-05 09:32:28.860,3.341,100000
2020-08-05 09:32:28.860,3.341,300000
2020-08-05 09:32:28.920,3.341,10000
2020-08-05 09:32:28.920,3.341,100
2020-08-05 09:32:29.070,3.341,30000
2020-08-05 09:32:29.210,3.341,50000
2020-08-05 09:32:29.360,3.341,1800
2020-08-05 09:32:29.360,3.341,20000
2020-08-05 09:32:29.580,3.341,30000
2020-08-05 09:32:29.580,3.341,30000
2020-08-05 09:32:29.840,3.341,10000
2020-08-05 09:32:29.930,3.341,172279
2020-08-05 09:32:29.930,3.341,127721
2020-08-05 09:32:30.100,3.341,154179
2020-08-05 09:32:30.100,3.341,500
2020-08-05 09:32:30.570,3.342,100
2020-08-05 09:32:30.630,3.342,12000
2020-08-05 09:32:30.690,3.341,10300
2020-08-05 09:32:31.920,3.341,2000
2020-08-05 09:32:32.480,3.341,100
2020-08-05 09:32:32.700,3.341,132921
2020-08-05 09:32:32.700,3.341,40000
2020-08-05 09:32:32.700,3.341,12000
2020-08-05 09:32:32.700,3.341,30000
2020-08-05 09:32:32.700,3.341,30000
2020-08-05 09:32:32.700,3.341,5000
2020-08-05 09:32:32.700,3.341,50000
2020-08-05 09:32:32.700,3.341,300000
2020-08-05 09:32:32.700,3.341,30000
2020-08-05 09:32:32.800,3.341,143079
2020-08-05 09:32:32.890,3.341,70700
2020-08-05 09:32:32.970,3.341,86221
2020-08-05 09:32:32.970,3.34,30000
2020-08-05 09:32:32.970,3.34,183979
2020-08-05 09:32:33.860,3.342,59200
2020-08-05 09:32:33.860,3.342,5900
2020-08-05 09:32:33.860,3.342,1000
2020-08-05 09:32:33.860,3.342,1100
2020-08-05 09:32:33.860,3.342,232800
2020-08-05 09:32:34.340,3.341,100000
2020-08-05 09:32:34.340,3.341,1000
2020-08-05 09:32:34.340,3.341,30000
2020-08-05 09:32:34.400,3.341,300000
2020-08-05 09:32:34.400,3.341,300000
2020-08-05 09:32:34.400,3.341,169000
2020-08-05 09:32:34.400,3.342,131000
2020-08-05 09:32:34.520,3.342,30000
2020-08-05 09:32:34.780,3.341,30000
2020-08-05 09:32:34.780,3.341,30000
2020-08-05 09:32:34.780,3.341,50000
2020-08-05 09:32:34.780,3.341,50000
2020-08-05 09:32:34.780,3.341,50000
2020-08-05 09:32:34.840,3.341,100
2020-08-05 09:32:35.060,3.341,20000
2020-08-05 09:32:35.240,3.341,100000
2020-08-05 09:32:35.390,3.341,40000
2020-08-05 09:32:35.820,3.341,5000
2020-08-05 09:32:36.000,3.341,30000
2020-08-05 09:32:36.000,3.341,30000
2020-08-05 09:32:36.070,3.341,300000
2020-08-05 09:32:36.070,3.341,164900
2020-08-05 09:32:36.070,3.341,135100
2020-08-05 09:32:36.070,3.341,300000
2020-08-05 09:32:36.070,3.341,300000
2020-08-05 09:32:36.070,3.341,164900
2020-08-05 09:32:36.070,3.341,135100
2020-08-05 09:32:36.070,3.341,300000
2020-08-05 09:32:36.380,3.341,300000
2020-08-05 09:32:36.540,3.341,30000
2020-08-05 09:32:36.730,3.341,30000
2020-08-05 09:32:37.280,3.341,10000
2020-08-05 09:32:37.340,3.341,94900
2020-08-05 09:32:37.340,3.341,5500
2020-08-05 09:32:37.340,3.341,200
2020-08-05 09:32:38.470,3.341,199400
2020-08-05 09:32:38.470,3.341,300000
2020-08-05 09:32:38.470,3.341,40000
2020-08-05 09:32:38.470,3.341,100000
2020-08-05 09:32:39.000,3.341,260600
2020-08-05 09:32:39.000,3.342,39400
2020-08-05 09:32:39.230,3.341,12200
2020-08-05 09:32:39.380,3.342,100
2020-08-05 09:32:39.490,3.341,6200
2020-08-05 09:32:40.250,3.341,3000
2020-08-05 09:32:40.950,3.342,300000
2020-08-05 09:32:40.950,3.342,166700
2020-08-05 09:32:40.950,3.342,8500
2020-08-05 09:32:40.950,3.342,2000
2020-08-05 09:32:40.950,3.342,3000
2020-08-05 09:32:40.950,3.342,10000
2020-08-05 09:32:40.950,3.342,109800
2020-08-05 09:32:41.190,3.341,30000
2020-08-05 09:32:41.390,3.341,10000
2020-08-05 09:32:41.540,3.341,238600
2020-08-05 09:32:41.540,3.341,28700
2020-08-05 09:32:41.540,3.341,3200
2020-08-05 09:32:41.540,3.341,5000
2020-08-05 09:32:41.540,3.341,50000
2020-08-05 09:32:41.540,3.341,50000
2020-08-05 09:32:41.540,3.34,316021
2020-08-05 09:32:41.540,3.34,3000
2020-08-05 09:32:41.540,3.34,30000
2020-08-05 09:32:41.540,3.34,100
2020-08-05 09:32:41.540,3.34,40000
2020-08-05 09:32:41.540,3.34,98000
2020-08-05 09:32:41.540,3.34,30000
2020-08-05 09:32:41.540,3.34,2500
2020-08-05 09:32:41.540,3.34,4879
2020-08-05 09:32:42.200,3.341,40000
2020-08-05 09:32:42.660,3.341,1000
2020-08-05 09:32:43.090,3.341,600
2020-08-05 09:32:43.250,3.341,3000
2020-08-05 09:32:43.740,3.341,255400
2020-08-05 09:32:43.740,3.341,4500
2020-08-05 09:32:43.740,3.34,9921
2020-08-05 09:32:43.740,3.34,100
2020-08-05 09:32:43.740,3.34,1000
2020-08-05 09:32:43.740,3.34,10000
2020-08-05 09:32:43.740,3.34,8700
2020-08-05 09:32:43.740,3.34,5000
2020-08-05 09:32:43.740,3.34,500
2020-08-05 09:32:44.240,3.34,1000
2020-08-05 09:32:44.540,3.34,40000
2020-08-05 09:32:44.910,3.34,1800
2020-08-05 09:32:45.040,3.34,10000
2020-08-05 09:32:45.040,3.34,60000
2020-08-05 09:32:45.040,3.34,10000
2020-08-05 09:32:45.040,3.34,300000
2020-08-05 09:32:45.040,3.34,182079
2020-08-05 09:32:45.040,3.34,117921
2020-08-05 09:32:45.350,3.34,166179
2020-08-05 09:32:45.350,3.34,133821
2020-08-05 09:32:45.760,3.34,30000
2020-08-05 09:32:46.010,3.34,300000
2020-08-05 09:32:46.010,3.34,300000
2020-08-05 09:32:46.180,3.34,10000
2020-08-05 09:32:46.540,3.34,126179
2020-08-05 09:32:46.540,3.34,500
2020-08-05 09:32:46.540,3.34,4000
2020-08-05 09:32:46.540,3.34,5000
2020-08-05 09:32:46.870,3.341,100000
2020-08-05 09:32:47.200,3.341,298600
2020-08-05 09:32:48.090,3.341,100000
2020-08-05 09:32:48.360,3.341,300000
2020-08-05 09:32:49.150,3.341,3000
2020-08-05 09:32:50.980,3.341,78400
2020-08-05 09:32:50.980,3.341,20000
2020-08-05 09:32:50.980,3.341,100
2020-08-05 09:32:50.980,3.341,6000
2020-08-05 09:32:50.980,3.341,23100
2020-08-05 09:32:51.260,3.341,1800
2020-08-05 09:32:51.500,3.342,500
2020-08-05 09:32:52.390,3.341,34400
2020-08-05 09:32:52.460,3.341,5500
2020-08-05 09:32:52.760,3.341,200
2020-08-05 09:32:53.340,3.341,500
2020-08-05 09:32:53.340,3.341,130000
2020-08-05 09:32:53.340,3.341,1000
2020-08-05 09:32:53.340,3.341,20000
2020-08-05 09:32:53.340,3.34,149200
2020-08-05 09:32:54.760,3.34,5000
2020-08-05 09:32:54.790,3.34,10121
2020-08-05 09:32:54.790,3.34,1779
2020-08-05 09:32:56.420,3.341,10000
2020-08-05 09:32:56.420,3.341,7300
2020-08-05 09:32:57.000,3.34,38221
2020-08-05 09:32:57.000,3.34,50000
2020-08-05 09:32:57.000,3.34,500
2020-08-05 09:32:57.000,3.34,2300
2020-08-05 09:32:57.000,3.34,7000
2020-08-05 09:32:57.000,3.34,879
2020-08-05 09:32:57.380,3.341,2900
2020-08-05 09:32:57.410,3.341,500
2020-08-05 09:32:58.900,3.341,300
2020-08-05 09:32:58.990,3.341,96300
2020-08-05 09:32:58.990,3.341,20000
2020-08-05 09:33:00.080,3.341,300000
2020-08-05 09:33:00.240,3.341,300000
2020-08-05 09:33:00.340,3.341,183700
2020-08-05 09:33:00.340,3.341,116300
2020-08-05 09:33:00.340,3.341,300000
2020-08-05 09:33:00.340,3.341,300000
2020-08-05 09:33:00.430,3.34,100
2020-08-05 09:33:00.520,3.341,183700
2020-08-05 09:33:00.520,3.341,4100
2020-08-05 09:33:00.520,3.341,112200
2020-08-05 09:33:00.750,3.34,3500
2020-08-05 09:33:00.850,3.34,15521
2020-08-05 09:33:00.850,3.34,100000
2020-08-05 09:33:00.850,3.34,3000
2020-08-05 09:33:00.850,3.34,30000
2020-08-05 09:33:00.850,3.34,2479
2020-08-05 09:33:01.370,3.341,50000
2020-08-05 09:33:01.500,3.341,40000
2020-08-05 09:33:01.720,3.341,300000
2020-08-05 09:33:02.620,3.341,200
2020-08-05 09:33:02.820,3.34,231200
2020-08-05 09:33:03.130,3.341,300000
2020-08-05 09:33:03.570,3.341,100
2020-08-05 09:33:05.020,3.341,100
2020-08-05 09:33:05.120,3.341,12000
2020-08-05 09:33:05.520,3.341,1500
2020-08-05 09:33:05.900,3.341,5000
2020-08-05 09:33:06.560,3.34,500
2020-08-05 09:33:06.780,3.341,1000
2020-08-05 09:33:06.860,3.341,200
2020-08-05 09:33:07.360,3.34,1600
2020-08-05 09:33:08.460,3.34,13900
2020-08-05 09:33:08.460,3.341,5300
2020-08-05 09:33:08.930,3.34,2400
2020-08-05 09:33:10.710,3.341,9000
2020-08-05 09:33:11.180,3.34,900
2020-08-05 09:33:11.920,3.341,30740
2020-08-05 09:33:11.920,3.341,2000
2020-08-05 09:33:11.920,3.341,2000
2020-08-05 09:33:11.920,3.341,4000
2020-08-05 09:33:11.920,3.341,261260
2020-08-05 09:33:11.920,3.341,300000
2020-08-05 09:33:12.250,3.341,300000
2020-08-05 09:33:12.410,3.341,38740
2020-08-05 09:33:12.410,3.341,300
2020-08-05 09:33:12.410,3.341,260960
2020-08-05 09:33:12.650,3.341,5000
2020-08-05 09:33:13.930,3.34,4600
2020-08-05 09:33:14.050,3.34,10000
2020-08-05 09:33:14.050,3.341,100
2020-08-05 09:33:14.110,3.341,500
2020-08-05 09:33:15.460,3.34,5000
2020-08-05 09:33:15.560,3.34,19600
2020-08-05 09:33:15.840,3.34,3821
2020-08-05 09:33:15.840,3.34,179
2020-08-05 09:33:16.450,3.34,500
2020-08-05 09:33:16.800,3.341,100000
2020-08-05 09:33:17.250,3.341,300000
2020-08-05 09:33:17.830,3.341,10000
2020-08-05 09:33:17.960,3.341,1000
2020-08-05 09:33:17.990,3.34,100
2020-08-05 09:33:19.150,3.34,921
2020-08-05 09:33:19.150,3.34,200
2020-08-05 09:33:19.150,3.34,3000
2020-08-05 09:33:19.150,3.34,1979
2020-08-05 09:33:19.180,3.34,3000
2020-08-05 09:33:19.880,3.34,2621
2020-08-05 09:33:19.880,3.34,2300
2020-08-05 09:33:19.880,3.34,40079
2020-08-05 09:33:20.490,3.341,12600
2020-08-05 09:33:20.550,3.34,300
2020-08-05 09:33:21.360,3.34,5000
2020-08-05 09:33:21.860,3.34,16100
2020-08-05 09:33:21.920,3.341,8000
2020-08-05 09:33:22.740,3.341,201840
2020-08-05 09:33:22.740,3.341,3000
2020-08-05 09:33:22.740,3.342,2000
2020-08-05 09:33:22.740,3.342,17100
2020-08-05 09:33:22.740,3.342,20000
2020-08-05 09:33:22.740,3.342,1000
2020-08-05 09:33:22.740,3.342,3000
2020-08-05 09:33:22.740,3.342,800
2020-08-05 09:33:22.740,3.342,10000
2020-08-05 09:33:22.740,3.342,3000
2020-08-05 09:33:22.740,3.342,6700
2020-08-05 09:33:22.740,3.342,31560
2020-08-05 09:33:23.240,3.34,5000
2020-08-05 09:33:23.600,3.34,133521
2020-08-05 09:33:23.600,3.34,1000
2020-08-05 09:33:23.600,3.34,100
2020-08-05 09:33:23.600,3.34,65379
2020-08-05 09:33:24.260,3.34,34621
2020-08-05 09:33:24.260,3.34,6000
2020-08-05 09:33:24.260,3.34,500
2020-08-05 09:33:24.260,3.34,13400
2020-08-05 09:33:24.260,3.34,1000
2020-08-05 09:33:24.260,3.34,100000
2020-08-05 09:33:24.260,3.34,1000
2020-08-05 09:33:24.260,3.34,100000
2020-08-05 09:33:24.260,3.34,16700
2020-08-05 09:33:24.260,3.34,36000
2020-08-05 09:33:24.260,3.34,3000
2020-08-05 09:33:24.260,3.34,5000
2020-08-05 09:33:24.260,3.34,2500
2020-08-05 09:33:24.260,3.34,1500
2020-08-05 09:33:24.260,3.34,47000
2020-08-05 09:33:24.260,3.34,10000
2020-08-05 09:33:24.530,3.34,800
2020-08-05 09:33:24.950,3.34,300
2020-08-05 09:33:27.610,3.34,3000
2020-08-05 09:33:27.660,3.34,3000
2020-08-05 09:33:27.750,3.34,3000
2020-08-05 09:33:29.750,3.34,1000
2020-08-05 09:33:29.840,3.339,1500
2020-08-05 09:33:29.840,3.339,1500
2020-08-05 09:33:29.840,3.339,200
2020-08-05 09:33:29.840,3.339,100
2020-08-05 09:33:29.840,3.339,3700
2020-08-05 09:33:29.930,3.34,3000
2020-08-05 09:33:31.470,3.339,200
2020-08-05 09:33:32.270,3.339,1100
2020-08-05 09:33:32.270,3.339,1000
2020-08-05 09:33:32.270,3.339,100
2020-08-05 09:33:32.270,3.339,5000
2020-08-05 09:33:32.270,3.339,5000
2020-08-05 09:33:32.270,3.339,4500
2020-08-05 09:33:32.270,3.339,50000
2020-08-05 09:33:32.270,3.339,1000
2020-08-05 09:33:32.270,3.339,1100
2020-08-05 09:33:32.270,3.339,100
2020-08-05 09:33:32.270,3.339,1100
2020-08-05 09:33:32.270,3.339,1000
2020-08-05 09:33:32.270,3.339,1000
2020-08-05 09:33:32.270,3.339,5700
2020-08-05 09:33:32.270,3.339,300
2020-08-05 09:33:32.270,3.339,111700
2020-08-05 09:33:33.330,3.34,5000
2020-08-05 09:33:33.600,3.339,600000
2020-08-05 09:33:33.980,3.34,1000
2020-08-05 09:33:34.260,3.34,10000
2020-08-05 09:33:34.370,3.339,288300
2020-08-05 09:33:34.370,3.339,4500
2020-08-05 09:33:34.370,3.339,1000
2020-08-05 09:33:34.370,3.339,1000
2020-08-05 09:33:34.370,3.339,300
2020-08-05 09:33:34.370,3.339,10000
2020-08-05 09:33:34.370,3.339,10000
2020-08-05 09:33:34.370,3.339,100000
2020-08-05 09:33:34.370,3.339,100
2020-08-05 09:33:34.370,3.338,200
2020-08-05 09:33:34.370,3.338,2000
2020-08-05 09:33:34.370,3.338,100
2020-08-05 09:33:34.370,3.338,1000
2020-08-05 09:33:34.370,3.338,1000
2020-08-05 09:33:34.370,3.338,6000
2020-08-05 09:33:34.370,3.338,5000
2020-08-05 09:33:34.370,3.338,11000
2020-08-05 09:33:34.370,3.338,200
2020-08-05 09:33:34.370,3.338,1000
2020-08-05 09:33:34.370,3.338,5000
2020-08-05 09:33:34.370,3.338,20000
2020-08-05 09:33:34.370,3.338,3000
2020-08-05 09:33:34.370,3.338,5000
2020-08-05 09:33:34.370,3.338,5000
2020-08-05 09:33:34.370,3.338,500
2020-08-05 09:33:34.370,3.338,100
2020-08-05 09:33:34.370,3.338,4500
2020-08-05 09:33:34.370,3.338,10000
2020-08-05 09:33:34.370,3.338,40000
2020-08-05 09:33:34.370,3.338,30000
2020-08-05 09:33:34.370,3.338,4500
2020-08-05 09:33:34.370,3.337,100
2020-08-05 09:33:34.370,3.337,200
2020-08-05 09:33:34.370,3.337,100
2020-08-05 09:33:34.370,3.337,1000
2020-08-05 09:33:34.370,3.337,5000
2020-08-05 09:33:34.370,3.337,200
2020-08-05 09:33:34.370,3.337,10000
2020-08-05 09:33:34.370,3.337,1000
2020-08-05 09:33:34.370,3.337,5000
2020-08-05 09:33:34.370,3.337,4500
2020-08-05 09:33:34.370,3.337,402600
2020-08-05 09:33:34.420,3.337,497400
2020-08-05 09:33:34.590,3.337,12000
2020-08-05 09:33:36.060,3.337,10000
2020-08-05 09:33:36.060,3.337,300000
2020-08-05 09:33:36.220,3.337,10000
2020-08-05 09:33:36.260,3.337,170600
2020-08-05 09:33:36.350,3.339,20000
2020-08-05 09:33:37.070,3.337,1000
2020-08-05 09:33:37.440,3.339,50000
2020-08-05 09:33:37.620,3.339,1000
2020-08-05 09:33:38.280,3.339,46300
2020-08-05 09:33:38.710,3.339,1000
2020-08-05 09:33:39.320,3.339,128400
2020-08-05 09:33:39.920,3.339,6000
2020-08-05 09:33:40.130,3.339,1800
2020-08-05 09:33:42.950,3.338,46000
2020-08-05 09:33:43.010,3.339,200
2020-08-05 09:33:43.100,3.338,4000
2020-08-05 09:33:43.100,3.338,5400
2020-08-05 09:33:43.100,3.337,152485
2020-08-05 09:33:43.410,3.339,8600
2020-08-05 09:33:43.620,3.339,36700
2020-08-05 09:33:43.620,3.339,5400
2020-08-05 09:33:43.620,3.339,900
2020-08-05 09:33:43.620,3.339,4200
2020-08-05 09:33:43.620,3.339,2800
2020-08-05 09:33:43.970,3.338,1200
2020-08-05 09:33:44.710,3.339,600
2020-08-05 09:33:45.450,3.338,2000
2020-08-05 09:33:45.610,3.339,100
2020-08-05 09:33:46.490,3.339,4900
2020-08-05 09:33:46.490,3.339,1500
2020-08-05 09:33:46.490,3.34,293600
2020-08-05 09:33:47.480,3.34,198079
2020-08-05 09:33:47.480,3.34,10000
2020-08-05 09:33:47.480,3.34,100
2020-08-05 09:33:47.480,3.34,29900
2020-08-05 09:33:47.480,3.34,5000
2020-08-05 09:33:47.480,3.34,16700
2020-08-05 09:33:47.480,3.34,8300
2020-08-05 09:33:47.480,3.34,200
2020-08-05 09:33:47.480,3.34,5300
2020-08-05 09:33:47.480,3.34,10000
2020-08-05 09:33:47.480,3.34,3000
2020-08-05 09:33:47.480,3.34,13421
2020-08-05 09:33:48.230,3.338,3300
2020-08-05 09:33:48.440,3.338,3300
2020-08-05 09:33:48.890,3.338,200
2020-08-05 09:33:48.890,3.338,90000
2020-08-05 09:33:48.890,3.338,41500
2020-08-05 09:33:51.690,3.34,5000
2020-08-05 09:33:51.690,3.338,600
2020-08-05 09:33:52.850,3.338,200
2020-08-05 09:33:54.280,3.339,100
2020-08-05 09:33:55.190,3.339,2400
2020-08-05 09:33:56.380,3.338,1700
2020-08-05 09:33:57.140,3.339,5000
2020-08-05 09:33:57.210,3.339,1800
2020-08-05 09:33:58.850,3.34,100
2020-08-05 09:33:59.750,3.339,200
2020-08-05 09:33:59.750,3.339,19800
2020-08-05 09:34:01.020,3.34,200
2020-08-05 09:34:01.020,3.34,1800
2020-08-05 09:34:01.500,3.34,4000
2020-08-05 09:34:01.540,3.339,3500
2020-08-05 09:34:02.030,3.34,44200
2020-08-05 09:34:02.030,3.34,2100
2020-08-05 09:34:02.030,3.34,1900
2020-08-05 09:34:02.030,3.34,251800
2020-08-05 09:34:02.120,3.339,1000
2020-08-05 09:34:02.980,3.339,1400
2020-08-05 09:34:03.820,3.339,200
2020-08-05 09:34:04.500,3.339,121600
2020-08-05 09:34:04.500,3.339,100
2020-08-05 09:34:04.500,3.339,4700
2020-08-05 09:34:05.180,3.339,100
2020-08-05 09:34:06.100,3.339,2000
2020-08-05 09:34:06.660,3.339,40000
2020-08-05 09:34:06.800,3.339,50000
2020-08-05 09:34:06.830,3.339,81800
2020-08-05 09:34:06.830,3.339,2700
2020-08-05 09:34:06.830,3.339,1000
2020-08-05 09:34:06.830,3.339,500
2020-08-05 09:34:06.830,3.34,214000
2020-08-05 09:34:07.840,3.339,17700
2020-08-05 09:34:07.840,3.339,100
2020-08-05 09:34:07.840,3.34,282200
2020-08-05 09:34:08.130,3.339,100
2020-08-05 09:34:08.460,3.339,120000
2020-08-05 09:34:08.610,3.339,103000
2020-08-05 09:34:08.820,3.339,600
2020-08-05 09:34:09.090,3.339,1300
2020-08-05 09:34:09.410,3.339,2000
2020-08-05 09:34:09.720,3.34,2000
2020-08-05 09:34:09.720,3.339,193100
2020-08-05 09:34:12.120,3.338,30000
2020-08-05 09:34:12.560,3.339,8500
2020-08-05 09:34:12.650,3.338,38400
2020-08-05 09:34:12.740,3.339,1000
2020-08-05 09:34:12.740,3.339,400
2020-08-05 09:34:12.770,3.338,5900
2020-08-05 09:34:12.860,3.338,4000
2020-08-05 09:34:13.330,3.338,3900
2020-08-05 09:34:13.620,3.339,100
2020-08-05 09:34:14.000,3.339,400
2020-08-05 09:34:14.120,3.339,2000
2020-08-05 09:34:14.380,3.339,9000
2020-08-05 09:34:14.660,3.339,400
2020-08-05 09:34:14.840,3.339,85100
2020-08-05 09:34:14.840,3.339,10000
2020-08-05 09:34:14.840,3.339,3000
2020-08-05 09:34:14.840,3.339,13000
2020-08-05 09:34:14.840,3.339,400
2020-08-05 09:34:14.840,3.339,10000
2020-08-05 09:34:14.840,3.339,16000
2020-08-05 09:34:14.880,3.339,10000
2020-08-05 09:34:14.970,3.339,400
2020-08-05 09:34:17.260,3.34,6000
2020-08-05 09:34:20.550,3.34,10000
2020-08-05 09:34:21.090,3.339,1500
2020-08-05 09:34:21.740,3.339,30000
2020-08-05 09:34:22.650,3.34,1000
2020-08-05 09:34:23.030,3.34,133000
2020-08-05 09:34:23.030,3.34,6600
2020-08-05 09:34:23.030,3.34,160400
2020-08-05 09:34:23.030,3.339,10000
2020-08-05 09:34:23.680,3.339,6000
2020-08-05 09:34:23.850,3.339,1500
2020-08-05 09:34:23.910,3.34,20000
2020-08-05 09:34:23.910,3.34,10000
2020-08-05 09:34:23.910,3.34,155100
2020-08-05 09:34:23.910,3.34,400
2020-08-05 09:34:24.380,3.341,200
2020-08-05 09:34:24.380,3.341,900
2020-08-05 09:34:24.940,3.341,10000
2020-08-05 09:34:24.940,3.341,290000
2020-08-05 09:34:25.340,3.341,300000
2020-08-05 09:34:25.870,3.34,2800
2020-08-05 09:34:27.350,3.341,103100
2020-08-05 09:34:27.490,3.34,1500
2020-08-05 09:34:27.520,3.34,2500
2020-08-05 09:34:27.900,3.341,206900
2020-08-05 09:34:27.900,3.341,30000
2020-08-05 09:34:28.840,3.341,63100
2020-08-05 09:34:28.840,3.341,12000
2020-08-05 09:34:29.560,3.341,10000
2020-08-05 09:34:29.560,3.341,10000
2020-08-05 09:34:29.560,3.34,30000
2020-08-05 09:34:29.560,3.34,10000
2020-08-05 09:34:31.210,3.34,100
2020-08-05 09:34:31.720,3.34,4000
2020-08-05 09:34:32.100,3.34,900
2020-08-05 09:34:33.210,3.342,400
2020-08-05 09:34:33.210,3.342,300
2020-08-05 09:34:33.210,3.342,4300
2020-08-05 09:34:33.910,3.341,4700
2020-08-05 09:34:34.320,3.341,3100
2020-08-05 09:34:34.320,3.341,5000
2020-08-05 09:34:34.320,3.341,11200
2020-08-05 09:34:34.320,3.34,62700
2020-08-05 09:34:34.320,3.34,2700
2020-08-05 09:34:34.490,3.34,112600
2020-08-05 09:34:36.110,3.341,184700
2020-08-05 09:34:37.160,3.341,700
2020-08-05 09:34:37.540,3.341,40000
2020-08-05 09:34:37.600,3.341,1000
2020-08-05 09:34:37.760,3.341,57500
2020-08-05 09:34:37.840,3.34,10900
2020-08-05 09:34:37.990,3.341,4400
2020-08-05 09:34:38.530,3.341,1000
2020-08-05 09:34:38.960,3.34,5000
2020-08-05 09:34:40.570,3.341,200
2020-08-05 09:34:41.170,3.341,1000
2020-08-05 09:34:42.000,3.341,900
2020-08-05 09:34:42.000,3.341,1700
2020-08-05 09:34:42.030,3.341,2400
2020-08-05 09:34:43.530,3.34,1900
2020-08-05 09:34:43.530,3.341,100000
2020-08-05 09:34:44.930,3.341,7000
2020-08-05 09:34:45.130,3.34,500
2020-08-05 09:34:45.820,3.341,3300
2020-08-05 09:34:45.820,3.341,82200
2020-08-05 09:34:46.090,3.341,500
2020-08-05 09:34:47.120,3.341,10000
2020-08-05 09:34:47.520,3.342,1000
2020-08-05 09:34:47.920,3.341,1000
2020-08-05 09:34:50.800,3.341,11000
2020-08-05 09:34:52.740,3.341,1900
2020-08-05 09:34:52.920,3.342,600
2020-08-05 09:34:53.350,3.341,3300
2020-08-05 09:34:53.690,3.341,11800
2020-08-05 09:34:53.840,3.342,400
2020-08-05 09:34:53.840,3.342,99600
2020-08-05 09:34:54.810,3.342,1400
2020-08-05 09:34:55.030,3.343,50000
2020-08-05 09:34:55.030,3.343,3000
2020-08-05 09:34:55.030,3.343,2800
2020-08-05 09:34:55.030,3.343,10000
2020-08-05 09:34:55.030,3.343,3000
2020-08-05 09:34:55.080,3.343,10000
2020-08-05 09:34:56.500,3.343,21200
2020-08-05 09:34:56.500,3.343,10800
2020-08-05 09:34:58.220,3.343,1000
2020-08-05 09:35:00.110,3.344,6500
2020-08-05 09:35:00.110,3.345,43500
2020-08-05 09:35:01.010,3.343,5000
2020-08-05 09:35:03.390,3.343,283200
2020-08-05 09:35:03.390,3.343,15700
2020-08-05 09:35:03.450,3.343,284300
2020-08-05 09:35:03.450,3.343,15700
2020-08-05 09:35:03.860,3.343,84300
2020-08-05 09:35:03.860,3.343,300000
2020-08-05 09:35:03.860,3.343,100000
2020-08-05 09:35:03.860,3.343,100000
2020-08-05 09:35:04.340,3.343,22700
2020-08-05 09:35:06.140,3.343,23700
2020-08-05 09:35:06.400,3.343,25000
2020-08-05 09:35:06.490,3.343,1500
2020-08-05 09:35:06.620,3.343,156700
2020-08-05 09:35:06.750,3.343,5000
2020-08-05 09:35:07.270,3.343,1000
2020-08-05 09:35:07.990,3.343,5000
2020-08-05 09:35:08.630,3.343,900
2020-08-05 09:35:08.670,3.342,8600
2020-08-05 09:35:08.670,3.342,10000
2020-08-05 09:35:08.670,3.342,10000
2020-08-05 09:35:08.670,3.342,100
2020-08-05 09:35:08.670,3.342,600
2020-08-05 09:35:08.670,3.342,100
2020-08-05 09:35:08.670,3.342,10000
2020-08-05 09:35:09.190,3.342,200
2020-08-05 09:35:09.350,3.341,100
2020-08-05 09:35:09.350,3.341,1900
2020-08-05 09:35:09.350,3.341,10000
2020-08-05 09:35:09.350,3.341,400
2020-08-05 09:35:09.350,3.341,2000
2020-08-05 09:35:09.350,3.341,10000
2020-08-05 09:35:09.350,3.341,25000
2020-08-05 09:35:09.350,3.341,10000
2020-08-05 09:35:09.350,3.341,300
2020-08-05 09:35:09.350,3.341,7000
2020-08-05 09:35:09.350,3.341,10000
2020-08-05 09:35:09.350,3.341,2000
2020-08-05 09:35:09.350,3.341,200
2020-08-05 09:35:09.350,3.341,10000
2020-08-05 09:35:09.350,3.341,500
2020-08-05 09:35:09.350,3.341,9300
2020-08-05 09:35:09.350,3.341,10000
2020-08-05 09:35:09.350,3.341,1000
2020-08-05 09:35:09.350,3.341,45200
2020-08-05 09:35:09.350,3.341,10000
2020-08-05 09:35:09.350,3.341,1000
2020-08-05 09:35:09.350,3.341,2000
2020-08-05 09:35:09.350,3.341,600
2020-08-05 09:35:09.350,3.341,7600
2020-08-05 09:35:09.380,3.341,123900
2020-08-05 09:35:09.380,3.341,76100
2020-08-05 09:35:09.490,3.341,3100
2020-08-05 09:35:09.670,3.341,600
2020-08-05 09:35:10.270,3.341,100000
2020-08-05 09:35:10.330,3.341,2300
2020-08-05 09:35:10.670,3.341,25800
2020-08-05 09:35:11.320,3.34,400
2020-08-05 09:35:11.320,3.34,400
2020-08-05 09:35:11.320,3.34,1500
2020-08-05 09:35:11.320,3.34,300
2020-08-05 09:35:11.320,3.34,1000
2020-08-05 09:35:11.320,3.34,10000
2020-08-05 09:35:11.320,3.34,10000
2020-08-05 09:35:11.320,3.34,40000
2020-08-05 09:35:11.320,3.34,5000
2020-08-05 09:35:11.320,3.34,3000
2020-08-05 09:35:11.320,3.34,1200
2020-08-05 09:35:11.320,3.34,1000
2020-08-05 09:35:11.320,3.34,700
2020-08-05 09:35:11.320,3.34,4700
2020-08-05 09:35:11.320,3.34,15000
2020-08-05 09:35:11.320,3.34,500
2020-08-05 09:35:11.320,3.34,5000
2020-08-05 09:35:11.320,3.34,15000
2020-08-05 09:35:11.320,3.34,20000
2020-08-05 09:35:11.320,3.34,7600
2020-08-05 09:35:11.320,3.34,10000
2020-08-05 09:35:11.320,3.34,4500
2020-08-05 09:35:11.320,3.34,1000
2020-08-05 09:35:11.320,3.34,50000
2020-08-05 09:35:11.320,3.34,20000
2020-08-05 09:35:11.320,3.34,1000
2020-08-05 09:35:11.320,3.34,2000
2020-08-05 09:35:11.320,3.34,500
2020-08-05 09:35:11.320,3.34,3000
2020-08-05 09:35:11.320,3.34,200
2020-08-05 09:35:11.320,3.34,4100
2020-08-05 09:35:11.320,3.34,400
2020-08-05 09:35:11.320,3.34,61000
2020-08-05 09:35:11.380,3.34,39000
2020-08-05 09:35:11.380,3.34,1500
2020-08-05 09:35:11.380,3.34,300
2020-08-05 09:35:11.380,3.339,100
2020-08-05 09:35:11.380,3.339,1000
2020-08-05 09:35:11.380,3.339,500
2020-08-05 09:35:11.380,3.339,10000
2020-08-05 09:35:11.380,3.339,3000
2020-08-05 09:35:11.380,3.339,1500
2020-08-05 09:35:11.380,3.339,3000
2020-08-05 09:35:11.380,3.339,12600
2020-08-05 09:35:11.380,3.339,10000
2020-08-05 09:35:11.380,3.339,25000
2020-08-05 09:35:11.380,3.339,30000
2020-08-05 09:35:11.380,3.339,10000
2020-08-05 09:35:11.380,3.339,100000
2020-08-05 09:35:11.380,3.339,10000
2020-08-05 09:35:11.380,3.338,5000
2020-08-05 09:35:11.380,3.338,1500
2020-08-05 09:35:11.380,3.338,36000
2020-08-05 09:35:11.500,3.341,2100
2020-08-05 09:35:12.540,3.341,100
2020-08-05 09:35:12.670,3.341,600
2020-08-05 09:35:12.730,3.341,500
2020-08-05 09:35:13.120,3.34,100
2020-08-05 09:35:13.580,3.34,900
2020-08-05 09:35:14.090,3.34,3000
2020-08-05 09:35:14.490,3.34,5000
2020-08-05 09:35:15.050,3.34,10000
2020-08-05 09:35:15.560,3.34,3000
2020-08-05 09:35:15.940,3.34,500
2020-08-05 09:35:16.460,3.34,15000
2020-08-05 09:35:17.460,3.34,15000
2020-08-05 09:35:17.850,3.34,2000
2020-08-05 09:35:18.320,3.339,500
2020-08-05 09:35:18.320,3.338,3500
2020-08-05 09:35:19.320,3.339,500
2020-08-05 09:35:20.020,3.339,500
2020-08-05 09:35:20.020,3.338,400
2020-08-05 09:35:20.020,3.338,100000
2020-08-05 09:35:20.020,3.338,100
2020-08-05 09:35:20.020,3.338,2600
2020-08-05 09:35:20.020,3.338,100
2020-08-05 09:35:20.020,3.338,100000
2020-08-05 09:35:20.020,3.338,4700
2020-08-05 09:35:20.020,3.338,91600
2020-08-05 09:35:20.460,3.339,1000
2020-08-05 09:35:20.460,3.338,8400
2020-08-05 09:35:20.460,3.338,20000
2020-08-05 09:35:20.460,3.338,3000
2020-08-05 09:35:20.460,3.338,10000
2020-08-05 09:35:20.460,3.338,10000
2020-08-05 09:35:20.460,3.337,20000
2020-08-05 09:35:20.460,3.337,2000
2020-08-05 09:35:20.460,3.337,2600
2020-08-05 09:35:20.460,3.337,5000
2020-08-05 09:35:20.460,3.337,5000
2020-08-05 09:35:20.460,3.337,300
2020-08-05 09:35:20.460,3.337,100
2020-08-05 09:35:20.460,3.337,2000
2020-08-05 09:35:20.460,3.337,200
2020-08-05 09:35:20.460,3.336,200
2020-08-05 09:35:20.460,3.336,500
2020-08-05 09:35:20.460,3.336,100
2020-08-05 09:35:20.460,3.336,10000
2020-08-05 09:35:20.460,3.336,1000
2020-08-05 09:35:20.460,3.336,6000
2020-08-05 09:35:20.460,3.336,5000
2020-08-05 09:35:20.460,3.336,10000
2020-08-05 09:35:20.460,3.336,4000
2020-08-05 09:35:20.460,3.336,500
2020-08-05 09:35:20.460,3.336,5000
2020-08-05 09:35:20.460,3.336,10100
2020-08-05 09:35:20.460,3.336,2500
2020-08-05 09:35:20.460,3.336,1300
2020-08-05 09:35:20.460,3.336,200
2020-08-05 09:35:20.460,3.336,100
2020-08-05 09:35:20.460,3.336,5000
2020-08-05 09:35:20.460,3.336,100
2020-08-05 09:35:20.460,3.336,1000
2020-08-05 09:35:20.460,3.336,1000
2020-08-05 09:35:20.460,3.336,500
2020-08-05 09:35:20.460,3.336,4500
2020-08-05 09:35:20.460,3.336,400
2020-08-05 09:35:20.460,3.336,100
2020-08-05 09:35:20.460,3.336,4500
2020-08-05 09:35:20.460,3.336,2600
2020-08-05 09:35:20.460,3.336,600
2020-08-05 09:35:20.460,3.336,3000
2020-08-05 09:35:20.460,3.336,130600
2020-08-05 09:35:20.600,3.34,500
2020-08-05 09:35:21.000,3.336,300000
2020-08-05 09:35:21.740,3.338,200
2020-08-05 09:35:22.180,3.337,500
2020-08-05 09:35:22.180,3.336,100
2020-08-05 09:35:22.180,3.336,30000
2020-08-05 09:35:22.180,3.336,40000
2020-08-05 09:35:22.180,3.335,200
2020-08-05 09:35:22.180,3.335,200
2020-08-05 09:35:22.180,3.335,5000
2020-08-05 09:35:22.180,3.335,500
2020-08-05 09:35:22.180,3.335,100
2020-08-05 09:35:22.180,3.335,10000
2020-08-05 09:35:22.180,3.335,500
2020-08-05 09:35:22.180,3.335,200
2020-08-05 09:35:22.180,3.335,4500
2020-08-05 09:35:22.180,3.335,5000
2020-08-05 09:35:22.180,3.335,300
2020-08-05 09:35:22.180,3.335,500
2020-08-05 09:35:22.180,3.335,100000
2020-08-05 09:35:22.180,3.335,100
2020-08-05 09:35:22.180,3.335,1000
2020-08-05 09:35:22.180,3.335,200
2020-08-05 09:35:22.180,3.335,5000
2020-08-05 09:35:22.180,3.335,3000
2020-08-05 09:35:22.180,3.335,100
2020-08-05 09:35:22.180,3.335,93000
2020-08-05 09:35:23.020,3.336,50000
2020-08-05 09:35:23.020,3.336,50000
2020-08-05 09:35:23.020,3.335,7000
2020-08-05 09:35:23.020,3.335,200
2020-08-05 09:35:23.020,3.335,5000
2020-08-05 09:35:23.020,3.335,100
2020-08-05 09:35:23.020,3.335,100
2020-08-05 09:35:23.020,3.335,3000
2020-08-05 09:35:23.020,3.335,4000
2020-08-05 09:35:23.020,3.335,2000
2020-08-05 09:35:23.020,3.335,50000
2020-08-05 09:35:23.020,3.335,1500
2020-08-05 09:35:23.020,3.335,2600
2020-08-05 09:35:23.020,3.335,2600
2020-08-05 09:35:23.020,3.335,1000
2020-08-05 09:35:23.020,3.335,120900
2020-08-05 09:35:23.130,3.336,300
2020-08-05 09:35:23.220,3.336,5000
2020-08-05 09:35:23.830,3.336,5000
2020-08-05 09:35:23.980,3.335,179100
2020-08-05 09:35:23.980,3.335,40000
2020-08-05 09:35:23.980,3.335,30000
2020-08-05 09:35:23.980,3.335,40000
2020-08-05 09:35:23.980,3.334,100
2020-08-05 09:35:23.980,3.334,200
2020-08-05 09:35:23.980,3.334,100
2020-08-05 09:35:23.980,3.334,6000
2020-08-05 09:35:23.980,3.334,4500
2020-08-05 09:35:24.140,3.336,5600
2020-08-05 09:35:25.060,3.335,300000
2020-08-05 09:35:25.480,3.336,1000
2020-08-05 09:35:25.610,3.336,500
2020-08-05 09:35:25.850,3.334,500
2020-08-05 09:35:25.850,3.334,200
2020-08-05 09:35:25.970,3.335,300000
2020-08-05 09:35:26.500,3.335,300000
2020-08-05 09:35:27.000,3.336,30000
2020-08-05 09:35:27.000,3.336,40000
2020-08-05 09:35:27.000,3.336,500
2020-08-05 09:35:27.000,3.335,229500
2020-08-05 09:35:27.270,3.335,16300
2020-08-05 09:35:27.320,3.335,54200
2020-08-05 09:35:27.320,3.335,2600
2020-08-05 09:35:27.770,3.338,3000
2020-08-05 09:35:28.150,3.338,190000
2020-08-05 09:35:29.320,3.338,100000
2020-08-05 09:35:29.790,3.338,2900
2020-08-05 09:35:31.660,3.337,58800
2020-08-05 09:35:31.690,3.337,1000
2020-08-05 09:35:32.760,3.337,15100
2020-08-05 09:35:33.710,3.338,300
2020-08-05 09:35:33.790,3.337,225100
2020-08-05 09:35:33.850,3.337,5000
2020-08-05 09:35:34.040,3.337,1000
2020-08-05 09:35:34.250,3.337,3000
2020-08-05 09:35:34.360,3.337,100
2020-08-05 09:35:34.480,3.337,30000
2020-08-05 09:35:36.640,3.337,5000
2020-08-05 09:35:37.090,3.337,3100
2020-08-05 09:35:37.970,3.337,300
2020-08-05 09:35:38.460,3.337,4500
2020-08-05 09:35:39.070,3.337,22900
2020-08-05 09:35:39.070,3.337,600
2020-08-05 09:35:39.070,3.337,76500
2020-08-05 09:35:39.130,3.337,20600
2020-08-05 09:35:39.130,3.337,6300
2020-08-05 09:35:39.130,3.338,1200
2020-08-05 09:35:39.130,3.339,100
2020-08-05 09:35:39.130,3.339,71800
2020-08-05 09:35:39.860,3.338,3500
2020-08-05 09:35:40.560,3.338,500
2020-08-05 09:35:40.860,3.338,30000
2020-08-05 09:35:41.730,3.338,21900
2020-08-05 09:35:42.690,3.338,18100
2020-08-05 09:35:44.890,3.339,100
2020-08-05 09:35:45.290,3.338,15000
2020-08-05 09:35:45.460,3.338,10000
2020-08-05 09:35:45.660,3.339,3200
2020-08-05 09:35:46.200,3.339,14900
2020-08-05 09:35:46.200,3.339,5500
2020-08-05 09:35:46.200,3.339,29600
2020-08-05 09:35:47.850,3.338,50000
2020-08-05 09:35:49.520,3.338,3000
2020-08-05 09:35:50.020,3.338,12400
2020-08-05 09:35:50.950,3.338,40000
2020-08-05 09:35:51.110,3.338,95600
2020-08-05 09:35:51.110,3.338,38200
2020-08-05 09:35:51.110,3.338,500
2020-08-05 09:35:51.110,3.338,2500
2020-08-05 09:35:51.110,3.338,1000
2020-08-05 09:35:51.110,3.338,400
2020-08-05 09:35:52.290,3.338,1800
2020-08-05 09:35:52.780,3.337,1100
2020-08-05 09:35:54.330,3.338,100000
2020-08-05 09:35:54.670,3.338,200
2020-08-05 09:35:56.040,3.338,200
2020-08-05 09:35:56.040,3.338,9800
2020-08-05 09:35:57.280,3.337,28900
2020-08-05 09:35:57.280,3.337,10000
2020-08-05 09:35:57.280,3.337,200
2020-08-05 09:35:57.280,3.337,20000
2020-08-05 09:35:57.280,3.337,1000
2020-08-05 09:35:57.280,3.337,3000
2020-08-05 09:35:57.280,3.337,2000
2020-08-05 09:35:57.900,3.337,54200
2020-08-05 09:35:58.260,3.337,5000
2020-08-05 09:35:58.440,3.337,10000
2020-08-05 09:35:59.120,3.337,10000
2020-08-05 09:35:59.120,3.337,15000
2020-08-05 09:36:00.730,3.337,15000
2020-08-05 09:36:01.310,3.337,5100
2020-08-05 09:36:01.310,3.337,300
2020-08-05 09:36:01.310,3.337,24600
2020-08-05 09:36:01.860,3.337,3100
2020-08-05 09:36:01.950,3.337,1500
2020-08-05 09:36:02.320,3.337,300
2020-08-05 09:36:02.440,3.336,7000
2020-08-05 09:36:03.810,3.336,200
2020-08-05 09:36:04.360,3.337,12000
2020-08-05 09:36:04.530,3.336,2000
2020-08-05 09:36:04.770,3.337,1300
2020-08-05 09:36:04.830,3.336,1900
2020-08-05 09:36:06.470,3.336,4000
2020-08-05 09:36:07.640,3.337,25900
2020-08-05 09:36:07.920,3.336,23200
2020-08-05 09:36:07.920,3.336,7500
2020-08-05 09:36:07.920,3.336,100
2020-08-05 09:36:07.920,3.336,900
2020-08-05 09:36:07.920,3.336,100000
2020-08-05 09:36:07.920,3.336,100000
2020-08-05 09:36:07.920,3.336,10000
2020-08-05 09:36:07.920,3.336,3000
2020-08-05 09:36:07.920,3.336,1700
2020-08-05 09:36:07.920,3.336,5000
2020-08-05 09:36:07.920,3.336,6500
2020-08-05 09:36:08.370,3.336,31700
2020-08-05 09:36:08.370,3.337,2700
2020-08-05 09:36:08.750,3.337,31400
2020-08-05 09:36:09.650,3.336,200
2020-08-05 09:36:09.960,3.336,5000
2020-08-05 09:36:11.550,3.336,2000
2020-08-05 09:36:11.550,3.336,1000
2020-08-05 09:36:12.080,3.336,291800
2020-08-05 09:36:12.080,3.336,8200
2020-08-05 09:36:12.080,3.336,300000
2020-08-05 09:36:12.080,3.336,291800
2020-08-05 09:36:12.080,3.336,3000
2020-08-05 09:36:12.080,3.336,2000
2020-08-05 09:36:13.100,3.336,3200
2020-08-05 09:36:13.100,3.336,100000
2020-08-05 09:36:13.100,3.336,14600
2020-08-05 09:36:13.490,3.336,1000
2020-08-05 09:36:13.890,3.337,100
2020-08-05 09:36:14.110,3.336,15000
2020-08-05 09:36:15.800,3.337,1400
2020-08-05 09:36:16.110,3.337,1800
2020-08-05 09:36:16.360,3.336,74700
2020-08-05 09:36:16.360,3.336,100000
2020-08-05 09:36:16.540,3.337,27500
2020-08-05 09:36:16.540,3.337,13400
2020-08-05 09:36:16.540,3.337,5700
2020-08-05 09:36:16.540,3.337,5900
2020-08-05 09:36:16.540,3.337,22000
2020-08-05 09:36:16.540,3.337,25500
2020-08-05 09:36:17.030,3.336,16200
2020-08-05 09:36:17.030,3.337,1100
2020-08-05 09:36:17.240,3.337,3600
2020-08-05 09:36:17.860,3.336,78500
2020-08-05 09:36:17.860,3.336,135900
2020-08-05 09:36:18.080,3.337,2000
2020-08-05 09:36:19.130,3.337,500
2020-08-05 09:36:19.220,3.337,5900
2020-08-05 09:36:19.790,3.336,2800
2020-08-05 09:36:19.930,3.336,9000
2020-08-05 09:36:20.060,3.336,10000
2020-08-05 09:36:20.970,3.337,100
2020-08-05 09:36:21.240,3.336,100
2020-08-05 09:36:22.950,3.336,5000
2020-08-05 09:36:23.310,3.337,200
2020-08-05 09:36:23.700,3.336,137200
2020-08-05 09:36:23.700,3.336,500
2020-08-05 09:36:23.700,3.336,20000
2020-08-05 09:36:23.700,3.336,20000
2020-08-05 09:36:23.700,3.336,30000
2020-08-05 09:36:23.700,3.336,1000
2020-08-05 09:36:23.700,3.336,41100
2020-08-05 09:36:23.700,3.336,4000
2020-08-05 09:36:23.700,3.336,2000
2020-08-05 09:36:23.760,3.336,100
2020-08-05 09:36:24.310,3.336,1000
2020-08-05 09:36:26.060,3.336,1000
2020-08-05 09:36:26.120,3.336,100
2020-08-05 09:36:26.890,3.335,4000
2020-08-05 09:36:26.890,3.335,80000
2020-08-05 09:36:26.890,3.335,10000
2020-08-05 09:36:26.890,3.335,5000
2020-08-05 09:36:26.890,3.335,10000
2020-08-05 09:36:26.890,3.335,100
2020-08-05 09:36:26.890,3.335,4000
2020-08-05 09:36:26.890,3.335,10000
2020-08-05 09:36:26.890,3.335,1000
2020-08-05 09:36:26.890,3.335,5000
2020-08-05 09:36:26.890,3.335,100
2020-08-05 09:36:26.890,3.335,20000
2020-08-05 09:36:26.890,3.335,10000
2020-08-05 09:36:26.890,3.335,1700
2020-08-05 09:36:26.890,3.335,10000
2020-08-05 09:36:26.890,3.335,1000
2020-08-05 09:36:26.890,3.335,10000
2020-08-05 09:36:26.890,3.335,1000
2020-08-05 09:36:26.890,3.335,1400
2020-08-05 09:36:26.890,3.335,2000
2020-08-05 09:36:26.890,3.335,5800
2020-08-05 09:36:26.890,3.335,10000
2020-08-05 09:36:26.890,3.335,1000
2020-08-05 09:36:26.890,3.335,15000
2020-08-05 09:36:26.890,3.335,10000
2020-08-05 09:36:26.890,3.335,3000
2020-08-05 09:36:26.890,3.335,2000
2020-08-05 09:36:26.890,3.335,100
2020-08-05 09:36:26.890,3.335,5000
2020-08-05 09:36:26.950,3.335,10000
2020-08-05 09:36:27.700,3.335,1000
2020-08-05 09:36:28.030,3.335,2000
2020-08-05 09:36:29.110,3.334,5000
2020-08-05 09:36:29.690,3.334,41100
2020-08-05 09:36:29.800,3.335,100
2020-08-05 09:36:29.860,3.335,2000
2020-08-05 09:36:30.190,3.334,4200
2020-08-05 09:36:30.630,3.334,249500
2020-08-05 09:36:30.630,3.334,10000
2020-08-05 09:36:30.630,3.334,2100
2020-08-05 09:36:30.630,3.334,5000
2020-08-05 09:36:30.630,3.334,8500
2020-08-05 09:36:30.630,3.334,100
2020-08-05 09:36:30.630,3.334,5000
2020-08-05 09:36:30.630,3.334,4500
2020-08-05 09:36:30.630,3.334,200
2020-08-05 09:36:30.630,3.334,100
2020-08-05 09:36:30.630,3.334,15000
2020-08-05 09:36:30.630,3.335,46700
2020-08-05 09:36:30.630,3.335,5000
2020-08-05 09:36:30.880,3.334,26300
2020-08-05 09:36:30.880,3.334,500
2020-08-05 09:36:30.880,3.334,10000
2020-08-05 09:36:30.880,3.334,2900
2020-08-05 09:36:30.880,3.334,1000
2020-08-05 09:36:30.880,3.334,20000
2020-08-05 09:36:30.880,3.334,239300
2020-08-05 09:36:31.270,3.335,100
2020-08-05 09:36:31.420,3.334,300000
2020-08-05 09:36:31.710,3.335,100
2020-08-05 09:36:32.310,3.334,1000
2020-08-05 09:36:33.150,3.333,5000
2020-08-05 09:36:33.150,3.333,200
2020-08-05 09:36:33.150,3.333,33300
2020-08-05 09:36:33.150,3.333,12000
2020-08-05 09:36:33.150,3.333,500
2020-08-05 09:36:33.150,3.333,5000
2020-08-05 09:36:33.150,3.333,9000
2020-08-05 09:36:33.150,3.333,10000
2020-08-05 09:36:33.150,3.333,10000
2020-08-05 09:36:33.150,3.333,500
2020-08-05 09:36:33.150,3.333,3000
2020-08-05 09:36:33.150,3.333,100000
2020-08-05 09:36:33.150,3.333,20000
2020-08-05 09:36:33.150,3.333,5100
2020-08-05 09:36:33.150,3.333,4400
2020-08-05 09:36:33.150,3.333,5000
2020-08-05 09:36:33.150,3.333,200
2020-08-05 09:36:33.150,3.333,6000
2020-08-05 09:36:33.150,3.333,5000
2020-08-05 09:36:33.150,3.333,3000
2020-08-05 09:36:33.150,3.333,3000
2020-08-05 09:36:33.150,3.333,9000
2020-08-05 09:36:33.150,3.333,5000
2020-08-05 09:36:33.150,3.333,100
2020-08-05 09:36:33.150,3.333,20000
2020-08-05 09:36:33.150,3.333,200
2020-08-05 09:36:33.150,3.333,1400
2020-08-05 09:36:33.150,3.333,5000
2020-08-05 09:36:33.150,3.333,4500
2020-08-05 09:36:33.150,3.333,500
2020-08-05 09:36:33.150,3.333,1200
2020-08-05 09:36:33.150,3.333,7000
2020-08-05 09:36:33.150,3.333,5900
2020-08-05 09:36:33.380,3.333,3000
2020-08-05 09:36:34.520,3.334,1500
2020-08-05 09:36:34.670,3.334,1000
2020-08-05 09:36:34.910,3.333,26400
2020-08-05 09:36:34.950,3.333,864700
2020-08-05 09:36:35.010,3.332,3000
2020-08-05 09:36:35.010,3.332,200
2020-08-05 09:36:35.010,3.332,3000
2020-08-05 09:36:35.010,3.332,500
2020-08-05 09:36:35.010,3.332,5300
2020-08-05 09:36:35.850,3.333,100
2020-08-05 09:36:36.160,3.333,10000
2020-08-05 09:36:36.570,3.333,25200
2020-08-05 09:36:36.570,3.333,74800
2020-08-05 09:36:37.110,3.332,700
2020-08-05 09:36:37.110,3.332,2400
2020-08-05 09:36:37.170,3.333,2000
2020-08-05 09:36:37.970,3.332,2600
2020-08-05 09:36:37.970,3.332,10000
2020-08-05 09:36:37.970,3.332,3000
2020-08-05 09:36:37.970,3.332,10500
2020-08-05 09:36:37.970,3.332,100
2020-08-05 09:36:37.970,3.332,5000
2020-08-05 09:36:37.970,3.332,3100
2020-08-05 09:36:37.970,3.332,600
2020-08-05 09:36:37.970,3.332,20000
2020-08-05 09:36:37.970,3.332,20000
2020-08-05 09:36:37.970,3.332,4000
2020-08-05 09:36:37.970,3.332,50000
2020-08-05 09:36:37.970,3.332,20000
2020-08-05 09:36:37.970,3.332,10000
2020-08-05 09:36:37.970,3.332,4000
2020-08-05 09:36:38.560,3.331,10000
2020-08-05 09:36:38.560,3.331,200
2020-08-05 09:36:38.560,3.331,500
2020-08-05 09:36:38.560,3.331,8800
2020-08-05 09:36:38.560,3.331,10000
2020-08-05 09:36:38.560,3.331,600
2020-08-05 09:36:38.860,3.332,5000
2020-08-05 09:36:39.400,3.331,4400
2020-08-05 09:36:39.400,3.331,5000
2020-08-05 09:36:39.400,3.331,11000
2020-08-05 09:36:39.400,3.331,1000
2020-08-05 09:36:39.400,3.331,10000
2020-08-05 09:36:39.400,3.331,200
2020-08-05 09:36:39.400,3.331,3000
2020-08-05 09:36:39.400,3.331,1000
2020-08-05 09:36:39.400,3.331,3000
2020-08-05 09:36:39.400,3.331,500
2020-08-05 09:36:39.400,3.331,500
2020-08-05 09:36:39.400,3.331,5000
2020-08-05 09:36:39.400,3.331,10000
2020-08-05 09:36:39.400,3.331,30000
2020-08-05 09:36:39.400,3.331,2000
2020-08-05 09:36:39.400,3.331,10000
2020-08-05 09:36:39.400,3.331,203400
2020-08-05 09:36:39.580,3.331,12500
2020-08-05 09:36:39.830,3.332,100
2020-08-05 09:36:40.570,3.331,300000
2020-08-05 09:36:40.710,3.332,20000
2020-08-05 09:36:40.890,3.331,300000
2020-08-05 09:36:40.990,3.332,15000
2020-08-05 09:36:41.070,3.332,1000
2020-08-05 09:36:41.410,3.331,4600
2020-08-05 09:36:41.410,3.331,10000
2020-08-05 09:36:41.410,3.33,2000
2020-08-05 09:36:41.410,3.33,3000
2020-08-05 09:36:41.410,3.33,500
2020-08-05 09:36:41.410,3.33,400
2020-08-05 09:36:41.410,3.33,200
2020-08-05 09:36:41.410,3.33,5100
2020-08-05 09:36:41.410,3.33,5000
2020-08-05 09:36:41.410,3.33,5000
2020-08-05 09:36:41.410,3.33,3000
2020-08-05 09:36:41.410,3.33,9000
2020-08-05 09:36:41.410,3.33,20000
2020-08-05 09:36:41.410,3.33,1000
2020-08-05 09:36:41.410,3.33,1000
2020-08-05 09:36:41.410,3.33,600
2020-08-05 09:36:41.410,3.33,600
2020-08-05 09:36:41.410,3.33,2000
2020-08-05 09:36:41.410,3.33,1000
2020-08-05 09:36:41.410,3.33,6000
2020-08-05 09:36:41.410,3.33,5000
2020-08-05 09:36:41.410,3.33,1000
2020-08-05 09:36:41.410,3.33,2500
2020-08-05 09:36:41.410,3.33,15000
2020-08-05 09:36:41.410,3.33,600
2020-08-05 09:36:41.410,3.33,200
2020-08-05 09:36:41.410,3.33,5000
2020-08-05 09:36:41.410,3.33,3500
2020-08-05 09:36:41.410,3.33,1000
2020-08-05 09:36:41.410,3.33,5000
2020-08-05 09:36:41.410,3.33,20000
2020-08-05 09:36:41.410,3.33,15000
2020-08-05 09:36:41.410,3.33,500
2020-08-05 09:36:41.410,3.33,300
2020-08-05 09:36:41.410,3.33,500
2020-08-05 09:36:41.410,3.33,10000
2020-08-05 09:36:41.410,3.33,5000
2020-08-05 09:36:41.410,3.33,500
2020-08-05 09:36:41.410,3.33,100000
2020-08-05 09:36:41.410,3.33,10000
2020-08-05 09:36:41.410,3.33,9700
2020-08-05 09:36:41.410,3.33,9700
2020-08-05 09:36:41.500,3.332,700
2020-08-05 09:36:41.910,3.33,300
2020-08-05 09:36:41.910,3.33,10000
2020-08-05 09:36:41.910,3.33,10000
2020-08-05 09:36:41.910,3.33,7500
2020-08-05 09:36:41.910,3.33,27600
2020-08-05 09:36:41.930,3.33,22400
2020-08-05 09:36:41.930,3.33,2500
2020-08-05 09:36:41.930,3.33,10000
2020-08-05 09:36:41.930,3.33,400
2020-08-05 09:36:41.930,3.33,2000
2020-08-05 09:36:41.930,3.33,100
2020-08-05 09:36:41.930,3.33,5500
2020-08-05 09:36:41.930,3.33,5000
2020-08-05 09:36:41.930,3.33,3000
2020-08-05 09:36:41.930,3.33,100
2020-08-05 09:36:41.930,3.33,2000
2020-08-05 09:36:41.930,3.33,1500
2020-08-05 09:36:41.930,3.33,2000
2020-08-05 09:36:41.930,3.33,100
2020-08-05 09:36:41.930,3.33,10000
2020-08-05 09:36:41.930,3.33,1000
2020-08-05 09:36:41.930,3.33,15000
2020-08-05 09:36:41.930,3.33,100
2020-08-05 09:36:41.930,3.33,300
2020-08-05 09:36:41.930,3.33,3000
2020-08-05 09:36:41.930,3.33,11000
2020-08-05 09:36:41.930,3.33,1000
2020-08-05 09:36:41.930,3.33,100
2020-08-05 09:36:41.930,3.33,7000
2020-08-05 09:36:41.930,3.33,30000
2020-08-05 09:36:41.930,3.33,700
2020-08-05 09:36:41.930,3.33,100
2020-08-05 09:36:41.930,3.33,10000
2020-08-05 09:36:41.930,3.33,800
2020-08-05 09:36:41.930,3.33,200
2020-08-05 09:36:41.930,3.33,1000
2020-08-05 09:36:41.930,3.33,5000
2020-08-05 09:36:41.930,3.33,300
2020-08-05 09:36:41.930,3.33,400
2020-08-05 09:36:41.930,3.33,200
2020-08-05 09:36:41.930,3.33,2000
2020-08-05 09:36:41.930,3.33,5000
2020-08-05 09:36:41.930,3.33,2000
2020-08-05 09:36:41.930,3.33,600
2020-08-05 09:36:41.930,3.33,2600
2020-08-05 09:36:41.930,3.33,300
2020-08-05 09:36:41.930,3.33,1000
2020-08-05 09:36:41.930,3.33,2000
2020-08-05 09:36:41.930,3.33,40700
2020-08-05 09:36:42.420,3.331,100
2020-08-05 09:36:43.210,3.33,42300
2020-08-05 09:36:43.420,3.33,94300
2020-08-05 09:36:44.080,3.331,2000
2020-08-05 09:36:44.140,3.331,500
2020-08-05 09:36:45.590,3.331,5000
2020-08-05 09:36:45.590,3.331,100
2020-08-05 09:36:45.740,3.33,116300
2020-08-05 09:36:45.770,3.33,250000
2020-08-05 09:36:45.920,3.33,20000
2020-08-05 09:36:46.010,3.33,60000
2020-08-05 09:36:46.180,3.331,1200
2020-08-05 09:36:46.570,3.33,210000
2020-08-05 09:36:46.630,3.33,66400
2020-08-05 09:36:46.630,3.33,1000
2020-08-05 09:36:46.630,3.33,300
2020-08-05 09:36:46.630,3.33,1000
2020-08-05 09:36:46.630,3.33,1000
2020-08-05 09:36:46.630,3.33,100
2020-08-05 09:36:46.630,3.33,500
2020-08-05 09:36:46.630,3.33,10000
2020-08-05 09:36:46.630,3.33,5000
2020-08-05 09:36:46.630,3.33,30000
2020-08-05 09:36:47.030,3.329,1500
2020-08-05 09:36:47.030,3.329,1500
2020-08-05 09:36:47.030,3.329,200
2020-08-05 09:36:47.030,3.329,100
2020-08-05 09:36:47.030,3.329,800
2020-08-05 09:36:47.030,3.329,1000
2020-08-05 09:36:47.030,3.329,4900
2020-08-05 09:36:47.030,3.329,5000
2020-08-05 09:36:47.030,3.329,5000
2020-08-05 09:36:47.030,3.329,1000
2020-08-05 09:36:47.030,3.329,200
2020-08-05 09:36:47.030,3.329,4500
2020-08-05 09:36:47.030,3.329,6300
2020-08-05 09:36:47.490,3.329,13700
2020-08-05 09:36:47.490,3.329,10000
2020-08-05 09:36:47.490,3.329,7000
2020-08-05 09:36:47.490,3.329,1000
2020-08-05 09:36:47.580,3.329,10000
2020-08-05 09:36:47.640,3.329,500
2020-08-05 09:36:48.030,3.329,100
2020-08-05 09:36:48.120,3.329,2000
2020-08-05 09:36:48.120,3.329,50000
2020-08-05 09:36:48.210,3.329,3600
2020-08-05 09:36:48.420,3.328,1000
2020-08-05 09:36:48.420,3.328,1000
2020-08-05 09:36:48.420,3.328,100
2020-08-05 09:36:48.420,3.328,200
2020-08-05 09:36:48.420,3.328,100
2020-08-05 09:36:48.420,3.328,2000
2020-08-05 09:36:48.420,3.328,5000
2020-08-05 09:36:48.420,3.328,1000
2020-08-05 09:36:48.420,3.328,6000
2020-08-05 09:36:48.420,3.328,1000
2020-08-05 09:36:48.420,3.328,1000
2020-08-05 09:36:48.420,3.328,1000
2020-08-05 09:36:48.420,3.328,6200
2020-08-05 09:36:48.420,3.328,5000
2020-08-05 09:36:48.420,3.328,3000
2020-08-05 09:36:48.420,3.328,3000
2020-08-05 09:36:48.420,3.328,10000
2020-08-05 09:36:48.420,3.328,200
2020-08-05 09:36:48.420,3.328,200
2020-08-05 09:36:48.420,3.328,10000
2020-08-05 09:36:48.420,3.328,1100
2020-08-05 09:36:48.420,3.328,100
2020-08-05 09:36:48.420,3.328,4800
2020-08-05 09:36:48.420,3.328,2000
2020-08-05 09:36:48.420,3.328,1000
2020-08-05 09:36:48.420,3.328,18800
2020-08-05 09:36:48.420,3.328,215200
2020-08-05 09:36:49.780,3.329,7500
2020-08-05 09:36:49.840,3.329,4500
2020-08-05 09:36:50.020,3.328,95300
2020-08-05 09:36:50.520,3.329,2000
2020-08-05 09:36:52.120,3.329,5000
2020-08-05 09:36:52.150,3.328,69200
2020-08-05 09:36:52.230,3.329,20000
2020-08-05 09:36:52.490,3.329,10200
2020-08-05 09:36:52.490,3.328,30100
2020-08-05 09:36:52.880,3.328,24200
2020-08-05 09:36:52.970,3.329,10000
2020-08-05 09:36:53.270,3.328,7300
2020-08-05 09:36:53.300,3.328,1100
2020-08-05 09:36:53.300,3.328,118600
2020-08-05 09:36:53.300,3.328,4000
2020-08-05 09:36:53.920,3.329,1500
2020-08-05 09:36:54.260,3.328,90000
2020-08-05 09:36:54.360,3.329,10000
2020-08-05 09:36:54.360,3.329,8900
2020-08-05 09:36:54.450,3.328,6100
2020-08-05 09:36:54.590,3.328,6000
2020-08-05 09:36:54.870,3.328,10000
2020-08-05 09:36:55.090,3.329,300
2020-08-05 09:36:55.420,3.329,122200
2020-08-05 09:36:55.420,3.329,8000
2020-08-05 09:36:55.840,3.33,1300
2020-08-05 09:36:55.840,3.33,2200
2020-08-05 09:36:55.920,3.329,3100
2020-08-05 09:36:55.980,3.329,30000
2020-08-05 09:36:56.360,3.329,23500
2020-08-05 09:36:56.420,3.329,10000
2020-08-05 09:36:56.640,3.329,54500
2020-08-05 09:36:57.100,3.329,3000
2020-08-05 09:36:57.130,3.329,1000
2020-08-05 09:36:57.230,3.329,500
2020-08-05 09:36:57.270,3.33,3000
2020-08-05 09:36:57.690,3.329,200
2020-08-05 09:36:57.690,3.329,4000
2020-08-05 09:36:57.690,3.328,10600
2020-08-05 09:36:58.630,3.328,15000
2020-08-05 09:36:58.900,3.328,13300
2020-08-05 09:36:59.080,3.329,2000
2020-08-05 09:36:59.290,3.329,4000
2020-08-05 09:36:59.380,3.33,294800
2020-08-05 09:36:59.380,3.33,5200
2020-08-05 09:36:59.380,3.329,1500
2020-08-05 09:36:59.380,3.33,100
2020-08-05 09:36:59.420,3.329,3700
2020-08-05 09:36:59.420,3.329,36300
2020-08-05 09:36:59.540,3.33,100
2020-08-05 09:36:59.920,3.329,3700
2020-08-05 09:36:59.920,3.329,200
2020-08-05 09:36:59.950,3.329,18700
2020-08-05 09:37:00.370,3.33,700
2020-08-05 09:37:00.370,3.33,60000
2020-08-05 09:37:00.370,3.33,5500
2020-08-05 09:37:00.370,3.33,84700
2020-08-05 09:37:00.370,3.33,1600
2020-08-05 09:37:00.370,3.33,54000
2020-08-05 09:37:00.370,3.33,800
2020-08-05 09:37:00.370,3.331,92700
2020-08-05 09:37:00.480,3.329,10000
2020-08-05 09:37:00.540,3.329,11600
2020-08-05 09:37:00.670,3.329,26100
2020-08-05 09:37:00.780,3.33,4900
2020-08-05 09:37:00.900,3.33,1000
2020-08-05 09:37:00.930,3.33,15000
2020-08-05 09:37:01.040,3.33,39100
2020-08-05 09:37:01.040,3.33,10900
2020-08-05 09:37:01.170,3.33,3000
2020-08-05 09:37:01.290,3.331,198400
2020-08-05 09:37:01.290,3.331,101600
2020-08-05 09:37:01.290,3.331,58400
2020-08-05 09:37:01.290,3.331,13000
2020-08-05 09:37:01.290,3.331,700
2020-08-05 09:37:01.290,3.331,3100
2020-08-05 09:37:01.290,3.331,40100
2020-08-05 09:37:01.290,3.331,1000
2020-08-05 09:37:01.350,3.331,10000
2020-08-05 09:37:01.420,3.331,173700
2020-08-05 09:37:01.420,3.331,298600
2020-08-05 09:37:01.420,3.33,16100
2020-08-05 09:37:01.420,3.33,300000
2020-08-05 09:37:01.420,3.33,40000
2020-08-05 09:37:01.420,3.329,134000
2020-08-05 09:37:01.750,3.33,78300
2020-08-05 09:37:02.050,3.33,20000
2020-08-05 09:37:02.400,3.33,10000
2020-08-05 09:37:02.430,3.33,30200
2020-08-05 09:37:02.460,3.33,8000
2020-08-05 09:37:02.530,3.33,71500
2020-08-05 09:37:02.650,3.33,82000
2020-08-05 09:37:02.650,3.33,40000
2020-08-05 09:37:02.650,3.329,123200
2020-08-05 09:37:02.670,3.329,6000
2020-08-05 09:37:02.800,3.329,20000
2020-08-05 09:37:03.360,3.329,500
2020-08-05 09:37:03.550,3.329,2000
2020-08-05 09:37:03.750,3.329,80000
2020-08-05 09:37:03.790,3.329,22700
2020-08-05 09:37:03.820,3.329,6000
2020-08-05 09:37:03.940,3.329,27900
2020-08-05 09:37:04.060,3.329,10000
2020-08-05 09:37:04.400,3.33,6000
2020-08-05 09:37:04.690,3.332,500
2020-08-05 09:37:05.620,3.332,40000
2020-08-05 09:37:05.990,3.331,1000
2020-08-05 09:37:06.260,3.331,3900
2020-08-05 09:37:06.470,3.331,200
2020-08-05 09:37:06.950,3.332,100
2020-08-05 09:37:07.100,3.331,14900
2020-08-05 09:37:07.180,3.331,1500
2020-08-05 09:37:07.890,3.33,30000
2020-08-05 09:37:07.890,3.33,10900
2020-08-05 09:37:08.120,3.332,9400
2020-08-05 09:37:08.120,3.332,600
2020-08-05 09:37:08.150,3.33,600
2020-08-05 09:37:08.790,3.33,30000
2020-08-05 09:37:10.890,3.331,75200
2020-08-05 09:37:10.890,3.332,2400
2020-08-05 09:37:10.890,3.332,10000
2020-08-05 09:37:10.890,3.332,212400
2020-08-05 09:37:10.910,3.33,10000
2020-08-05 09:37:10.910,3.33,3000
2020-08-05 09:37:10.910,3.33,1000
2020-08-05 09:37:10.910,3.33,2000
2020-08-05 09:37:10.910,3.33,3500
2020-08-05 09:37:10.910,3.329,500
2020-08-05 09:37:11.750,3.33,12100
2020-08-05 09:37:12.310,3.331,40000
2020-08-05 09:37:12.310,3.33,40000
2020-08-05 09:37:12.310,3.329,1200
2020-08-05 09:37:12.310,3.329,35500
2020-08-05 09:37:12.310,3.329,30000
2020-08-05 09:37:12.310,3.329,40000
2020-08-05 09:37:12.310,3.329,8600
2020-08-05 09:37:12.310,3.329,1000
2020-08-05 09:37:12.310,3.329,1000
2020-08-05 09:37:12.310,3.329,100
2020-08-05 09:37:12.310,3.329,6500
2020-08-05 09:37:12.310,3.329,100
2020-08-05 09:37:12.310,3.329,200
2020-08-05 09:37:12.310,3.329,20000
2020-08-05 09:37:12.310,3.329,10000
2020-08-05 09:37:12.310,3.329,60000
2020-08-05 09:37:12.310,3.329,5000
2020-08-05 09:37:12.310,3.329,800
2020-08-05 09:37:12.630,3.329,3900
2020-08-05 09:37:12.630,3.329,600
2020-08-05 09:37:12.850,3.331,2500
2020-08-05 09:37:13.450,3.329,200
2020-08-05 09:37:13.450,3.329,800
2020-08-05 09:37:13.610,3.33,400
2020-08-05 09:37:14.000,3.33,300
2020-08-05 09:37:14.420,3.33,500
2020-08-05 09:37:14.880,3.329,3100
2020-08-05 09:37:15.440,3.329,1100
2020-08-05 09:37:15.440,3.329,500
2020-08-05 09:37:15.440,3.329,298400
2020-08-05 09:37:15.610,3.33,1300
2020-08-05 09:37:15.610,3.33,2300
2020-08-05 09:37:15.610,3.33,400
2020-08-05 09:37:15.610,3.329,300000
2020-08-05 09:37:15.900,3.33,2000
2020-08-05 09:37:15.930,3.329,36500
2020-08-05 09:37:15.960,3.329,90000
2020-08-05 09:37:16.130,3.33,500
2020-08-05 09:37:17.070,3.33,2100
2020-08-05 09:37:17.070,3.33,3000
2020-08-05 09:37:17.070,3.33,600
2020-08-05 09:37:17.070,3.33,4300
2020-08-05 09:37:17.550,3.33,5000
2020-08-05 09:37:17.580,3.33,3000
2020-08-05 09:37:17.810,3.33,100
2020-08-05 09:37:18.180,3.33,800
2020-08-05 09:37:18.630,3.33,50000
2020-08-05 09:37:19.030,3.33,100
2020-08-05 09:37:19.030,3.329,73000
2020-08-05 09:37:19.590,3.329,25000
2020-08-05 09:37:19.690,3.33,11700
2020-08-05 09:37:19.690,3.33,31300
2020-08-05 09:37:19.770,3.33,3000
2020-08-05 09:37:20.660,3.33,100
2020-08-05 09:37:21.080,3.329,77100
2020-08-05 09:37:21.080,3.329,9000
2020-08-05 09:37:21.080,3.329,800
2020-08-05 09:37:21.080,3.329,100000
2020-08-05 09:37:21.080,3.329,5000
2020-08-05 09:37:21.080,3.329,1500
2020-08-05 09:37:21.080,3.329,2000
2020-08-05 09:37:21.390,3.329,500
2020-08-05 09:37:22.310,3.329,3000
2020-08-05 09:37:22.720,3.329,100
2020-08-05 09:37:22.990,3.329,10000
2020-08-05 09:37:23.020,3.328,220400
2020-08-05 09:37:23.490,3.328,10000
2020-08-05 09:37:23.770,3.329,6000
2020-08-05 09:37:23.840,3.329,100
2020-08-05 09:37:24.590,3.329,51000
2020-08-05 09:37:24.680,3.328,6000
2020-08-05 09:37:25.200,3.329,20000
2020-08-05 09:37:25.620,3.329,800
2020-08-05 09:37:25.730,3.329,200
2020-08-05 09:37:25.830,3.328,47600
2020-08-05 09:37:25.830,3.328,3000
2020-08-05 09:37:25.830,3.328,5000
2020-08-05 09:37:25.830,3.328,300
2020-08-05 09:37:25.830,3.328,1000
2020-08-05 09:37:25.830,3.328,5000
2020-08-05 09:37:25.830,3.328,3000
2020-08-05 09:37:25.830,3.328,100
2020-08-05 09:37:25.830,3.328,50000
2020-08-05 09:37:25.830,3.328,1500
2020-08-05 09:37:25.830,3.328,20000
2020-08-05 09:37:25.830,3.328,20000
2020-08-05 09:37:25.830,3.328,400
2020-08-05 09:37:25.830,3.328,10000
2020-08-05 09:37:25.830,3.328,1000
2020-08-05 09:37:25.830,3.328,500
2020-08-05 09:37:25.830,3.328,8000
2020-08-05 09:37:25.830,3.328,5000
2020-08-05 09:37:25.830,3.328,1000
2020-08-05 09:37:25.830,3.328,30000
2020-08-05 09:37:25.830,3.328,40000
2020-08-05 09:37:25.830,3.328,10000
2020-08-05 09:37:25.830,3.328,46300
2020-08-05 09:37:25.950,3.329,12900
2020-08-05 09:37:25.950,3.329,5000
2020-08-05 09:37:25.950,3.329,22100
2020-08-05 09:37:26.000,3.329,30000
2020-08-05 09:37:26.420,3.329,100
2020-08-05 09:37:26.420,3.329,400
2020-08-05 09:37:26.510,3.329,50800
2020-08-05 09:37:26.630,3.328,90000
2020-08-05 09:37:26.840,3.329,1000
2020-08-05 09:37:26.940,3.328,21300
2020-08-05 09:37:27.060,3.329,200
2020-08-05 09:37:27.290,3.328,4500
2020-08-05 09:37:27.320,3.329,1000
2020-08-05 09:37:28.070,3.328,300
2020-08-05 09:37:28.070,3.328,1700
2020-08-05 09:37:28.070,3.329,100
2020-08-05 09:37:28.130,3.329,20000
2020-08-05 09:37:29.190,3.329,6500
2020-08-05 09:37:29.190,3.329,33500
2020-08-05 09:37:29.220,3.329,600
2020-08-05 09:37:29.400,3.328,4000
2020-08-05 09:37:29.750,3.329,3000
2020-08-05 09:37:30.190,3.329,52900
2020-08-05 09:37:30.190,3.329,2100
2020-08-05 09:37:30.190,3.329,2000
2020-08-05 09:37:30.190,3.329,10000
2020-08-05 09:37:30.260,3.329,1800
2020-08-05 09:37:30.290,3.33,100
2020-08-05 09:37:30.560,3.329,221200
2020-08-05 09:37:30.560,3.329,30000
2020-08-05 09:37:30.560,3.329,300000
2020-08-05 09:37:30.560,3.328,6000
2020-08-05 09:37:30.560,3.328,40000
2020-08-05 09:37:30.560,3.328,40000
2020-08-05 09:37:30.560,3.328,30000
2020-08-05 09:37:30.560,3.328,50000
2020-08-05 09:37:30.560,3.328,50000
2020-08-05 09:37:30.560,3.328,50000
2020-08-05 09:37:30.560,3.328,500
2020-08-05 09:37:30.560,3.328,2700
2020-08-05 09:37:30.630,3.328,149600
2020-08-05 09:37:30.670,3.329,150400
2020-08-05 09:37:30.730,3.328,3300
2020-08-05 09:37:30.750,3.328,52100
2020-08-05 09:37:30.790,3.328,3000
2020-08-05 09:37:30.940,3.328,42000
2020-08-05 09:37:31.230,3.329,200
2020-08-05 09:37:31.230,3.329,59800
2020-08-05 09:37:31.470,3.329,30000
2020-08-05 09:37:31.500,3.33,38900
2020-08-05 09:37:31.500,3.33,90000
2020-08-05 09:37:31.500,3.33,12000
2020-08-05 09:37:31.500,3.33,800
2020-08-05 09:37:31.500,3.33,12000
2020-08-05 09:37:31.870,3.329,1000
2020-08-05 09:37:31.940,3.329,30000
2020-08-05 09:37:32.260,3.329,179200
2020-08-05 09:37:32.260,3.329,3600
2020-08-05 09:37:32.590,3.329,3000
2020-08-05 09:37:32.590,3.329,1000
2020-08-05 09:37:32.660,3.329,200
2020-08-05 09:37:32.920,3.329,10000
2020-08-05 09:37:33.130,3.329,105300
2020-08-05 09:37:33.510,3.329,6000
2020-08-05 09:37:33.750,3.329,100000
2020-08-05 09:37:34.870,3.329,70900
2020-08-05 09:37:34.870,3.329,3000
2020-08-05 09:37:34.870,3.329,100000
2020-08-05 09:37:34.870,3.329,1000
2020-08-05 09:37:34.870,3.329,10000
2020-08-05 09:37:34.870,3.329,1000
2020-08-05 09:37:34.870,3.328,52500
2020-08-05 09:37:34.870,3.328,60000
2020-08-05 09:37:34.870,3.328,1000
2020-08-05 09:37:34.870,3.328,1000
2020-08-05 09:37:34.870,3.328,200
2020-08-05 09:37:34.870,3.328,500
2020-08-05 09:37:34.870,3.328,3000
2020-08-05 09:37:34.870,3.328,4800
2020-08-05 09:37:34.870,3.328,40000
2020-08-05 09:37:34.940,3.328,10000
2020-08-05 09:37:35.080,3.328,500
2020-08-05 09:37:35.170,3.328,30000
2020-08-05 09:37:35.540,3.328,22200
2020-08-05 09:37:35.600,3.329,7300
2020-08-05 09:37:36.410,3.33,100
2020-08-05 09:37:36.410,3.329,9900
2020-08-05 09:37:36.880,3.329,4000
2020-08-05 09:37:37.920,3.331,400
2020-08-05 09:37:38.150,3.329,13000
2020-08-05 09:37:39.080,3.329,2000
2020-08-05 09:37:39.520,3.329,21300
2020-08-05 09:37:40.340,3.33,500
2020-08-05 09:37:40.340,3.329,92000
2020-08-05 09:37:40.770,3.329,3100
2020-08-05 09:37:41.060,3.329,125200
2020-08-05 09:37:41.060,3.329,1800
2020-08-05 09:37:41.060,3.329,4000
2020-08-05 09:37:41.060,3.329,2000
2020-08-05 09:37:41.060,3.328,60000
2020-08-05 09:37:41.060,3.328,1500
2020-08-05 09:37:41.060,3.328,100
2020-08-05 09:37:41.060,3.328,5000
2020-08-05 09:37:41.060,3.328,2000
2020-08-05 09:37:41.060,3.328,5000
2020-08-05 09:37:41.060,3.328,300
2020-08-05 09:37:41.060,3.328,32100
2020-08-05 09:37:41.060,3.328,1000
2020-08-05 09:37:41.060,3.328,14000
2020-08-05 09:37:41.060,3.328,30000
2020-08-05 09:37:41.060,3.328,5700
2020-08-05 09:37:41.060,3.328,1500
2020-08-05 09:37:41.060,3.328,8800
2020-08-05 09:37:43.000,3.331,3600
2020-08-05 09:37:43.000,3.331,1400
2020-08-05 09:37:43.030,3.33,10000
2020-08-05 09:37:43.810,3.33,11100
2020-08-05 09:37:44.420,3.33,4700
2020-08-05 09:37:44.970,3.33,3300
2020-08-05 09:37:45.120,3.331,68600
2020-08-05 09:37:45.120,3.331,3500
2020-08-05 09:37:45.630,3.331,500
2020-08-05 09:37:45.780,3.332,40000
2020-08-05 09:37:45.780,3.332,60000
2020-08-05 09:37:46.200,3.331,16400
2020-08-05 09:37:47.900,3.331,2200
2020-08-05 09:37:47.900,3.331,17800
2020-08-05 09:37:49.610,3.331,3000
2020-08-05 09:37:49.890,3.333,100
2020-08-05 09:37:49.890,3.333,13100
2020-08-05 09:37:49.890,3.333,1000
2020-08-05 09:37:49.890,3.333,200
2020-08-05 09:37:49.890,3.333,2000
2020-08-05 09:37:49.890,3.333,2000
2020-08-05 09:37:52.410,3.333,10000
2020-08-05 09:37:52.730,3.333,500
2020-08-05 09:37:53.160,3.334,500
2020-08-05 09:37:53.250,3.334,1000
2020-08-05 09:37:53.390,3.334,2900
2020-08-05 09:37:53.740,3.334,100
2020-08-05 09:37:53.780,3.333,1000
2020-08-05 09:37:53.810,3.333,70100
2020-08-05 09:37:53.810,3.333,100
2020-08-05 09:37:53.810,3.332,20200
2020-08-05 09:37:53.950,3.332,100
2020-08-05 09:37:56.310,3.333,200
2020-08-05 09:37:57.060,3.333,1300
2020-08-05 09:37:58.230,3.332,30000
2020-08-05 09:37:58.490,3.333,200
2020-08-05 09:37:59.750,3.333,21400
2020-08-05 09:38:00.780,3.333,1000
2020-08-05 09:38:00.930,3.333,2000
2020-08-05 09:38:01.490,3.332,49700
2020-08-05 09:38:01.490,3.332,200
2020-08-05 09:38:01.490,3.332,500
2020-08-05 09:38:01.490,3.332,20000
2020-08-05 09:38:01.490,3.332,1000
2020-08-05 09:38:01.930,3.332,18600
2020-08-05 09:38:02.050,3.333,37200
2020-08-05 09:38:02.680,3.333,1000
2020-08-05 09:38:02.760,3.333,100
2020-08-05 09:38:02.980,3.332,300
2020-08-05 09:38:03.700,3.332,500
2020-08-05 09:38:03.780,3.332,2000
2020-08-05 09:38:05.540,3.333,500
2020-08-05 09:38:05.710,3.333,200
2020-08-05 09:38:06.100,3.332,4000
2020-08-05 09:38:06.100,3.332,5000
2020-08-05 09:38:06.500,3.332,100
2020-08-05 09:38:06.530,3.332,50000
2020-08-05 09:38:06.730,3.332,10000
2020-08-05 09:38:06.760,3.332,1000
2020-08-05 09:38:07.030,3.332,10000
2020-08-05 09:38:07.210,3.332,1000
2020-08-05 09:38:07.780,3.331,5000
2020-08-05 09:38:08.040,3.332,1000
2020-08-05 09:38:08.380,3.332,500
2020-08-05 09:38:09.180,3.332,700
2020-08-05 09:38:09.210,3.332,1000
2020-08-05 09:38:09.790,3.332,3700
2020-08-05 09:38:09.820,3.332,20000
2020-08-05 09:38:10.140,3.332,100
2020-08-05 09:38:10.460,3.332,5000
2020-08-05 09:38:11.980,3.331,1900
2020-08-05 09:38:12.940,3.332,100000
2020-08-05 09:38:13.200,3.331,3000
2020-08-05 09:38:15.030,3.331,15000
2020-08-05 09:38:15.190,3.332,900
2020-08-05 09:38:15.590,3.332,6000
2020-08-05 09:38:15.590,3.332,29000
2020-08-05 09:38:15.590,3.332,15000
2020-08-05 09:38:15.660,3.331,15000
2020-08-05 09:38:16.760,3.331,6000
2020-08-05 09:38:16.850,3.331,33300
2020-08-05 09:38:16.850,3.331,1400
2020-08-05 09:38:16.850,3.331,300
2020-08-05 09:38:16.850,3.331,15000
2020-08-05 09:38:17.150,3.332,1000
2020-08-05 09:38:17.200,3.331,6500
2020-08-05 09:38:17.550,3.332,5000
2020-08-05 09:38:18.060,3.332,20000
2020-08-05 09:38:20.360,3.331,4600
2020-08-05 09:38:20.360,3.331,100
2020-08-05 09:38:20.360,3.331,5000
2020-08-05 09:38:20.360,3.331,3000
2020-08-05 09:38:20.360,3.331,200
2020-08-05 09:38:20.360,3.331,1000
2020-08-05 09:38:20.360,3.331,3000
2020-08-05 09:38:20.360,3.331,11600
2020-08-05 09:38:20.850,3.332,4000
2020-08-05 09:38:20.850,3.332,400
2020-08-05 09:38:20.850,3.332,600
2020-08-05 09:38:21.020,3.331,88400
2020-08-05 09:38:21.020,3.331,1000
2020-08-05 09:38:21.020,3.331,600
2020-08-05 09:38:21.260,3.332,1400
2020-08-05 09:38:21.260,3.332,600
2020-08-05 09:38:21.320,3.332,1000
2020-08-05 09:38:21.370,3.331,400
2020-08-05 09:38:21.370,3.331,2000
2020-08-05 09:38:21.370,3.331,5000
2020-08-05 09:38:21.370,3.331,2600
2020-08-05 09:38:22.960,3.332,400
2020-08-05 09:38:22.960,3.332,9600
2020-08-05 09:38:23.050,3.332,2000
2020-08-05 09:38:23.200,3.332,1500
2020-08-05 09:38:23.570,3.332,1900
2020-08-05 09:38:23.570,3.332,1000
2020-08-05 09:38:23.570,3.332,7100
2020-08-05 09:38:24.000,3.331,1800
2020-08-05 09:38:24.030,3.332,10000
2020-08-05 09:38:24.070,3.332,1200
2020-08-05 09:38:24.840,3.332,500000
2020-08-05 09:38:25.770,3.331,5600
2020-08-05 09:38:25.770,3.331,100
2020-08-05 09:38:25.770,3.331,5000
2020-08-05 09:38:25.770,3.331,10500
2020-08-05 09:38:25.930,3.331,19500
2020-08-05 09:38:25.930,3.331,4000
