Datetime,Price,Volume
2020-08-05 09:25:00.730,4.822,400
2020-08-05 09:25:00.730,4.822,10900
2020-08-05 09:25:00.730,4.822,14100
2020-08-05 09:25:00.730,4.822,100
2020-08-05 09:25:00.730,4.822,73800
2020-08-05 09:25:00.730,4.822,3000
2020-08-05 09:25:00.730,4.822,1000
2020-08-05 09:25:00.730,4.822,3100
2020-08-05 09:25:00.730,4.822,200
2020-08-05 09:25:00.730,4.822,6900
2020-08-05 09:25:00.730,4.822,6700
2020-08-05 09:25:00.730,4.822,5000
2020-08-05 09:25:00.730,4.822,2100
2020-08-05 09:25:00.730,4.822,2900
2020-08-05 09:25:00.730,4.822,3400
2020-08-05 09:25:00.730,4.822,5000
2020-08-05 09:25:00.730,4.822,5000
2020-08-05 09:25:00.730,4.822,10000
2020-08-05 09:25:00.730,4.822,2000
2020-08-05 09:25:00.730,4.822,10300
2020-08-05 09:25:00.730,4.822,1000
2020-08-05 09:25:00.730,4.822,8400
2020-08-05 09:25:00.730,4.822,2000
2020-08-05 09:25:00.730,4.822,4200
2020-08-05 09:25:00.730,4.822,1600
2020-08-05 09:25:00.730,4.822,200
2020-08-05 09:25:00.730,4.822,15000
2020-08-05 09:25:00.730,4.822,100
2020-08-05 09:25:00.730,4.822,1600
2020-08-05 09:25:00.730,4.822,3000
2020-08-05 09:25:00.730,4.822,1500
2020-08-05 09:25:00.730,4.822,1900
2020-08-05 09:25:00.730,4.822,20900
2020-08-05 09:25:00.730,4.822,36000
2020-08-05 09:25:00.730,4.822,2000
2020-08-05 09:25:00.730,4.822,1000
2020-08-05 09:25:00.730,4.822,10000
2020-08-05 09:25:00.730,4.822,900
2020-08-05 09:25:00.730,4.822,30100
2020-08-05 09:25:00.730,4.822,900
2020-08-05 09:25:00.730,4.822,100
2020-08-05 09:25:00.730,4.822,1600
2020-08-05 09:25:00.730,4.822,1500
2020-08-05 09:25:00.730,4.822,1500
2020-08-05 09:25:00.730,4.822,100
2020-08-05 09:25:00.730,4.822,2000
2020-08-05 09:25:00.730,4.822,1000
2020-08-05 09:25:00.730,4.822,9100
2020-08-05 09:25:00.730,4.822,10000
2020-08-05 09:25:00.730,4.822,2200
2020-08-05 09:25:00.730,4.822,800
2020-08-05 09:25:00.730,4.822,700
2020-08-05 09:25:00.730,4.822,1300
2020-08-05 09:25:00.730,4.822,500
2020-08-05 09:25:00.730,4.822,2000
2020-08-05 09:25:00.730,4.822,1200
2020-08-05 09:25:00.730,4.822,1000
2020-08-05 09:25:00.730,4.822,2800
2020-08-05 09:25:00.730,4.822,1100
2020-08-05 09:25:00.730,4.822,1000
2020-08-05 09:25:00.730,4.822,100
2020-08-05 09:25:00.730,4.822,100
2020-08-05 09:25:00.730,4.822,100
2020-08-05 09:25:00.730,4.822,700
2020-08-05 09:25:00.730,4.822,500
2020-08-05 09:25:00.730,4.822,100
2020-08-05 09:25:00.730,4.822,100
2020-08-05 09:25:00.730,4.822,100
2020-08-05 09:25:00.730,4.822,100
2020-08-05 09:25:00.730,4.822,300
2020-08-05 09:25:00.730,4.822,600
2020-08-05 09:25:00.730,4.822,1000
2020-08-05 09:25:00.730,4.822,100
2020-08-05 09:25:00.730,4.822,100
2020-08-05 09:25:00.730,4.822,300
2020-08-05 09:25:00.730,4.822,1000
2020-08-05 09:25:00.730,4.822,100
2020-08-05 09:25:00.730,4.822,1000
2020-08-05 09:25:00.730,4.822,200
2020-08-05 09:25:00.730,4.822,1800
2020-08-05 09:25:00.730,4.822,100
2020-08-05 09:25:00.730,4.822,200
2020-08-05 09:25:00.730,4.822,100
2020-08-05 09:25:00.730,4.822,100
2020-08-05 09:25:00.730,4.822,100
2020-08-05 09:25:00.730,4.822,1600
2020-08-05 09:25:00.730,4.822,100
2020-08-05 09:25:00.730,4.822,200
2020-08-05 09:25:00.730,4.822,300
2020-08-05 09:25:00.730,4.822,100
2020-08-05 09:25:00.730,4.822,200
2020-08-05 09:25:00.730,4.822,200
2020-08-05 09:25:00.730,4.822,300
2020-08-05 09:25:00.730,4.822,500
2020-08-05 09:25:00.730,4.822,100
2020-08-05 09:25:00.730,4.822,100
2020-08-05 09:25:00.730,4.822,100
2020-08-05 09:25:00.730,4.822,400
2020-08-05 09:25:00.730,4.822,500
2020-08-05 09:25:00.730,4.822,300
2020-08-05 09:25:00.730,4.822,200
2020-08-05 09:25:00.730,4.822,100
2020-08-05 09:25:00.730,4.822,100
2020-08-05 09:25:00.730,4.822,100
2020-08-05 09:25:00.730,4.822,100
2020-08-05 09:25:00.730,4.822,100
2020-08-05 09:25:00.730,4.822,6700
2020-08-05 09:25:00.730,4.822,100
2020-08-05 09:25:00.730,4.822,3600
2020-08-05 09:25:00.730,4.822,4000
2020-08-05 09:25:00.730,4.822,15000
2020-08-05 09:25:00.730,4.822,41000
2020-08-05 09:25:00.730,4.822,143500
2020-08-05 09:25:00.730,4.822,200
2020-08-05 09:25:00.730,4.822,100
2020-08-05 09:25:00.730,4.822,5000
2020-08-05 09:25:00.730,4.822,35000
2020-08-05 09:25:00.730,4.822,100
2020-08-05 09:25:00.730,4.822,500
2020-08-05 09:25:00.730,4.822,200
2020-08-05 09:25:00.730,4.822,200
2020-08-05 09:25:00.730,4.822,600
2020-08-05 09:25:00.730,4.822,100
2020-08-05 09:25:00.730,4.822,300
2020-08-05 09:25:00.730,4.822,300
2020-08-05 09:25:00.730,4.822,200
2020-08-05 09:25:00.730,4.822,100
2020-08-05 09:25:00.730,4.822,100
2020-08-05 09:25:00.730,4.822,100
2020-08-05 09:25:00.730,4.822,1000
2020-08-05 09:25:00.730,4.822,100
2020-08-05 09:25:00.730,4.822,500
2020-08-05 09:25:00.730,4.822,500
2020-08-05 09:25:00.730,4.822,100
2020-08-05 09:25:00.730,4.822,600
2020-08-05 09:25:00.730,4.822,100
2020-08-05 09:25:00.730,4.822,11800
2020-08-05 09:25:00.730,4.822,100
2020-08-05 09:25:00.730,4.822,300
2020-08-05 09:25:00.730,4.822,100
2020-08-05 09:25:00.730,4.822,1000
2020-08-05 09:25:00.730,4.822,100
2020-08-05 09:25:00.730,4.822,200
2020-08-05 09:25:00.730,4.822,100
2020-08-05 09:25:00.730,4.822,500
2020-08-05 09:25:00.730,4.822,10300
2020-08-05 09:25:00.730,4.822,200
2020-08-05 09:25:00.730,4.822,100
2020-08-05 09:25:00.730,4.822,5000
2020-08-05 09:25:00.730,4.822,500
2020-08-05 09:25:00.730,4.822,10400
2020-08-05 09:25:00.730,4.822,100
2020-08-05 09:25:00.730,4.822,400
2020-08-05 09:25:00.730,4.822,1700
2020-08-05 09:25:00.730,4.822,10000
2020-08-05 09:25:00.730,4.822,100
2020-08-05 09:25:00.730,4.822,800
2020-08-05 09:25:00.730,4.822,500
2020-08-05 09:25:00.730,4.822,500
2020-08-05 09:25:00.730,4.822,10000
2020-08-05 09:25:00.730,4.822,4000
2020-08-05 09:25:00.730,4.822,2100
2020-08-05 09:25:00.730,4.822,1300
2020-08-05 09:25:00.730,4.822,4700
2020-08-05 09:25:00.730,4.822,100
2020-08-05 09:25:00.730,4.822,4500
2020-08-05 09:25:00.730,4.822,1000
2020-08-05 09:25:00.730,4.822,40000
2020-08-05 09:25:00.730,4.822,100
2020-08-05 09:25:00.730,4.822,2300
2020-08-05 09:25:00.730,4.822,1900
2020-08-05 09:25:00.730,4.822,1000
2020-08-05 09:25:00.730,4.822,3000
2020-08-05 09:25:00.730,4.822,153900
2020-08-05 09:25:00.730,4.822,200
2020-08-05 09:25:00.730,4.822,32200
2020-08-05 09:25:00.730,4.822,5000
2020-08-05 09:25:00.730,4.822,2000
2020-08-05 09:25:00.730,4.822,100
2020-08-05 09:25:00.730,4.822,3000
2020-08-05 09:25:00.730,4.822,100
2020-08-05 09:25:00.730,4.822,5000
2020-08-05 09:25:00.730,4.822,5000
2020-08-05 09:25:00.730,4.822,100
2020-08-05 09:25:00.730,4.822,300
2020-08-05 09:25:00.730,4.822,100
2020-08-05 09:25:00.730,4.822,3100
2020-08-05 09:25:00.730,4.822,69600
2020-08-05 09:25:00.730,4.822,3000
2020-08-05 09:25:00.730,4.822,27400
2020-08-05 09:25:00.730,4.822,400
2020-08-05 09:25:00.730,4.822,1500
2020-08-05 09:25:00.730,4.822,700
2020-08-05 09:25:00.730,4.822,800
2020-08-05 09:25:00.730,4.822,100
2020-08-05 09:25:00.730,4.822,100
2020-08-05 09:25:00.730,4.822,500
2020-08-05 09:25:00.730,4.822,5000
2020-08-05 09:30:00.230,4.821,100000
2020-08-05 09:30:00.230,4.821,4000
2020-08-05 09:30:00.660,4.821,110000
2020-08-05 09:30:00.660,4.821,2000
2020-08-05 09:30:00.660,4.82,100
2020-08-05 09:30:00.800,4.82,900
2020-08-05 09:30:00.800,4.82,4100
2020-08-05 09:30:00.940,4.821,100
2020-08-05 09:30:00.940,4.821,3000
2020-08-05 09:30:01.310,4.821,3000
2020-08-05 09:30:01.540,4.821,1000
2020-08-05 09:30:01.540,4.821,18300
2020-08-05 09:30:01.540,4.821,3500
2020-08-05 09:30:02.010,4.82,300
2020-08-05 09:30:02.120,4.821,1000
2020-08-05 09:30:02.230,4.821,100
2020-08-05 09:30:02.230,4.821,1000
2020-08-05 09:30:02.450,4.821,700
2020-08-05 09:30:02.670,4.82,5200
2020-08-05 09:30:02.670,4.821,3300
2020-08-05 09:30:02.670,4.821,400
2020-08-05 09:30:02.840,4.821,400
2020-08-05 09:30:02.970,4.82,28400
2020-08-05 09:30:02.970,4.82,2000
2020-08-05 09:30:02.970,4.82,100
2020-08-05 09:30:02.970,4.82,100
2020-08-05 09:30:02.970,4.82,3000
2020-08-05 09:30:02.970,4.82,10800
2020-08-05 09:30:02.970,4.82,200
2020-08-05 09:30:02.970,4.82,100
2020-08-05 09:30:02.970,4.82,10000
2020-08-05 09:30:02.970,4.82,30000
2020-08-05 09:30:02.970,4.82,500
2020-08-05 09:30:03.300,4.82,100
2020-08-05 09:30:03.720,4.82,10000
2020-08-05 09:30:03.850,4.82,100
2020-08-05 09:30:03.850,4.819,10000
2020-08-05 09:30:04.090,4.82,7500
2020-08-05 09:30:04.210,4.82,38900
2020-08-05 09:30:04.320,4.82,1500
2020-08-05 09:30:04.320,4.821,500
2020-08-05 09:30:04.660,4.821,39700
2020-08-05 09:30:05.130,4.821,8000
2020-08-05 09:30:05.130,4.821,14200
2020-08-05 09:30:05.130,4.821,6400
2020-08-05 09:30:05.130,4.821,7000
2020-08-05 09:30:05.130,4.821,17400
2020-08-05 09:30:05.130,4.821,5000
2020-08-05 09:30:05.130,4.821,3600
2020-08-05 09:30:05.130,4.821,10000
2020-08-05 09:30:05.130,4.821,18400
2020-08-05 09:30:05.240,4.819,5000
2020-08-05 09:30:05.240,4.819,1500
2020-08-05 09:30:05.240,4.819,7500
2020-08-05 09:30:05.360,4.821,21600
2020-08-05 09:30:05.360,4.821,2600
2020-08-05 09:30:05.360,4.821,8000
2020-08-05 09:30:05.360,4.821,2400
2020-08-05 09:30:05.360,4.821,1500
2020-08-05 09:30:05.360,4.821,9500
2020-08-05 09:30:05.360,4.821,14400
2020-08-05 09:30:05.490,4.821,2500
2020-08-05 09:30:05.490,4.821,200
2020-08-05 09:30:05.490,4.821,2300
2020-08-05 09:30:05.610,4.821,2000
2020-08-05 09:30:05.610,4.821,100
2020-08-05 09:30:05.610,4.821,600
2020-08-05 09:30:05.610,4.821,1400
2020-08-05 09:30:06.660,4.82,1000
2020-08-05 09:30:06.660,4.819,2500
2020-08-05 09:30:06.660,4.819,4000
2020-08-05 09:30:06.660,4.819,200
2020-08-05 09:30:06.660,4.819,100
2020-08-05 09:30:06.660,4.819,2200
2020-08-05 09:30:06.660,4.821,5500
2020-08-05 09:30:06.660,4.821,5000
2020-08-05 09:30:06.660,4.821,27600
2020-08-05 09:30:06.660,4.821,24600
2020-08-05 09:30:06.660,4.821,65300
2020-08-05 09:30:06.660,4.821,3000
2020-08-05 09:30:06.660,4.821,20000
2020-08-05 09:30:06.660,4.821,2200
2020-08-05 09:30:06.660,4.821,9900
2020-08-05 09:30:06.660,4.821,41900
2020-08-05 09:30:06.660,4.821,5100
2020-08-05 09:30:06.900,4.821,10000
2020-08-05 09:30:07.050,4.821,2000
2020-08-05 09:30:07.050,4.821,2500
2020-08-05 09:30:07.050,4.82,4400
2020-08-05 09:30:07.290,4.82,15000
2020-08-05 09:30:07.360,4.82,100
2020-08-05 09:30:07.530,4.818,3000
2020-08-05 09:30:07.530,4.82,1000
2020-08-05 09:30:07.660,4.82,2500
2020-08-05 09:30:08.380,4.82,1000
2020-08-05 09:30:08.410,4.82,1000
2020-08-05 09:30:08.800,4.82,3000
2020-08-05 09:30:08.870,4.82,200
2020-08-05 09:30:08.870,4.82,300
2020-08-05 09:30:09.030,4.82,500
2020-08-05 09:30:09.070,4.82,10000
2020-08-05 09:30:09.220,4.818,2000
2020-08-05 09:30:09.220,4.818,500
2020-08-05 09:30:09.220,4.818,3700
2020-08-05 09:30:09.300,4.82,100
2020-08-05 09:30:10.250,4.82,30900
2020-08-05 09:30:10.520,4.821,4100
2020-08-05 09:30:10.720,4.82,20000
2020-08-05 09:30:10.870,4.82,16200
2020-08-05 09:30:11.200,4.821,100
2020-08-05 09:30:11.380,4.821,300
2020-08-05 09:30:11.450,4.82,500
2020-08-05 09:30:11.510,4.821,200
2020-08-05 09:30:12.060,4.82,2000
2020-08-05 09:30:12.090,4.82,10000
2020-08-05 09:30:12.350,4.821,1300
2020-08-05 09:30:12.860,4.821,3100
2020-08-05 09:30:12.860,4.821,20100
2020-08-05 09:30:12.860,4.821,1100
2020-08-05 09:30:13.090,4.82,300
2020-08-05 09:30:13.090,4.82,6700
2020-08-05 09:30:13.170,4.821,900
2020-08-05 09:30:13.690,4.821,5800
2020-08-05 09:30:13.690,4.821,3800
2020-08-05 09:30:13.690,4.821,15400
2020-08-05 09:30:14.440,4.821,2000
2020-08-05 09:30:14.650,4.82,1000
2020-08-05 09:30:15.410,4.821,1000
2020-08-05 09:30:15.630,4.821,11600
2020-08-05 09:30:15.630,4.821,200
2020-08-05 09:30:15.630,4.821,1000
2020-08-05 09:30:15.630,4.821,28500
2020-08-05 09:30:16.550,4.821,1000
2020-08-05 09:30:16.550,4.82,2600
2020-08-05 09:30:16.550,4.82,200
2020-08-05 09:30:16.770,4.82,500
2020-08-05 09:30:16.770,4.821,95200
2020-08-05 09:30:16.770,4.821,500
2020-08-05 09:30:16.770,4.821,4200
2020-08-05 09:30:16.770,4.821,200
2020-08-05 09:30:16.770,4.821,19400
2020-08-05 09:30:16.770,4.821,41600
2020-08-05 09:30:16.770,4.821,2300
2020-08-05 09:30:16.770,4.821,13000
2020-08-05 09:30:16.770,4.821,100
2020-08-05 09:30:16.770,4.821,800
2020-08-05 09:30:16.770,4.821,2000
2020-08-05 09:30:16.770,4.821,100
2020-08-05 09:30:16.770,4.821,9100
2020-08-05 09:30:16.770,4.821,2000
2020-08-05 09:30:16.770,4.821,2600
2020-08-05 09:30:16.770,4.821,100
2020-08-05 09:30:16.770,4.821,200
2020-08-05 09:30:16.770,4.821,4200
2020-08-05 09:30:16.770,4.821,20000
2020-08-05 09:30:16.770,4.822,23500
2020-08-05 09:30:16.770,4.822,4000
2020-08-05 09:30:16.770,4.822,3000
2020-08-05 09:30:16.770,4.822,1000
2020-08-05 09:30:16.770,4.822,5800
2020-08-05 09:30:16.770,4.822,200
2020-08-05 09:30:16.770,4.822,1000
2020-08-05 09:30:16.770,4.822,40000
2020-08-05 09:30:17.260,4.82,42100
2020-08-05 09:30:17.430,4.822,6200
2020-08-05 09:30:17.520,4.82,1800
2020-08-05 09:30:17.850,4.82,30900
2020-08-05 09:30:17.850,4.82,10000
2020-08-05 09:30:18.680,4.82,2000
2020-08-05 09:30:18.680,4.819,29200
2020-08-05 09:30:18.780,4.821,12000
2020-08-05 09:30:18.780,4.822,10700
2020-08-05 09:30:19.670,4.819,9400
2020-08-05 09:30:19.880,4.82,500
2020-08-05 09:30:19.880,4.82,2000
2020-08-05 09:30:20.740,4.821,2500
2020-08-05 09:30:22.080,4.821,1100
2020-08-05 09:30:22.150,4.821,200
2020-08-05 09:30:22.360,4.82,7400
2020-08-05 09:30:23.450,4.82,2000
2020-08-05 09:30:24.420,4.82,2000
2020-08-05 09:30:24.420,4.821,24000
2020-08-05 09:30:24.960,4.818,6300
2020-08-05 09:30:24.960,4.818,800
2020-08-05 09:30:24.960,4.817,100
2020-08-05 09:30:24.960,4.817,8100
2020-08-05 09:30:25.410,4.82,2100
2020-08-05 09:30:26.490,4.818,600
2020-08-05 09:30:26.750,4.817,10000
2020-08-05 09:30:26.810,4.816,500
2020-08-05 09:30:27.200,4.818,1800
2020-08-05 09:30:27.200,4.818,98200
2020-08-05 09:30:27.200,4.818,100
2020-08-05 09:30:27.730,4.818,100
2020-08-05 09:30:28.050,4.818,200
2020-08-05 09:30:28.330,4.82,2000
2020-08-05 09:30:28.650,4.82,1000
2020-08-05 09:30:28.980,4.819,6000
2020-08-05 09:30:29.490,4.819,2400
2020-08-05 09:30:29.750,4.817,30000
2020-08-05 09:30:29.780,4.817,2600
2020-08-05 09:30:29.940,4.817,100000
2020-08-05 09:30:29.940,4.817,3500
2020-08-05 09:30:30.090,4.817,3000
2020-08-05 09:30:30.320,4.818,3000
2020-08-05 09:30:30.320,4.819,17900
2020-08-05 09:30:30.440,4.82,5000
2020-08-05 09:30:30.780,4.819,279100
2020-08-05 09:30:31.670,4.82,1100
2020-08-05 09:30:31.670,4.82,3000
2020-08-05 09:30:32.750,4.818,100
2020-08-05 09:30:32.750,4.82,5000
2020-08-05 09:30:32.750,4.82,100
2020-08-05 09:30:33.290,4.82,104600
2020-08-05 09:30:33.360,4.82,7700
2020-08-05 09:30:33.480,4.82,9000
2020-08-05 09:30:33.610,4.82,94700
2020-08-05 09:30:33.760,4.82,2000
2020-08-05 09:30:34.180,4.821,200
2020-08-05 09:30:34.800,4.821,20500
2020-08-05 09:30:34.800,4.821,200
2020-08-05 09:30:34.800,4.821,2800
2020-08-05 09:30:34.800,4.822,9300
2020-08-05 09:30:34.800,4.822,600
2020-08-05 09:30:34.800,4.822,3000
2020-08-05 09:30:34.800,4.822,100
2020-08-05 09:30:34.800,4.822,300
2020-08-05 09:30:34.800,4.822,1000
2020-08-05 09:30:34.800,4.822,2100
2020-08-05 09:30:34.800,4.822,20000
2020-08-05 09:30:34.800,4.822,3000
2020-08-05 09:30:34.800,4.822,5000
2020-08-05 09:30:34.800,4.822,1800
2020-08-05 09:30:34.800,4.822,200
2020-08-05 09:30:34.800,4.822,500
2020-08-05 09:30:34.800,4.822,1000
2020-08-05 09:30:34.800,4.822,6000
2020-08-05 09:30:34.800,4.822,2400
2020-08-05 09:30:34.800,4.822,2300
2020-08-05 09:30:34.800,4.822,451
2020-08-05 09:30:34.800,4.822,2100
2020-08-05 09:30:35.670,4.822,33500
2020-08-05 09:30:36.560,4.822,10800
2020-08-05 09:30:36.560,4.822,9200
2020-08-05 09:30:36.960,4.821,100000
2020-08-05 09:30:38.370,4.821,3000
2020-08-05 09:30:38.500,4.821,2000
2020-08-05 09:30:38.500,4.821,2600
2020-08-05 09:30:38.640,4.821,1700
2020-08-05 09:30:38.860,4.821,50000
2020-08-05 09:30:38.860,4.821,700
2020-08-05 09:30:39.180,4.823,5000
2020-08-05 09:30:39.180,4.823,3300
2020-08-05 09:30:39.180,4.823,300
2020-08-05 09:30:39.180,4.823,2200
2020-08-05 09:30:40.270,4.821,100
2020-08-05 09:30:40.270,4.821,1200
2020-08-05 09:30:40.910,4.821,20000
2020-08-05 09:30:41.250,4.821,11500
2020-08-05 09:30:41.330,4.821,100
2020-08-05 09:30:41.360,4.821,2000
2020-08-05 09:30:41.570,4.821,5000
2020-08-05 09:30:41.630,4.821,5100
2020-08-05 09:30:41.630,4.82,3800
2020-08-05 09:30:41.630,4.819,10000
2020-08-05 09:30:41.630,4.818,1100
2020-08-05 09:30:43.780,4.818,1900
2020-08-05 09:30:43.780,4.818,18100
2020-08-05 09:30:46.410,4.818,41900
2020-08-05 09:30:46.410,4.818,34400
2020-08-05 09:30:46.540,4.818,800
2020-08-05 09:30:46.770,4.819,5000
2020-08-05 09:30:46.770,4.82,5000
2020-08-05 09:30:46.770,4.821,1200
2020-08-05 09:30:47.620,4.818,13100
2020-08-05 09:30:47.620,4.818,200
2020-08-05 09:30:47.620,4.818,5000
2020-08-05 09:30:47.620,4.817,100200
2020-08-05 09:30:48.290,4.818,11100
2020-08-05 09:30:48.290,4.82,64000
2020-08-05 09:30:49.130,4.82,5000
2020-08-05 09:30:49.530,4.82,2000
2020-08-05 09:30:50.000,4.818,5000
2020-08-05 09:30:50.000,4.817,50000
2020-08-05 09:30:50.380,4.817,3000
2020-08-05 09:30:52.170,4.817,100000
2020-08-05 09:30:53.660,4.817,20000
2020-08-05 09:30:53.740,4.817,500
2020-08-05 09:30:54.140,4.817,3500
2020-08-05 09:30:54.420,4.816,1600
2020-08-05 09:30:54.560,4.816,47900
2020-08-05 09:30:54.560,4.816,5000
2020-08-05 09:30:54.560,4.816,60000
2020-08-05 09:30:54.560,4.816,300000
2020-08-05 09:30:54.560,4.815,1000
2020-08-05 09:30:54.560,4.815,200
2020-08-05 09:30:54.560,4.815,30000
2020-08-05 09:30:54.560,4.815,23300
2020-08-05 09:30:54.560,4.815,200
2020-08-05 09:30:54.560,4.815,100
2020-08-05 09:30:54.560,4.815,100
2020-08-05 09:30:54.560,4.814,3000
2020-08-05 09:30:54.560,4.814,1000
2020-08-05 09:30:54.560,4.814,600
2020-08-05 09:30:54.560,4.814,700
2020-08-05 09:30:54.560,4.814,300
2020-08-05 09:30:54.560,4.814,2000
2020-08-05 09:30:54.560,4.814,100
2020-08-05 09:30:54.560,4.814,2000
2020-08-05 09:30:54.560,4.813,1000
2020-08-05 09:30:55.110,4.813,421500
2020-08-05 09:30:55.470,4.817,100
2020-08-05 09:30:55.640,4.817,10000
2020-08-05 09:30:56.420,4.817,107900
2020-08-05 09:30:56.420,4.818,8300
2020-08-05 09:30:56.420,4.818,3000
2020-08-05 09:30:56.420,4.82,1800
2020-08-05 09:30:56.420,4.821,9800
2020-08-05 09:30:56.420,4.821,2000
2020-08-05 09:30:56.420,4.821,3400
2020-08-05 09:30:56.420,4.821,11500
2020-08-05 09:30:56.420,4.822,100
2020-08-05 09:30:56.420,4.822,2000
2020-08-05 09:30:56.420,4.822,200
2020-08-05 09:30:57.010,4.818,1800
2020-08-05 09:30:58.270,4.818,600
2020-08-05 09:30:58.830,4.818,47600
2020-08-05 09:30:58.830,4.818,300000
2020-08-05 09:30:58.830,4.818,60000
2020-08-05 09:30:58.830,4.817,7400
2020-08-05 09:30:58.830,4.815,100000
2020-08-05 09:30:58.830,4.815,13300
2020-08-05 09:30:58.830,4.813,1000
2020-08-05 09:30:59.260,4.813,5000
2020-08-05 09:30:59.830,4.813,100000
2020-08-05 09:30:59.830,4.813,20000
2020-08-05 09:30:59.830,4.813,40000
2020-08-05 09:30:59.830,4.813,53300
2020-08-05 09:30:59.860,4.813,65600
2020-08-05 09:30:59.980,4.813,40000
2020-08-05 09:31:00.070,4.812,1500
2020-08-05 09:31:00.070,4.812,1200
2020-08-05 09:31:00.070,4.812,300
2020-08-05 09:31:00.070,4.812,200
2020-08-05 09:31:00.070,4.812,6800
2020-08-05 09:31:00.070,4.813,20000
2020-08-05 09:31:00.670,4.813,26800
2020-08-05 09:31:00.670,4.816,200
2020-08-05 09:31:01.710,4.814,11300
2020-08-05 09:31:01.770,4.816,3100
2020-08-05 09:31:01.770,4.816,67900
2020-08-05 09:31:02.380,4.816,3000
2020-08-05 09:31:03.170,4.816,700
2020-08-05 09:31:04.080,4.813,2000
2020-08-05 09:31:05.660,4.816,4800
2020-08-05 09:31:06.270,4.816,100
2020-08-05 09:31:06.880,4.816,22700
2020-08-05 09:31:07.730,4.813,1000
2020-08-05 09:31:08.090,4.813,19000
2020-08-05 09:31:08.210,4.816,800
2020-08-05 09:31:08.210,4.816,2000
2020-08-05 09:31:08.210,4.816,28400
2020-08-05 09:31:08.810,4.815,81000
2020-08-05 09:31:08.840,4.813,200
2020-08-05 09:31:08.840,4.813,24900
2020-08-05 09:31:09.300,4.815,5000
2020-08-05 09:31:09.830,4.815,58000
2020-08-05 09:31:10.910,4.815,200
2020-08-05 09:31:11.260,4.813,75100
2020-08-05 09:31:11.260,4.813,50000
2020-08-05 09:31:11.380,4.813,11700
2020-08-05 09:31:12.890,4.813,1000
2020-08-05 09:31:13.400,4.813,300
2020-08-05 09:31:14.820,4.813,10000
2020-08-05 09:31:15.160,4.812,200
2020-08-05 09:31:15.510,4.813,6200
2020-08-05 09:31:16.140,4.813,100
2020-08-05 09:31:16.570,4.813,1700
2020-08-05 09:31:17.200,4.812,1200
2020-08-05 09:31:17.200,4.812,200
2020-08-05 09:31:17.200,4.812,5000
2020-08-05 09:31:17.200,4.811,600
2020-08-05 09:31:17.200,4.811,5000
2020-08-05 09:31:17.200,4.811,20000
2020-08-05 09:31:17.200,4.811,47900
2020-08-05 09:31:17.200,4.811,200
2020-08-05 09:31:17.200,4.811,100
2020-08-05 09:31:17.200,4.811,1000
2020-08-05 09:31:17.200,4.811,100
2020-08-05 09:31:17.200,4.811,2000
2020-08-05 09:31:17.200,4.81,1400
2020-08-05 09:31:17.200,4.81,4500
2020-08-05 09:31:17.200,4.81,11000
2020-08-05 09:31:17.200,4.81,200
2020-08-05 09:31:17.200,4.81,1000
2020-08-05 09:31:17.200,4.81,200
2020-08-05 09:31:17.200,4.81,500
2020-08-05 09:31:17.200,4.81,1000
2020-08-05 09:31:17.200,4.81,800
2020-08-05 09:31:17.200,4.81,5000
2020-08-05 09:31:17.200,4.81,100
2020-08-05 09:31:17.200,4.81,9300
2020-08-05 09:31:17.200,4.81,6600
2020-08-05 09:31:17.200,4.81,2000
2020-08-05 09:31:17.200,4.81,2000
2020-08-05 09:31:17.200,4.81,15000
2020-08-05 09:31:17.200,4.81,2100
2020-08-05 09:31:17.200,4.81,2200
2020-08-05 09:31:17.200,4.81,500
2020-08-05 09:31:17.200,4.81,2000
2020-08-05 09:31:17.200,4.81,2500
2020-08-05 09:31:17.200,4.81,100
2020-08-05 09:31:17.200,4.81,1000
2020-08-05 09:31:17.200,4.81,200000
2020-08-05 09:31:17.200,4.81,4000
2020-08-05 09:31:17.380,4.81,1000
2020-08-05 09:31:17.670,4.81,300
2020-08-05 09:31:17.780,4.81,81000
2020-08-05 09:31:17.840,4.81,150100
2020-08-05 09:31:17.990,4.81,100000
2020-08-05 09:31:18.300,4.81,100000
2020-08-05 09:31:19.420,4.81,5000
2020-08-05 09:31:19.420,4.81,22700
2020-08-05 09:31:19.440,4.81,1200
2020-08-05 09:31:21.260,4.81,300
2020-08-05 09:31:22.080,4.809,100
2020-08-05 09:31:22.080,4.809,5000
2020-08-05 09:31:22.080,4.809,10000
2020-08-05 09:31:22.080,4.809,1500
2020-08-05 09:31:22.080,4.808,10000
2020-08-05 09:31:22.080,4.808,200
2020-08-05 09:31:22.080,4.808,600
2020-08-05 09:31:22.080,4.808,2000
2020-08-05 09:31:22.080,4.808,500
2020-08-05 09:31:22.080,4.808,20000
2020-08-05 09:31:22.080,4.808,1000
2020-08-05 09:31:22.080,4.808,300
2020-08-05 09:31:22.080,4.808,48800
2020-08-05 09:31:22.830,4.81,2000
2020-08-05 09:31:25.260,4.81,30900
2020-08-05 09:31:25.720,4.808,100000
2020-08-05 09:31:26.020,4.81,200
2020-08-05 09:31:26.140,4.81,47000
2020-08-05 09:31:26.140,4.81,4000
2020-08-05 09:31:26.140,4.81,5000
2020-08-05 09:31:26.140,4.81,244000
2020-08-05 09:31:29.390,4.809,4000
2020-08-05 09:31:29.580,4.809,6000
2020-08-05 09:31:29.580,4.809,6700
2020-08-05 09:31:29.580,4.81,56000
2020-08-05 09:31:29.580,4.81,4000
2020-08-05 09:31:29.580,4.812,31500
2020-08-05 09:31:29.580,4.812,5500
2020-08-05 09:31:29.580,4.813,1500
2020-08-05 09:31:29.580,4.813,200
2020-08-05 09:31:29.580,4.813,2400
2020-08-05 09:31:29.580,4.815,300
2020-08-05 09:31:29.580,4.815,1100
2020-08-05 09:31:29.580,4.815,4800
2020-08-05 09:31:29.580,4.815,500
2020-08-05 09:31:29.580,4.815,2000
2020-08-05 09:31:29.580,4.816,7500
2020-08-05 09:31:31.680,4.81,1200
2020-08-05 09:31:31.680,4.81,800
2020-08-05 09:31:34.060,4.81,4200
2020-08-05 09:31:34.060,4.81,4000
2020-08-05 09:31:34.830,4.812,150100
2020-08-05 09:31:34.960,4.81,10900
2020-08-05 09:31:36.490,4.81,2200
2020-08-05 09:31:36.860,4.81,1100
2020-08-05 09:31:36.890,4.812,40000
2020-08-05 09:31:37.190,4.81,1400
2020-08-05 09:31:38.210,4.811,200
2020-08-05 09:31:38.950,4.81,10000
2020-08-05 09:31:39.420,4.811,151200
2020-08-05 09:31:39.510,4.811,2000
2020-08-05 09:31:40.370,4.811,100
2020-08-05 09:31:40.650,4.81,6700
2020-08-05 09:31:41.230,4.811,22700
2020-08-05 09:31:41.430,4.811,300000
2020-08-05 09:31:41.790,4.81,4500
2020-08-05 09:31:42.190,4.81,10000
2020-08-05 09:31:42.240,4.81,22000
2020-08-05 09:31:42.300,4.81,3000
2020-08-05 09:31:42.460,4.81,600
2020-08-05 09:31:42.850,4.81,1000
2020-08-05 09:31:43.050,4.81,20300
2020-08-05 09:31:43.080,4.81,2300
2020-08-05 09:31:43.080,4.81,5000
2020-08-05 09:31:43.080,4.81,3000
2020-08-05 09:31:43.080,4.81,6200
2020-08-05 09:31:43.080,4.81,9600
2020-08-05 09:31:44.510,4.811,3000
2020-08-05 09:31:46.070,4.811,1200
2020-08-05 09:31:46.290,4.81,400
2020-08-05 09:31:46.290,4.81,600
2020-08-05 09:31:46.380,4.811,5000
2020-08-05 09:31:46.850,4.811,2000
2020-08-05 09:31:47.360,4.811,5000
2020-08-05 09:31:47.720,4.81,4400
2020-08-05 09:31:47.720,4.81,100
2020-08-05 09:31:47.720,4.81,1000
2020-08-05 09:31:47.720,4.81,100
2020-08-05 09:31:47.720,4.81,1000
2020-08-05 09:31:47.720,4.81,900
2020-08-05 09:31:47.720,4.81,100
2020-08-05 09:31:47.720,4.81,400
2020-08-05 09:31:47.890,4.81,3100
2020-08-05 09:31:47.890,4.81,6800
2020-08-05 09:31:48.570,4.81,600
2020-08-05 09:31:48.870,4.811,2000
2020-08-05 09:31:49.470,4.811,2500
2020-08-05 09:31:49.500,4.81,200
2020-08-05 09:31:49.790,4.81,12400
2020-08-05 09:31:49.790,4.81,2500
2020-08-05 09:31:49.790,4.81,16700
2020-08-05 09:31:49.790,4.81,1000
2020-08-05 09:31:49.790,4.81,23800
2020-08-05 09:31:50.510,4.811,3000
2020-08-05 09:31:51.080,4.811,1000
2020-08-05 09:31:51.300,4.811,1000
2020-08-05 09:31:51.540,4.811,5000
2020-08-05 09:31:52.410,4.81,15400
2020-08-05 09:31:52.410,4.81,200
2020-08-05 09:31:52.410,4.81,1500
2020-08-05 09:31:52.410,4.81,12000
2020-08-05 09:31:52.410,4.809,30000
2020-08-05 09:31:52.410,4.809,5000
2020-08-05 09:31:52.410,4.809,500
2020-08-05 09:31:52.410,4.809,20000
2020-08-05 09:31:52.410,4.809,5000
2020-08-05 09:31:52.410,4.809,5000
2020-08-05 09:31:52.410,4.809,10000
2020-08-05 09:31:52.410,4.809,50000
2020-08-05 09:31:53.200,4.809,5000
2020-08-05 09:31:53.630,4.809,34400
2020-08-05 09:31:54.410,4.809,10000
2020-08-05 09:31:54.530,4.809,500
2020-08-05 09:31:54.990,4.809,100
2020-08-05 09:31:55.260,4.809,1000
2020-08-05 09:31:55.290,4.809,2000
2020-08-05 09:31:55.530,4.809,3500
2020-08-05 09:31:56.110,4.809,1000
2020-08-05 09:31:56.110,4.809,300
2020-08-05 09:31:57.420,4.809,2000
2020-08-05 09:31:57.590,4.809,19300
2020-08-05 09:31:58.210,4.808,5000
2020-08-05 09:31:58.210,4.808,100
2020-08-05 09:31:58.210,4.808,1100
2020-08-05 09:31:58.210,4.807,1000
2020-08-05 09:31:58.210,4.807,100
2020-08-05 09:31:58.210,4.807,40000
2020-08-05 09:31:59.140,4.807,5000
2020-08-05 09:31:59.330,4.807,20000
2020-08-05 09:31:59.640,4.807,100
2020-08-05 09:31:59.950,4.807,4000
2020-08-05 09:32:00.000,4.807,10000
2020-08-05 09:32:00.000,4.807,10000
2020-08-05 09:32:00.000,4.807,20000
2020-08-05 09:32:00.060,4.807,10000
2020-08-05 09:32:00.060,4.807,10000
2020-08-05 09:32:00.690,4.807,800
2020-08-05 09:32:00.690,4.807,10000
2020-08-05 09:32:00.690,4.807,10000
2020-08-05 09:32:00.690,4.807,10000
2020-08-05 09:32:01.050,4.807,40000
2020-08-05 09:32:01.130,4.807,40000
2020-08-05 09:32:01.580,4.807,10000
2020-08-05 09:32:01.780,4.807,10000
2020-08-05 09:32:01.810,4.807,20000
2020-08-05 09:32:02.030,4.807,2500
2020-08-05 09:32:02.140,4.807,10000
2020-08-05 09:32:02.210,4.807,300
2020-08-05 09:32:02.490,4.808,5000
2020-08-05 09:32:03.620,4.808,100
2020-08-05 09:32:03.800,4.808,1000
2020-08-05 09:32:04.040,4.808,1300
2020-08-05 09:32:04.590,4.808,1000
2020-08-05 09:32:06.350,4.808,1000
2020-08-05 09:32:07.240,4.807,5000
2020-08-05 09:32:08.180,4.808,14400
2020-08-05 09:32:08.180,4.808,4100
2020-08-05 09:32:08.180,4.808,6500
2020-08-05 09:32:09.160,4.807,4700
2020-08-05 09:32:09.160,4.807,5000
2020-08-05 09:32:09.160,4.807,3500
2020-08-05 09:32:09.160,4.807,10000
2020-08-05 09:32:09.160,4.807,1000
2020-08-05 09:32:09.160,4.807,2000
2020-08-05 09:32:09.160,4.806,1000
2020-08-05 09:32:09.160,4.806,800
2020-08-05 09:32:09.160,4.806,100
2020-08-05 09:32:09.160,4.806,600
2020-08-05 09:32:09.400,4.807,100
2020-08-05 09:32:09.600,4.807,300
2020-08-05 09:32:09.840,4.807,1300
2020-08-05 09:32:09.860,4.807,5200
2020-08-05 09:32:10.000,4.807,2900
2020-08-05 09:32:10.660,4.807,10200
2020-08-05 09:32:10.660,4.807,100
2020-08-05 09:32:11.240,4.807,1000
2020-08-05 09:32:11.510,4.806,400
2020-08-05 09:32:11.510,4.806,100
2020-08-05 09:32:11.510,4.806,1000
2020-08-05 09:32:11.510,4.806,2800
2020-08-05 09:32:11.670,4.807,10000
2020-08-05 09:32:11.950,4.807,371800
2020-08-05 09:32:11.950,4.807,300000
2020-08-05 09:32:12.330,4.808,14200
2020-08-05 09:32:12.440,4.808,2000
2020-08-05 09:32:13.140,4.808,1200
2020-08-05 09:32:14.080,4.808,20000
2020-08-05 09:32:14.190,4.808,50000
2020-08-05 09:32:14.240,4.808,17200
2020-08-05 09:32:14.840,4.808,7000
2020-08-05 09:32:15.490,4.807,20000
2020-08-05 09:32:15.490,4.807,800
2020-08-05 09:32:15.490,4.807,10000
2020-08-05 09:32:15.490,4.807,10000
2020-08-05 09:32:15.490,4.807,40000
2020-08-05 09:32:15.490,4.807,1800
2020-08-05 09:32:15.830,4.808,20000
2020-08-05 09:32:17.750,4.807,4000
2020-08-05 09:32:17.870,4.808,3000
2020-08-05 09:32:18.200,4.808,1000
2020-08-05 09:32:20.940,4.807,1000
2020-08-05 09:32:21.900,4.808,2400
2020-08-05 09:32:22.960,4.807,3200
2020-08-05 09:32:22.960,4.807,5000
2020-08-05 09:32:22.960,4.807,10000
2020-08-05 09:32:22.960,4.807,300000
2020-08-05 09:32:22.960,4.807,5300
2020-08-05 09:32:22.960,4.807,20000
2020-08-05 09:32:22.960,4.807,100
2020-08-05 09:32:22.960,4.807,5000
2020-08-05 09:32:22.960,4.807,20000
2020-08-05 09:32:22.960,4.807,500
2020-08-05 09:32:22.960,4.807,40000
2020-08-05 09:32:23.490,4.807,500
2020-08-05 09:32:23.550,4.807,3500
2020-08-05 09:32:23.810,4.807,20600
2020-08-05 09:32:23.940,4.807,10000
2020-08-05 09:32:24.050,4.807,20000
2020-08-05 09:32:24.230,4.806,3000
2020-08-05 09:32:24.430,4.807,2000
2020-08-05 09:32:24.480,4.807,5100
2020-08-05 09:32:24.570,4.807,2500
2020-08-05 09:32:24.620,4.806,26100
2020-08-05 09:32:25.150,4.807,300
2020-08-05 09:32:25.750,4.807,2000
2020-08-05 09:32:25.830,4.807,5000
2020-08-05 09:32:26.120,4.807,10000
2020-08-05 09:32:26.230,4.807,20000
2020-08-05 09:32:26.630,4.807,300000
2020-08-05 09:32:26.660,4.807,10000
2020-08-05 09:32:26.840,4.807,1000
2020-08-05 09:32:26.980,4.807,40000
2020-08-05 09:32:26.980,4.807,10000
2020-08-05 09:32:27.020,4.807,20000
2020-08-05 09:32:27.110,4.806,18100
2020-08-05 09:32:27.110,4.806,20000
2020-08-05 09:32:27.110,4.806,5000
2020-08-05 09:32:27.110,4.806,4700
2020-08-05 09:32:27.110,4.806,3000
2020-08-05 09:32:27.110,4.806,2000
2020-08-05 09:32:27.110,4.806,247200
2020-08-05 09:32:27.680,4.807,8400
2020-08-05 09:32:27.680,4.807,1600
2020-08-05 09:32:27.760,4.807,8400
2020-08-05 09:32:27.760,4.807,3000
2020-08-05 09:32:27.760,4.807,7500
2020-08-05 09:32:27.760,4.807,20000
2020-08-05 09:32:27.760,4.807,261100
2020-08-05 09:32:27.760,4.807,38900
2020-08-05 09:32:27.760,4.807,1500
2020-08-05 09:32:27.760,4.807,2200
2020-08-05 09:32:27.760,4.807,1500
2020-08-05 09:32:28.070,4.808,4800
2020-08-05 09:32:28.070,4.808,200
2020-08-05 09:32:28.070,4.808,1900
2020-08-05 09:32:28.070,4.808,300
2020-08-05 09:32:28.070,4.808,3000
2020-08-05 09:32:28.070,4.808,200
2020-08-05 09:32:28.070,4.808,1500
2020-08-05 09:32:28.070,4.808,1900
2020-08-05 09:32:28.590,4.809,20000
2020-08-05 09:32:28.830,4.809,46300
2020-08-05 09:32:28.830,4.809,100
2020-08-05 09:32:28.830,4.809,3000
2020-08-05 09:32:29.430,4.809,900
2020-08-05 09:32:30.500,4.809,47200
2020-08-05 09:32:30.610,4.808,2200
2020-08-05 09:32:30.610,4.809,2000
2020-08-05 09:32:31.200,4.808,5000
2020-08-05 09:32:31.260,4.809,500
2020-08-05 09:32:33.420,4.808,5700
2020-08-05 09:32:33.570,4.808,10000
2020-08-05 09:32:33.570,4.809,20000
2020-08-05 09:32:34.280,4.808,4300
2020-08-05 09:32:34.280,4.808,2000
2020-08-05 09:32:34.280,4.808,6000
2020-08-05 09:32:34.280,4.808,24700
2020-08-05 09:32:35.380,4.809,20000
2020-08-05 09:32:35.430,4.808,3000
2020-08-05 09:32:35.640,4.809,5000
2020-08-05 09:32:35.890,4.809,20000
2020-08-05 09:32:37.750,4.808,100
2020-08-05 09:32:38.160,4.809,4000
2020-08-05 09:32:38.810,4.809,20000
2020-08-05 09:32:39.040,4.809,500
2020-08-05 09:32:40.190,4.81,500
2020-08-05 09:32:40.190,4.81,700
2020-08-05 09:32:40.240,4.809,10300
2020-08-05 09:32:40.480,4.809,20000
2020-08-05 09:32:40.590,4.809,1200
2020-08-05 09:32:41.530,4.809,10000
2020-08-05 09:32:41.700,4.809,5200
2020-08-05 09:32:42.970,4.809,8000
2020-08-05 09:32:45.450,4.809,70900
2020-08-05 09:32:45.450,4.809,35200
2020-08-05 09:32:45.450,4.809,200
2020-08-05 09:32:45.450,4.809,2000
2020-08-05 09:32:45.450,4.809,100
2020-08-05 09:32:45.450,4.808,14900
2020-08-05 09:32:45.450,4.808,10000
2020-08-05 09:32:45.450,4.808,200
2020-08-05 09:32:45.450,4.808,500
2020-08-05 09:32:45.450,4.808,800
2020-08-05 09:32:45.450,4.807,20000
2020-08-05 09:32:45.450,4.807,45200
2020-08-05 09:32:46.320,4.808,20000
2020-08-05 09:32:46.320,4.807,180000
2020-08-05 09:32:46.480,4.809,100
2020-08-05 09:32:47.360,4.808,3000
2020-08-05 09:32:47.790,4.809,1000
2020-08-05 09:32:47.930,4.808,2400
2020-08-05 09:32:48.110,4.808,100
2020-08-05 09:32:48.510,4.808,2000
2020-08-05 09:32:49.700,4.808,86000
2020-08-05 09:32:50.510,4.808,50000
2020-08-05 09:32:50.830,4.808,300
2020-08-05 09:32:52.110,4.807,1900
2020-08-05 09:32:52.280,4.808,23500
2020-08-05 09:32:53.210,4.807,72900
2020-08-05 09:32:53.210,4.807,10000
2020-08-05 09:32:53.210,4.807,100
2020-08-05 09:32:53.210,4.807,100
2020-08-05 09:32:53.210,4.807,200
2020-08-05 09:32:53.210,4.807,300000
2020-08-05 09:32:53.210,4.807,66000
2020-08-05 09:32:53.210,4.807,10000
2020-08-05 09:32:53.210,4.807,3000
2020-08-05 09:32:53.210,4.807,300
2020-08-05 09:32:53.210,4.807,1000
2020-08-05 09:32:53.340,4.807,20000
2020-08-05 09:32:53.340,4.806,1500
2020-08-05 09:32:53.340,4.806,200
2020-08-05 09:32:54.330,4.807,500
2020-08-05 09:32:54.730,4.807,1000
2020-08-05 09:32:54.860,4.807,5000
2020-08-05 09:32:54.920,4.807,5000
2020-08-05 09:32:55.080,4.807,900
2020-08-05 09:32:55.270,4.807,100
2020-08-05 09:32:55.300,4.807,3000
2020-08-05 09:32:55.700,4.807,900
2020-08-05 09:32:55.700,4.807,100
2020-08-05 09:32:55.750,4.807,2000
2020-08-05 09:32:55.960,4.806,4800
2020-08-05 09:32:55.960,4.806,5000
2020-08-05 09:32:55.960,4.806,200
2020-08-05 09:32:55.960,4.806,23000
2020-08-05 09:32:55.960,4.806,5000
2020-08-05 09:32:55.960,4.806,1000
2020-08-05 09:32:55.960,4.806,1000
2020-08-05 09:32:56.190,4.807,1000
2020-08-05 09:32:56.760,4.806,30000
2020-08-05 09:32:57.340,4.807,7400
2020-08-05 09:32:57.340,4.807,2600
2020-08-05 09:32:57.360,4.807,1300
2020-08-05 09:32:57.360,4.807,30000
2020-08-05 09:32:57.360,4.808,2200
2020-08-05 09:32:57.450,4.808,2000
2020-08-05 09:32:57.450,4.808,1100
2020-08-05 09:32:57.910,4.807,2000
2020-08-05 09:32:58.310,4.807,3000
2020-08-05 09:32:58.310,4.808,2000
2020-08-05 09:32:58.370,4.808,150100
2020-08-05 09:32:59.360,4.807,15000
2020-08-05 09:32:59.720,4.807,3000
2020-08-05 09:33:00.200,4.807,1000
2020-08-05 09:33:01.010,4.807,40000
2020-08-05 09:33:01.680,4.807,2100
2020-08-05 09:33:02.290,4.807,2000
2020-08-05 09:33:03.340,4.807,300
2020-08-05 09:33:03.480,4.807,2000
2020-08-05 09:33:03.480,4.806,5000
2020-08-05 09:33:03.980,4.806,4000
2020-08-05 09:33:03.980,4.806,10000
2020-08-05 09:33:03.980,4.806,800
2020-08-05 09:33:03.980,4.806,15200
2020-08-05 09:33:04.660,4.807,2000
2020-08-05 09:33:04.800,4.807,2100
2020-08-05 09:33:05.380,4.807,500
2020-08-05 09:33:05.440,4.807,2000
2020-08-05 09:33:05.570,4.807,3000
2020-08-05 09:33:06.060,4.806,53804
2020-08-05 09:33:06.420,4.807,25000
2020-08-05 09:33:06.420,4.807,100
2020-08-05 09:33:06.420,4.807,46600
2020-08-05 09:33:06.420,4.807,78400
2020-08-05 09:33:07.190,4.806,13200
2020-08-05 09:33:07.190,4.807,1200
2020-08-05 09:33:07.800,4.806,17796
2020-08-05 09:33:07.800,4.806,1200
2020-08-05 09:33:07.800,4.806,500
2020-08-05 09:33:07.800,4.806,600
2020-08-05 09:33:07.800,4.806,400
2020-08-05 09:33:07.800,4.806,2600
2020-08-05 09:33:07.800,4.806,2000
2020-08-05 09:33:07.800,4.805,10000
2020-08-05 09:33:07.800,4.805,50000
2020-08-05 09:33:07.800,4.805,11000
2020-08-05 09:33:07.800,4.805,600
2020-08-05 09:33:07.800,4.805,1000
2020-08-05 09:33:07.800,4.805,900
2020-08-05 09:33:07.800,4.805,3000
2020-08-05 09:33:07.800,4.805,100
2020-08-05 09:33:07.800,4.805,400
2020-08-05 09:33:07.800,4.805,2000
2020-08-05 09:33:07.800,4.805,1500
2020-08-05 09:33:07.800,4.805,300
2020-08-05 09:33:07.800,4.805,11300
2020-08-05 09:33:07.800,4.805,20000
2020-08-05 09:33:07.800,4.805,100
2020-08-05 09:33:07.800,4.805,500
2020-08-05 09:33:07.800,4.805,1000
2020-08-05 09:33:07.800,4.805,10000
2020-08-05 09:33:07.800,4.805,50000
2020-08-05 09:33:07.800,4.805,1204
2020-08-05 09:33:08.270,4.807,500
2020-08-05 09:33:08.270,4.807,4000
2020-08-05 09:33:08.270,4.807,500
2020-08-05 09:33:08.730,4.806,10000
2020-08-05 09:33:08.810,4.805,6500
2020-08-05 09:33:08.900,4.806,100
2020-08-05 09:33:08.900,4.805,29900
2020-08-05 09:33:09.110,4.807,600
2020-08-05 09:33:09.230,4.805,9196
2020-08-05 09:33:09.230,4.805,804
2020-08-05 09:33:09.840,4.807,300
2020-08-05 09:33:09.840,4.807,1800
2020-08-05 09:33:09.840,4.807,17900
2020-08-05 09:33:10.640,4.806,1000
2020-08-05 09:33:10.690,4.806,5000
2020-08-05 09:33:10.900,4.806,3000
2020-08-05 09:33:12.260,4.806,9000
2020-08-05 09:33:12.260,4.806,20700
2020-08-05 09:33:12.760,4.806,2000
2020-08-05 09:33:13.370,4.807,100
2020-08-05 09:33:14.450,4.806,400
2020-08-05 09:33:14.480,4.807,1100
2020-08-05 09:33:14.480,4.807,1000
2020-08-05 09:33:14.480,4.807,10000
2020-08-05 09:33:14.910,4.807,35300
2020-08-05 09:33:15.040,4.807,200
2020-08-05 09:33:16.030,4.807,2400
2020-08-05 09:33:16.030,4.806,5000
2020-08-05 09:33:16.030,4.806,5000
2020-08-05 09:33:16.030,4.806,1000
2020-08-05 09:33:16.030,4.806,400
2020-08-05 09:33:16.030,4.806,5000
2020-08-05 09:33:16.510,4.805,196
2020-08-05 09:33:16.510,4.805,304
2020-08-05 09:33:16.640,4.805,696
2020-08-05 09:33:16.640,4.805,2300
2020-08-05 09:33:16.640,4.805,1000
2020-08-05 09:33:16.640,4.805,500
2020-08-05 09:33:16.640,4.805,1000
2020-08-05 09:33:16.640,4.805,1000
2020-08-05 09:33:16.640,4.805,12000
2020-08-05 09:33:16.640,4.805,20000
2020-08-05 09:33:16.640,4.805,40000
2020-08-05 09:33:16.640,4.805,10000
2020-08-05 09:33:16.640,4.805,10000
2020-08-05 09:33:16.640,4.805,100
2020-08-05 09:33:16.640,4.805,1300
2020-08-05 09:33:16.640,4.805,2004
2020-08-05 09:33:17.720,4.806,8600
2020-08-05 09:33:17.720,4.806,100
2020-08-05 09:33:18.550,4.806,11300
2020-08-05 09:33:18.550,4.806,1100
2020-08-05 09:33:19.020,4.806,1900
2020-08-05 09:33:19.020,4.805,4400
2020-08-05 09:33:19.780,4.807,500
2020-08-05 09:33:19.780,4.806,3500
2020-08-05 09:33:20.400,4.807,500
2020-08-05 09:33:20.400,4.807,1000
2020-08-05 09:33:20.400,4.806,1700
2020-08-05 09:33:20.480,4.808,11300
2020-08-05 09:33:20.710,4.806,2200
2020-08-05 09:33:20.710,4.806,800
2020-08-05 09:33:22.020,4.807,21000
2020-08-05 09:33:22.300,4.806,1800
2020-08-05 09:33:22.300,4.806,129400
2020-08-05 09:33:22.880,4.807,5000
2020-08-05 09:33:22.930,4.807,5000
2020-08-05 09:33:23.610,4.807,1800
2020-08-05 09:33:23.880,4.806,170600
2020-08-05 09:33:23.880,4.806,50000
2020-08-05 09:33:23.880,4.806,10000
2020-08-05 09:33:23.910,4.807,200
2020-08-05 09:33:24.070,4.805,43600
2020-08-05 09:33:25.340,4.805,200
2020-08-05 09:33:25.340,4.807,8200
2020-08-05 09:33:25.580,4.806,1000
2020-08-05 09:33:25.780,4.805,24800
2020-08-05 09:33:25.780,4.805,100
2020-08-05 09:33:25.780,4.805,15000
2020-08-05 09:33:25.780,4.805,1000
2020-08-05 09:33:25.780,4.805,200
2020-08-05 09:33:25.780,4.805,100
2020-08-05 09:33:25.780,4.805,10000
2020-08-05 09:33:25.780,4.805,5000
2020-08-05 09:33:25.800,4.805,100
2020-08-05 09:33:26.170,4.805,5000
2020-08-05 09:33:26.310,4.805,5000
2020-08-05 09:33:26.800,4.805,2000
2020-08-05 09:33:27.110,4.805,3000
2020-08-05 09:33:27.830,4.804,1000
2020-08-05 09:33:27.830,4.804,7600
2020-08-05 09:33:27.830,4.804,100
2020-08-05 09:33:27.830,4.804,400
2020-08-05 09:33:27.830,4.804,50000
2020-08-05 09:33:27.830,4.804,3500
2020-08-05 09:33:27.830,4.804,2000
2020-08-05 09:33:27.830,4.804,30000
2020-08-05 09:33:27.830,4.804,100
2020-08-05 09:33:27.830,4.804,4000
2020-08-05 09:33:27.830,4.804,200
2020-08-05 09:33:27.830,4.804,1000
2020-08-05 09:33:27.830,4.804,300
2020-08-05 09:33:31.070,4.805,3000
2020-08-05 09:33:32.470,4.805,900
2020-08-05 09:33:32.580,4.805,200
2020-08-05 09:33:32.930,4.805,3000
2020-08-05 09:33:34.010,4.804,4800
2020-08-05 09:33:34.170,4.805,500
2020-08-05 09:33:34.210,4.805,100
2020-08-05 09:33:34.820,4.805,3000
2020-08-05 09:33:35.020,4.803,1000
2020-08-05 09:33:35.020,4.803,3100
2020-08-05 09:33:35.020,4.803,1000
2020-08-05 09:33:35.020,4.803,300
2020-08-05 09:33:35.020,4.803,1800
2020-08-05 09:33:35.020,4.803,5000
2020-08-05 09:33:35.020,4.802,1000
2020-08-05 09:33:35.020,4.802,300
2020-08-05 09:33:35.020,4.802,600
2020-08-05 09:33:35.020,4.802,3000
2020-08-05 09:33:35.020,4.802,1700
2020-08-05 09:33:35.020,4.802,3000
2020-08-05 09:33:35.020,4.802,18200
2020-08-05 09:33:35.380,4.804,700
2020-08-05 09:33:35.380,4.805,2300
2020-08-05 09:33:35.490,4.805,3000
2020-08-05 09:33:36.610,4.805,7500
2020-08-05 09:33:37.410,4.805,5000
2020-08-05 09:33:37.440,4.803,500
2020-08-05 09:33:39.280,4.803,7500
2020-08-05 09:33:39.750,4.803,1000
2020-08-05 09:33:40.050,4.803,20400
2020-08-05 09:33:40.180,4.804,400
2020-08-05 09:33:40.180,4.805,300
2020-08-05 09:33:40.320,4.803,8500
2020-08-05 09:33:40.840,4.805,100
2020-08-05 09:33:40.940,4.805,50000
2020-08-05 09:33:41.480,4.803,300
2020-08-05 09:33:42.550,4.803,11800
2020-08-05 09:33:42.550,4.803,5000
2020-08-05 09:33:42.550,4.803,3300
2020-08-05 09:33:43.310,4.803,700
2020-08-05 09:33:43.730,4.804,1000
2020-08-05 09:33:43.730,4.804,200
2020-08-05 09:33:44.680,4.804,100
2020-08-05 09:33:45.210,4.804,700
2020-08-05 09:33:45.210,4.804,2300
2020-08-05 09:33:45.680,4.803,1000
2020-08-05 09:33:46.450,4.802,1000
2020-08-05 09:33:46.540,4.803,1000
2020-08-05 09:33:46.840,4.803,100
2020-08-05 09:33:47.340,4.803,2900
2020-08-05 09:33:48.370,4.803,100
2020-08-05 09:33:48.780,4.803,1100
2020-08-05 09:33:48.780,4.803,100
2020-08-05 09:33:50.880,4.803,4300
2020-08-05 09:33:50.880,4.803,3900
2020-08-05 09:33:51.380,4.802,4100
2020-08-05 09:33:51.800,4.803,12500
2020-08-05 09:33:51.800,4.803,17500
2020-08-05 09:33:52.040,4.804,17700
2020-08-05 09:33:52.040,4.804,2000
2020-08-05 09:33:52.040,4.804,1100
2020-08-05 09:33:53.570,4.803,500
2020-08-05 09:33:53.570,4.803,200
2020-08-05 09:33:53.710,4.803,1200
2020-08-05 09:33:54.390,4.802,2500
2020-08-05 09:33:54.390,4.802,100
2020-08-05 09:33:54.640,4.802,100
2020-08-05 09:33:55.000,4.802,12000
2020-08-05 09:33:55.140,4.803,500
2020-08-05 09:33:55.270,4.803,3000
2020-08-05 09:33:55.750,4.803,8000
2020-08-05 09:33:56.030,4.803,6600
2020-08-05 09:33:56.030,4.803,2100
2020-08-05 09:33:56.030,4.803,1300
2020-08-05 09:33:56.330,4.803,100
2020-08-05 09:33:56.470,4.803,600
2020-08-05 09:33:56.500,4.803,1000
2020-08-05 09:33:57.570,4.803,500
2020-08-05 09:33:58.040,4.803,7900
2020-08-05 09:33:58.040,4.803,3000
2020-08-05 09:33:58.040,4.803,10000
2020-08-05 09:33:58.070,4.802,2500
2020-08-05 09:33:58.500,4.802,9500
2020-08-05 09:33:58.500,4.802,100
2020-08-05 09:33:58.500,4.802,3000
2020-08-05 09:33:58.500,4.802,500
2020-08-05 09:33:58.500,4.802,5000
2020-08-05 09:33:58.500,4.802,500
2020-08-05 09:33:58.500,4.802,2000
2020-08-05 09:33:58.500,4.802,25100
2020-08-05 09:33:58.500,4.802,33000
2020-08-05 09:33:58.500,4.802,10000
2020-08-05 09:33:58.500,4.802,5000
2020-08-05 09:33:58.500,4.802,16300
2020-08-05 09:33:59.660,4.803,27500
2020-08-05 09:34:00.110,4.803,2800
2020-08-05 09:34:00.230,4.804,100
2020-08-05 09:34:00.910,4.803,1500
2020-08-05 09:34:01.100,4.803,200
2020-08-05 09:34:01.590,4.803,300
2020-08-05 09:34:01.590,4.803,100
2020-08-05 09:34:01.590,4.802,600
2020-08-05 09:34:02.850,4.804,10800
2020-08-05 09:34:02.850,4.804,10000
2020-08-05 09:34:02.850,4.804,500
2020-08-05 09:34:02.850,4.804,1000
2020-08-05 09:34:02.850,4.804,300
2020-08-05 09:34:02.850,4.805,5000
2020-08-05 09:34:02.850,4.805,1800
2020-08-05 09:34:02.850,4.805,200
2020-08-05 09:34:02.850,4.805,2700
2020-08-05 09:34:02.850,4.805,1000
2020-08-05 09:34:02.850,4.806,9000
2020-08-05 09:34:02.850,4.806,3300
2020-08-05 09:34:02.850,4.806,500
2020-08-05 09:34:02.850,4.806,200
2020-08-05 09:34:02.850,4.806,1000
2020-08-05 09:34:02.850,4.806,1000
2020-08-05 09:34:02.850,4.807,35700
2020-08-05 09:34:03.520,4.803,2000
2020-08-05 09:34:03.520,4.803,100000
2020-08-05 09:34:03.520,4.802,13100
2020-08-05 09:34:03.520,4.802,400
2020-08-05 09:34:03.520,4.802,10000
2020-08-05 09:34:03.520,4.802,5000
2020-08-05 09:34:03.520,4.802,5000
2020-08-05 09:34:03.520,4.802,17300
2020-08-05 09:34:03.670,4.803,1700
2020-08-05 09:34:04.700,4.804,200
2020-08-05 09:34:05.050,4.804,4800
2020-08-05 09:34:05.050,4.803,5200
2020-08-05 09:34:05.510,4.804,100
2020-08-05 09:34:05.510,4.803,14100
2020-08-05 09:34:05.510,4.803,10000
2020-08-05 09:34:05.510,4.803,19800
2020-08-05 09:34:05.930,4.804,200000
2020-08-05 09:34:06.900,4.804,400
2020-08-05 09:34:08.400,4.806,9000
2020-08-05 09:34:10.190,4.804,100
2020-08-05 09:34:10.190,4.804,100
2020-08-05 09:34:10.190,4.804,100
2020-08-05 09:34:10.190,4.804,700
2020-08-05 09:34:10.510,4.804,8800
2020-08-05 09:34:10.510,4.803,1300
2020-08-05 09:34:10.510,4.803,4700
2020-08-05 09:34:10.510,4.803,200
2020-08-05 09:34:10.510,4.803,100
2020-08-05 09:34:10.510,4.803,1000
2020-08-05 09:34:10.510,4.802,22700
2020-08-05 09:34:10.510,4.802,5000
2020-08-05 09:34:10.510,4.802,50000
2020-08-05 09:34:10.510,4.802,5000
2020-08-05 09:34:10.510,4.802,100
2020-08-05 09:34:10.510,4.802,5000
2020-08-05 09:34:10.510,4.802,100
2020-08-05 09:34:10.510,4.802,1100
2020-08-05 09:34:10.510,4.802,2000
2020-08-05 09:34:10.510,4.802,25700
2020-08-05 09:34:10.770,4.802,6300
2020-08-05 09:34:11.670,4.804,1000
2020-08-05 09:34:11.850,4.806,1000
2020-08-05 09:34:13.340,4.806,100
2020-08-05 09:34:15.420,4.806,1000
2020-08-05 09:34:16.280,4.804,100
2020-08-05 09:34:18.080,4.804,900
2020-08-05 09:34:18.080,4.804,4200
2020-08-05 09:34:18.590,4.804,200
2020-08-05 09:34:18.740,4.804,600
2020-08-05 09:34:18.920,4.804,1400
2020-08-05 09:34:19.860,4.805,1600
2020-08-05 09:34:19.860,4.804,400
2020-08-05 09:34:19.920,4.806,300
2020-08-05 09:34:20.170,4.804,800
2020-08-05 09:34:20.600,4.804,40000
2020-08-05 09:34:20.910,4.806,5000
2020-08-05 09:34:21.760,4.806,700
2020-08-05 09:34:21.760,4.806,2300
2020-08-05 09:34:24.870,4.805,6800
2020-08-05 09:34:24.870,4.804,400
2020-08-05 09:34:25.890,4.806,1700
2020-08-05 09:34:25.890,4.806,7300
2020-08-05 09:34:26.880,4.806,192700
2020-08-05 09:34:26.880,4.806,500
2020-08-05 09:34:26.880,4.806,8400
2020-08-05 09:34:27.630,4.806,500
2020-08-05 09:34:27.840,4.806,500
2020-08-05 09:34:29.680,4.807,196100
2020-08-05 09:34:29.680,4.807,100
2020-08-05 09:34:29.680,4.807,10000
2020-08-05 09:34:29.680,4.807,3000
2020-08-05 09:34:29.680,4.808,90800
2020-08-05 09:34:31.070,4.808,17000
2020-08-05 09:34:32.440,4.807,3500
2020-08-05 09:34:32.440,4.807,5000
2020-08-05 09:34:32.440,4.806,29000
2020-08-05 09:34:32.440,4.806,2000
2020-08-05 09:34:32.440,4.806,180500
2020-08-05 09:34:32.810,4.806,2000
2020-08-05 09:34:32.860,4.806,10000
2020-08-05 09:34:33.010,4.806,20000
2020-08-05 09:34:33.700,4.808,4000
2020-08-05 09:34:34.330,4.806,11300
2020-08-05 09:34:35.710,4.806,6100
2020-08-05 09:34:35.710,4.806,100
2020-08-05 09:34:36.130,4.808,2300
2020-08-05 09:34:37.110,4.808,8700
2020-08-05 09:34:37.670,4.807,3000
2020-08-05 09:34:37.950,4.808,65900
2020-08-05 09:34:37.950,4.808,300
2020-08-05 09:34:37.950,4.808,200
2020-08-05 09:34:37.950,4.808,233600
2020-08-05 09:34:39.690,4.808,2000
2020-08-05 09:34:40.000,4.808,1000
2020-08-05 09:34:40.060,4.808,1000
2020-08-05 09:34:40.260,4.808,100
2020-08-05 09:34:40.260,4.808,1500
2020-08-05 09:34:40.260,4.809,400
2020-08-05 09:34:40.260,4.809,4300
2020-08-05 09:34:40.260,4.809,10300
2020-08-05 09:34:40.260,4.809,200
2020-08-05 09:34:40.260,4.809,1300
2020-08-05 09:34:40.310,4.807,2100
2020-08-05 09:34:40.690,4.807,500
2020-08-05 09:34:42.290,4.807,3100
2020-08-05 09:34:42.840,4.807,41300
2020-08-05 09:34:42.840,4.807,1500
2020-08-05 09:34:43.390,4.807,500
2020-08-05 09:34:43.560,4.808,5000
2020-08-05 09:34:44.100,4.807,2000
2020-08-05 09:34:45.240,4.808,105200
2020-08-05 09:34:45.540,4.807,1000
2020-08-05 09:34:45.540,4.807,200
2020-08-05 09:34:45.540,4.807,1600
2020-08-05 09:34:45.680,4.808,1000
2020-08-05 09:34:45.760,4.808,500
2020-08-05 09:34:46.500,4.807,1000
2020-08-05 09:34:47.350,4.808,500
2020-08-05 09:34:47.350,4.807,1500
2020-08-05 09:34:47.540,4.808,10000
2020-08-05 09:34:48.070,4.808,500
2020-08-05 09:34:48.800,4.808,30000
2020-08-05 09:34:49.600,4.808,300
2020-08-05 09:34:49.840,4.808,500
2020-08-05 09:34:50.390,4.808,2000
2020-08-05 09:34:52.130,4.808,50000
2020-08-05 09:34:52.330,4.808,4000
2020-08-05 09:34:52.750,4.808,88600
2020-08-05 09:34:52.750,4.808,100
2020-08-05 09:34:53.210,4.808,1800
2020-08-05 09:34:53.210,4.808,1500
2020-08-05 09:34:53.210,4.808,6900
2020-08-05 09:34:54.020,4.809,700
2020-08-05 09:34:54.020,4.809,500
2020-08-05 09:34:54.160,4.808,20000
2020-08-05 09:34:56.190,4.81,300
2020-08-05 09:34:56.190,4.81,1000
2020-08-05 09:34:56.190,4.81,2100
2020-08-05 09:34:56.190,4.81,500
2020-08-05 09:34:56.190,4.81,200
2020-08-05 09:34:56.190,4.81,3000
2020-08-05 09:34:56.190,4.81,1400
2020-08-05 09:34:56.190,4.81,300
2020-08-05 09:34:56.190,4.81,5600
2020-08-05 09:34:56.190,4.81,55300
2020-08-05 09:34:59.090,4.81,44700
2020-08-05 09:34:59.750,4.81,1800
2020-08-05 09:35:00.440,4.81,1000
2020-08-05 09:35:01.360,4.81,2800
2020-08-05 09:35:01.490,4.811,200
2020-08-05 09:35:01.490,4.811,300
2020-08-05 09:35:02.040,4.81,49700
2020-08-05 09:35:02.040,4.81,200
2020-08-05 09:35:02.040,4.81,100
2020-08-05 09:35:02.150,4.811,800
2020-08-05 09:35:02.240,4.81,1100
2020-08-05 09:35:03.300,4.81,3300
2020-08-05 09:35:03.930,4.811,3900
2020-08-05 09:35:03.930,4.811,800
2020-08-05 09:35:04.280,4.811,3300
2020-08-05 09:35:04.280,4.81,100
2020-08-05 09:35:05.840,4.81,17000
2020-08-05 09:35:05.920,4.811,5000
2020-08-05 09:35:06.730,4.811,1900
2020-08-05 09:35:06.870,4.811,3100
2020-08-05 09:35:07.060,4.811,15500
2020-08-05 09:35:07.250,4.811,900
2020-08-05 09:35:07.280,4.811,5000
2020-08-05 09:35:07.490,4.81,1200
2020-08-05 09:35:07.600,4.811,28600
2020-08-05 09:35:08.680,4.811,5000
2020-08-05 09:35:08.730,4.811,1800
2020-08-05 09:35:08.730,4.811,58200
2020-08-05 09:35:08.880,4.811,500
2020-08-05 09:35:09.670,4.811,100
2020-08-05 09:35:09.740,4.81,1400
2020-08-05 09:35:10.120,4.81,3700
2020-08-05 09:35:10.120,4.81,50000
2020-08-05 09:35:10.120,4.81,2000
2020-08-05 09:35:10.120,4.81,10000
2020-08-05 09:35:10.120,4.81,300
2020-08-05 09:35:10.120,4.81,30000
2020-08-05 09:35:10.150,4.81,5000
2020-08-05 09:35:10.150,4.81,400
2020-08-05 09:35:10.230,4.81,500
2020-08-05 09:35:10.390,4.81,9000
2020-08-05 09:35:10.830,4.81,5000
2020-08-05 09:35:11.110,4.81,10000
2020-08-05 09:35:11.280,4.81,1000
2020-08-05 09:35:11.480,4.81,2000
2020-08-05 09:35:11.870,4.809,2000
2020-08-05 09:35:11.870,4.809,2000
2020-08-05 09:35:11.870,4.809,13900
2020-08-05 09:35:12.190,4.809,2500
2020-08-05 09:35:12.530,4.809,21500
2020-08-05 09:35:12.590,4.809,3000
2020-08-05 09:35:13.000,4.809,10000
2020-08-05 09:35:13.240,4.808,125600
2020-08-05 09:35:14.190,4.809,2000
2020-08-05 09:35:14.740,4.809,5000
2020-08-05 09:35:14.740,4.808,600000
2020-08-05 09:35:14.800,4.808,253800
2020-08-05 09:35:14.800,4.808,11000
2020-08-05 09:35:14.800,4.808,100
2020-08-05 09:35:14.800,4.808,4300
2020-08-05 09:35:14.800,4.808,1300
2020-08-05 09:35:14.800,4.808,100
2020-08-05 09:35:14.800,4.808,1600
2020-08-05 09:35:14.800,4.808,3000
2020-08-05 09:35:14.800,4.808,7000
2020-08-05 09:35:14.800,4.808,1000
2020-08-05 09:35:14.800,4.808,400
2020-08-05 09:35:14.800,4.808,3600
2020-08-05 09:35:14.800,4.808,12800
2020-08-05 09:35:15.140,4.808,800
2020-08-05 09:35:15.700,4.808,2000
2020-08-05 09:35:16.020,4.808,2000
2020-08-05 09:35:16.130,4.807,3500
2020-08-05 09:35:16.130,4.807,1000
2020-08-05 09:35:16.130,4.807,291400
2020-08-05 09:35:16.630,4.808,300
2020-08-05 09:35:16.730,4.808,100000
2020-08-05 09:35:17.430,4.807,57700
2020-08-05 09:35:17.520,4.808,1000
2020-08-05 09:35:18.180,4.807,2900
2020-08-05 09:35:18.180,4.807,5000
2020-08-05 09:35:18.180,4.807,500
2020-08-05 09:35:18.180,4.807,100
2020-08-05 09:35:18.180,4.807,20000
2020-08-05 09:35:18.180,4.807,1000
2020-08-05 09:35:19.810,4.807,100
2020-08-05 09:35:20.670,4.806,20000
2020-08-05 09:35:20.830,4.806,3000
2020-08-05 09:35:20.910,4.807,7800
2020-08-05 09:35:21.950,4.806,5100
2020-08-05 09:35:22.060,4.806,41900
2020-08-05 09:35:22.060,4.806,2000
2020-08-05 09:35:22.060,4.806,3000
2020-08-05 09:35:22.060,4.806,2000
2020-08-05 09:35:22.060,4.806,5000
2020-08-05 09:35:22.060,4.806,2000
2020-08-05 09:35:22.060,4.806,200
2020-08-05 09:35:22.060,4.806,500
2020-08-05 09:35:22.060,4.806,5000
2020-08-05 09:35:22.060,4.806,5000
2020-08-05 09:35:22.060,4.806,12300
2020-08-05 09:35:22.060,4.806,200
2020-08-05 09:35:22.060,4.806,3800
2020-08-05 09:35:22.060,4.806,400
2020-08-05 09:35:22.060,4.806,100
2020-08-05 09:35:22.060,4.806,2000
2020-08-05 09:35:22.270,4.805,100
2020-08-05 09:35:22.270,4.805,1000
2020-08-05 09:35:22.270,4.805,100
2020-08-05 09:35:22.270,4.805,600
2020-08-05 09:35:22.490,4.806,100
2020-08-05 09:35:23.250,4.806,1800
2020-08-05 09:35:23.650,4.806,300
2020-08-05 09:35:23.800,4.806,100
2020-08-05 09:35:24.050,4.806,1000
2020-08-05 09:35:24.180,4.806,1000
2020-08-05 09:35:24.690,4.806,2100
2020-08-05 09:35:24.690,4.806,2900
2020-08-05 09:35:25.480,4.806,500
2020-08-05 09:35:25.640,4.805,39400
2020-08-05 09:35:25.640,4.805,300
2020-08-05 09:35:25.640,4.805,2000
2020-08-05 09:35:25.640,4.805,25000
2020-08-05 09:35:25.640,4.805,600
2020-08-05 09:35:25.640,4.805,10000
2020-08-05 09:35:25.640,4.805,5000
2020-08-05 09:35:25.640,4.805,5900
2020-08-05 09:35:25.640,4.805,4200
2020-08-05 09:35:25.640,4.805,100
2020-08-05 09:35:25.640,4.805,200000
2020-08-05 09:35:27.810,4.805,4100
2020-08-05 09:35:27.940,4.806,1700
2020-08-05 09:35:27.940,4.807,1300
2020-08-05 09:35:27.940,4.805,1500
2020-08-05 09:35:30.710,4.806,22000
2020-08-05 09:35:31.070,4.806,50000
2020-08-05 09:35:31.300,4.806,100
2020-08-05 09:35:32.800,4.806,3000
2020-08-05 09:35:33.840,4.805,100
2020-08-05 09:35:33.840,4.805,2000
2020-08-05 09:35:33.840,4.805,2900
2020-08-05 09:35:34.010,4.805,2000
2020-08-05 09:35:34.100,4.805,100
2020-08-05 09:35:34.190,4.805,1900
2020-08-05 09:35:34.820,4.805,100
2020-08-05 09:35:35.030,4.806,100
2020-08-05 09:35:35.210,4.805,500
2020-08-05 09:35:35.210,4.805,500
2020-08-05 09:35:35.210,4.804,8400
2020-08-05 09:35:35.210,4.804,100
2020-08-05 09:35:35.210,4.804,5000
2020-08-05 09:35:35.210,4.804,5000
2020-08-05 09:35:35.210,4.804,3000
2020-08-05 09:35:35.210,4.804,500
2020-08-05 09:35:35.210,4.804,6400
2020-08-05 09:35:36.000,4.806,1000
2020-08-05 09:35:36.630,4.806,5000
2020-08-05 09:35:37.400,4.806,3200
2020-08-05 09:35:37.950,4.805,5000
2020-08-05 09:35:37.950,4.804,13600
2020-08-05 09:35:37.950,4.804,1400
2020-08-05 09:35:38.520,4.806,100000
2020-08-05 09:35:39.970,4.806,100
2020-08-05 09:35:40.160,4.806,1600
2020-08-05 09:35:40.330,4.805,1000
2020-08-05 09:35:40.330,4.805,4000
2020-08-05 09:35:40.330,4.805,1500
2020-08-05 09:35:40.330,4.805,1000
2020-08-05 09:35:40.330,4.804,600
2020-08-05 09:35:40.330,4.804,1000
2020-08-05 09:35:40.330,4.804,5000
2020-08-05 09:35:40.330,4.804,5000
2020-08-05 09:35:40.330,4.804,9500
2020-08-05 09:35:40.330,4.806,200
2020-08-05 09:35:40.450,4.804,5500
2020-08-05 09:35:40.450,4.803,1000
2020-08-05 09:35:40.450,4.803,3500
2020-08-05 09:35:40.500,4.806,1700
2020-08-05 09:35:41.490,4.803,100
2020-08-05 09:35:41.490,4.803,1200
2020-08-05 09:35:41.490,4.803,800
2020-08-05 09:35:41.490,4.803,900
2020-08-05 09:35:41.980,4.805,300
2020-08-05 09:35:42.130,4.805,2100
2020-08-05 09:35:42.970,4.805,4100
2020-08-05 09:35:42.970,4.805,900
2020-08-05 09:35:43.160,4.805,1700
2020-08-05 09:35:43.160,4.805,1000
2020-08-05 09:35:43.160,4.805,300
2020-08-05 09:35:43.520,4.805,100
2020-08-05 09:35:44.220,4.805,4600
2020-08-05 09:35:44.220,4.805,1000
2020-08-05 09:35:44.220,4.805,1000
2020-08-05 09:35:44.220,4.805,3400
2020-08-05 09:35:44.470,4.805,100
2020-08-05 09:35:44.520,4.803,2100
2020-08-05 09:35:44.520,4.803,4700
2020-08-05 09:35:44.520,4.803,10000
2020-08-05 09:35:44.520,4.803,23500
2020-08-05 09:35:44.520,4.803,1000
2020-08-05 09:35:44.520,4.803,10000
2020-08-05 09:35:44.520,4.803,17600
2020-08-05 09:35:44.520,4.803,5100
2020-08-05 09:35:44.520,4.803,1000
2020-08-05 09:35:44.520,4.803,500
2020-08-05 09:35:44.680,4.803,300
2020-08-05 09:35:45.040,4.803,200
2020-08-05 09:35:46.110,4.803,22000
2020-08-05 09:35:46.680,4.803,400
2020-08-05 09:35:47.040,4.803,2000
2020-08-05 09:35:47.630,4.802,13700
2020-08-05 09:35:49.430,4.803,100
2020-08-05 09:35:49.600,4.803,2300
2020-08-05 09:35:49.910,4.803,50000
2020-08-05 09:35:50.750,4.803,500
2020-08-05 09:35:50.800,4.803,146700
2020-08-05 09:35:51.480,4.805,500
2020-08-05 09:35:52.420,4.805,2000
2020-08-05 09:35:52.420,4.805,800
2020-08-05 09:35:52.420,4.805,500
2020-08-05 09:35:53.800,4.803,20000
2020-08-05 09:35:55.020,4.803,3600
2020-08-05 09:35:55.220,4.803,1100
2020-08-05 09:35:56.070,4.803,50000
2020-08-05 09:35:56.900,4.803,5000
2020-08-05 09:35:57.910,4.803,500
2020-08-05 09:35:58.700,4.804,100
2020-08-05 09:35:58.700,4.803,800
2020-08-05 09:35:59.550,4.805,6200
2020-08-05 09:36:00.750,4.805,3500
2020-08-05 09:36:00.750,4.805,5000
2020-08-05 09:36:00.750,4.805,2000
2020-08-05 09:36:00.750,4.805,1000
2020-08-05 09:36:00.750,4.806,11000
2020-08-05 09:36:01.790,4.804,5000
2020-08-05 09:36:02.110,4.804,23600
2020-08-05 09:36:02.220,4.804,21400
2020-08-05 09:36:02.220,4.804,2100
2020-08-05 09:36:02.220,4.803,28000
2020-08-05 09:36:02.220,4.803,3000
2020-08-05 09:36:02.220,4.803,2000
2020-08-05 09:36:02.220,4.803,100
2020-08-05 09:36:02.220,4.803,100
2020-08-05 09:36:02.220,4.803,100
2020-08-05 09:36:02.220,4.803,300
2020-08-05 09:36:02.220,4.803,100
2020-08-05 09:36:02.950,4.802,1100
2020-08-05 09:36:03.040,4.803,200
2020-08-05 09:36:03.200,4.803,12500
2020-08-05 09:36:03.350,4.802,3200
2020-08-05 09:36:03.350,4.802,500
2020-08-05 09:36:03.350,4.802,2100
2020-08-05 09:36:03.350,4.802,2500
2020-08-05 09:36:03.350,4.802,2800
2020-08-05 09:36:03.350,4.802,20000
2020-08-05 09:36:03.350,4.802,2500
2020-08-05 09:36:03.350,4.802,100
2020-08-05 09:36:03.350,4.802,100
2020-08-05 09:36:03.350,4.802,6000
2020-08-05 09:36:03.350,4.802,1000
2020-08-05 09:36:03.350,4.802,4000
2020-08-05 09:36:03.350,4.802,1000
2020-08-05 09:36:03.350,4.802,10000
2020-08-05 09:36:03.350,4.802,1000
2020-08-05 09:36:03.350,4.802,2000
2020-08-05 09:36:03.350,4.802,14000
2020-08-05 09:36:03.350,4.802,100
2020-08-05 09:36:03.350,4.802,300
2020-08-05 09:36:03.350,4.802,4000
2020-08-05 09:36:03.350,4.802,5000
2020-08-05 09:36:03.350,4.802,800
2020-08-05 09:36:03.350,4.802,1000
2020-08-05 09:36:03.350,4.802,10000
2020-08-05 09:36:03.350,4.802,400
2020-08-05 09:36:03.350,4.802,4000
2020-08-05 09:36:03.350,4.802,12000
2020-08-05 09:36:03.350,4.802,500
2020-08-05 09:36:03.350,4.802,20000
2020-08-05 09:36:03.670,4.802,3000
2020-08-05 09:36:03.720,4.802,200
2020-08-05 09:36:03.890,4.802,2000
2020-08-05 09:36:04.170,4.802,1000
2020-08-05 09:36:05.170,4.802,18200
2020-08-05 09:36:05.570,4.802,900
2020-08-05 09:36:05.900,4.801,200
2020-08-05 09:36:05.900,4.801,400
2020-08-05 09:36:05.900,4.801,15000
2020-08-05 09:36:05.900,4.801,38500
2020-08-05 09:36:05.900,4.801,20000
2020-08-05 09:36:05.900,4.801,93700
2020-08-05 09:36:05.900,4.801,10000
2020-08-05 09:36:05.900,4.801,200
2020-08-05 09:36:05.900,4.801,100
2020-08-05 09:36:05.900,4.801,3000
2020-08-05 09:36:05.900,4.801,100
2020-08-05 09:36:05.900,4.801,5000
2020-08-05 09:36:05.900,4.801,2000
2020-08-05 09:36:05.900,4.801,500
2020-08-05 09:36:05.900,4.801,100
2020-08-05 09:36:05.900,4.801,2300
2020-08-05 09:36:05.900,4.801,900
2020-08-05 09:36:05.900,4.801,2000
2020-08-05 09:36:05.900,4.801,5000
2020-08-05 09:36:05.900,4.801,200
2020-08-05 09:36:05.900,4.801,50000
2020-08-05 09:36:05.900,4.801,10000
2020-08-05 09:36:05.900,4.801,500
2020-08-05 09:36:05.900,4.801,1000
2020-08-05 09:36:05.900,4.801,400
2020-08-05 09:36:05.900,4.801,1000
2020-08-05 09:36:05.900,4.801,33100
2020-08-05 09:36:05.900,4.801,200
2020-08-05 09:36:05.900,4.801,2100
2020-08-05 09:36:05.900,4.8,100
2020-08-05 09:36:05.900,4.8,100
2020-08-05 09:36:05.900,4.8,1700
2020-08-05 09:36:05.900,4.8,600
2020-08-05 09:36:06.380,4.801,100
2020-08-05 09:36:06.560,4.801,2800
2020-08-05 09:36:06.690,4.801,1000
2020-08-05 09:36:06.770,4.801,15000
2020-08-05 09:36:07.190,4.801,10000
2020-08-05 09:36:07.880,4.8,400
2020-08-05 09:36:07.880,4.8,3500
2020-08-05 09:36:07.880,4.8,2000
2020-08-05 09:36:07.880,4.8,5000
2020-08-05 09:36:07.880,4.8,5000
2020-08-05 09:36:07.880,4.8,3000
2020-08-05 09:36:07.880,4.8,1000
2020-08-05 09:36:07.880,4.8,100
2020-08-05 09:36:07.880,4.8,4500
2020-08-05 09:36:07.880,4.8,1000
2020-08-05 09:36:07.880,4.8,200
2020-08-05 09:36:07.880,4.8,200
2020-08-05 09:36:07.880,4.8,10100
2020-08-05 09:36:07.880,4.8,2000
2020-08-05 09:36:07.880,4.8,1000
2020-08-05 09:36:07.880,4.8,11000
2020-08-05 09:36:07.880,4.8,2500
2020-08-05 09:36:07.880,4.8,1000
2020-08-05 09:36:07.880,4.8,3000
2020-08-05 09:36:07.880,4.8,500
2020-08-05 09:36:07.880,4.8,10000
2020-08-05 09:36:07.880,4.8,10000
2020-08-05 09:36:07.880,4.8,2000
2020-08-05 09:36:07.880,4.8,5000
2020-08-05 09:36:07.880,4.8,10000
2020-08-05 09:36:07.880,4.8,1000
2020-08-05 09:36:07.880,4.8,1000
2020-08-05 09:36:07.880,4.8,1000
2020-08-05 09:36:07.880,4.8,2000
2020-08-05 09:36:07.880,4.8,200
2020-08-05 09:36:07.880,4.8,200
2020-08-05 09:36:07.880,4.8,1000
2020-08-05 09:36:07.880,4.8,9500
2020-08-05 09:36:07.880,4.8,1000
2020-08-05 09:36:07.880,4.8,1100
2020-08-05 09:36:07.880,4.8,400
2020-08-05 09:36:07.880,4.8,7000
2020-08-05 09:36:07.880,4.8,14700
2020-08-05 09:36:07.880,4.8,6000
2020-08-05 09:36:07.880,4.8,5000
2020-08-05 09:36:07.880,4.8,1000
2020-08-05 09:36:07.880,4.8,1000
2020-08-05 09:36:07.880,4.8,8800
2020-08-05 09:36:07.880,4.8,500
2020-08-05 09:36:07.880,4.8,2500
2020-08-05 09:36:07.880,4.8,6000
2020-08-05 09:36:07.880,4.8,100
2020-08-05 09:36:07.880,4.8,200
2020-08-05 09:36:07.880,4.8,2000
2020-08-05 09:36:07.880,4.8,10000
2020-08-05 09:36:07.880,4.8,1000
2020-08-05 09:36:07.880,4.8,5000
2020-08-05 09:36:07.880,4.8,1000
2020-08-05 09:36:07.880,4.8,1000
2020-08-05 09:36:07.880,4.8,2000
2020-08-05 09:36:07.880,4.8,5000
2020-08-05 09:36:07.880,4.8,2500
2020-08-05 09:36:07.880,4.8,2000
2020-08-05 09:36:07.880,4.8,1000
2020-08-05 09:36:07.880,4.8,1000
2020-08-05 09:36:07.880,4.8,5000
2020-08-05 09:36:07.880,4.8,100
2020-08-05 09:36:07.880,4.8,700
2020-08-05 09:36:07.880,4.8,1000
2020-08-05 09:36:07.880,4.8,1000
2020-08-05 09:36:07.880,4.8,1000
2020-08-05 09:36:07.880,4.8,5000
2020-08-05 09:36:07.880,4.8,800
2020-08-05 09:36:07.880,4.8,10000
2020-08-05 09:36:07.880,4.8,1000
2020-08-05 09:36:07.880,4.8,500
2020-08-05 09:36:07.880,4.8,1000
2020-08-05 09:36:07.880,4.8,3000
2020-08-05 09:36:07.880,4.8,100
2020-08-05 09:36:07.880,4.8,15000
2020-08-05 09:36:07.880,4.8,5000
2020-08-05 09:36:07.880,4.8,100
2020-08-05 09:36:07.880,4.8,1000
2020-08-05 09:36:07.880,4.8,400
2020-08-05 09:36:07.880,4.8,500
2020-08-05 09:36:07.880,4.8,100
2020-08-05 09:36:07.880,4.8,30900
2020-08-05 09:36:07.880,4.8,200
2020-08-05 09:36:07.880,4.8,1000
2020-08-05 09:36:07.880,4.8,5000
2020-08-05 09:36:07.880,4.8,9400
2020-08-05 09:36:08.040,4.8,600
2020-08-05 09:36:08.040,4.8,100
2020-08-05 09:36:08.040,4.8,200
2020-08-05 09:36:08.040,4.8,200
2020-08-05 09:36:08.040,4.8,100
2020-08-05 09:36:08.040,4.8,5000
2020-08-05 09:36:08.040,4.8,500
2020-08-05 09:36:08.040,4.8,1000
2020-08-05 09:36:08.040,4.8,6200
2020-08-05 09:36:08.040,4.8,30000
2020-08-05 09:36:08.040,4.8,1000
2020-08-05 09:36:08.040,4.8,10000
2020-08-05 09:36:08.040,4.8,500
2020-08-05 09:36:08.040,4.8,10000
2020-08-05 09:36:08.040,4.8,100
2020-08-05 09:36:08.040,4.8,5000
2020-08-05 09:36:08.040,4.8,200
2020-08-05 09:36:08.040,4.8,5000
2020-08-05 09:36:08.040,4.8,5000
2020-08-05 09:36:08.040,4.8,1000
2020-08-05 09:36:08.040,4.8,2700
2020-08-05 09:36:08.040,4.8,1000
2020-08-05 09:36:08.040,4.8,500
2020-08-05 09:36:08.040,4.8,2000
2020-08-05 09:36:08.040,4.8,500
2020-08-05 09:36:08.040,4.8,1000
2020-08-05 09:36:08.040,4.8,2100
2020-08-05 09:36:08.040,4.8,1000
2020-08-05 09:36:08.040,4.8,100
2020-08-05 09:36:08.040,4.8,300
2020-08-05 09:36:08.040,4.8,10000
2020-08-05 09:36:08.040,4.8,300
2020-08-05 09:36:08.040,4.8,10000
2020-08-05 09:36:08.040,4.8,100
2020-08-05 09:36:08.040,4.8,1000
2020-08-05 09:36:08.040,4.8,2000
2020-08-05 09:36:08.040,4.8,100
2020-08-05 09:36:08.040,4.8,600
2020-08-05 09:36:08.040,4.8,3000
2020-08-05 09:36:08.040,4.8,400
2020-08-05 09:36:08.040,4.799,100
2020-08-05 09:36:08.040,4.799,600
2020-08-05 09:36:08.040,4.799,30000
2020-08-05 09:36:08.040,4.799,1500
2020-08-05 09:36:08.040,4.799,300
2020-08-05 09:36:08.040,4.799,3000
2020-08-05 09:36:08.040,4.799,100
2020-08-05 09:36:08.040,4.799,7200
2020-08-05 09:36:08.040,4.799,2000
2020-08-05 09:36:08.040,4.799,600
2020-08-05 09:36:08.040,4.799,134200
2020-08-05 09:36:08.120,4.799,30000
2020-08-05 09:36:08.250,4.801,100
2020-08-05 09:36:08.500,4.799,300000
2020-08-05 09:36:08.730,4.8,200
2020-08-05 09:36:08.870,4.8,200
2020-08-05 09:36:08.870,4.8,2000
2020-08-05 09:36:08.930,4.8,100
2020-08-05 09:36:09.370,4.8,500
2020-08-05 09:36:09.550,4.8,100
2020-08-05 09:36:09.690,4.8,200
2020-08-05 09:36:09.880,4.8,1000
2020-08-05 09:36:09.960,4.8,100
2020-08-05 09:36:10.370,4.8,200
2020-08-05 09:36:10.920,4.8,100
2020-08-05 09:36:11.020,4.8,9800
2020-08-05 09:36:11.330,4.799,143800
2020-08-05 09:36:12.390,4.8,800
2020-08-05 09:36:12.770,4.8,500
2020-08-05 09:36:14.620,4.801,100
2020-08-05 09:36:15.070,4.8,1000
2020-08-05 09:36:15.940,4.8,500
2020-08-05 09:36:15.940,4.8,8500
2020-08-05 09:36:15.940,4.8,200
2020-08-05 09:36:15.940,4.799,1200
2020-08-05 09:36:15.940,4.799,800
2020-08-05 09:36:15.940,4.799,1500
2020-08-05 09:36:15.940,4.798,300
2020-08-05 09:36:15.940,4.798,500
2020-08-05 09:36:15.940,4.798,500
2020-08-05 09:36:15.940,4.798,500
2020-08-05 09:36:15.940,4.798,2000
2020-08-05 09:36:15.940,4.798,1200
2020-08-05 09:36:15.940,4.798,300
2020-08-05 09:36:15.940,4.798,200
2020-08-05 09:36:15.940,4.798,5000
2020-08-05 09:36:15.940,4.797,4200
2020-08-05 09:36:15.940,4.797,23100
2020-08-05 09:36:16.990,4.8,2000
2020-08-05 09:36:17.250,4.8,3000
2020-08-05 09:36:17.250,4.8,4000
2020-08-05 09:36:18.200,4.8,100
2020-08-05 09:36:18.370,4.8,3900
2020-08-05 09:36:20.270,4.801,1500
2020-08-05 09:36:20.270,4.802,1800
2020-08-05 09:36:20.270,4.802,4000
2020-08-05 09:36:20.270,4.802,500
2020-08-05 09:36:20.270,4.802,1400
2020-08-05 09:36:20.270,4.803,800
2020-08-05 09:36:23.220,4.8,1100
2020-08-05 09:36:23.220,4.8,5000
2020-08-05 09:36:23.220,4.8,100
2020-08-05 09:36:23.220,4.8,1000
2020-08-05 09:36:23.220,4.8,25000
2020-08-05 09:36:23.220,4.8,100
2020-08-05 09:36:23.220,4.8,800
2020-08-05 09:36:23.300,4.8,2000
2020-08-05 09:36:23.900,4.799,900
2020-08-05 09:36:24.300,4.8,50000
2020-08-05 09:36:24.440,4.8,2100
2020-08-05 09:36:24.500,4.8,212800
2020-08-05 09:36:24.500,4.8,32200
2020-08-05 09:36:24.500,4.8,2600
2020-08-05 09:36:24.900,4.8,18400
2020-08-05 09:36:25.570,4.8,34000
2020-08-05 09:36:25.740,4.8,3200
2020-08-05 09:36:26.210,4.8,200
2020-08-05 09:36:26.480,4.799,16700
2020-08-05 09:36:26.480,4.799,300
2020-08-05 09:36:26.480,4.799,500
2020-08-05 09:36:26.480,4.798,900
2020-08-05 09:36:27.780,4.798,100
2020-08-05 09:36:27.780,4.798,2500
2020-08-05 09:36:27.780,4.798,50000
2020-08-05 09:36:27.780,4.798,200
2020-08-05 09:36:27.780,4.798,2800
2020-08-05 09:36:27.780,4.798,1000
2020-08-05 09:36:27.870,4.799,500
2020-08-05 09:36:28.030,4.799,100
2020-08-05 09:36:28.110,4.799,25000
2020-08-05 09:36:28.850,4.799,1200
2020-08-05 09:36:29.250,4.799,900
2020-08-05 09:36:29.370,4.798,5800
2020-08-05 09:36:29.370,4.797,312700
2020-08-05 09:36:29.370,4.797,150100
2020-08-05 09:36:29.370,4.797,14400
2020-08-05 09:36:29.370,4.797,800
2020-08-05 09:36:29.370,4.797,1000
2020-08-05 09:36:29.370,4.797,100
2020-08-05 09:36:29.370,4.797,100
2020-08-05 09:36:29.370,4.797,2000
2020-08-05 09:36:29.370,4.797,3000
2020-08-05 09:36:29.370,4.797,1000
2020-08-05 09:36:29.370,4.797,80000
2020-08-05 09:36:29.370,4.796,600
2020-08-05 09:36:29.370,4.796,3000
2020-08-05 09:36:29.370,4.796,200
2020-08-05 09:36:29.370,4.796,2000
2020-08-05 09:36:29.370,4.796,1000
2020-08-05 09:36:29.370,4.796,500
2020-08-05 09:36:29.370,4.796,321700
2020-08-05 09:36:29.630,4.797,5000
2020-08-05 09:36:30.240,4.797,100
2020-08-05 09:36:30.390,4.797,100
2020-08-05 09:36:31.090,4.797,10000
2020-08-05 09:36:31.230,4.796,300000
2020-08-05 09:36:31.390,4.796,278300
2020-08-05 09:36:31.600,4.796,21700
2020-08-05 09:36:31.600,4.797,14300
2020-08-05 09:36:31.990,4.797,100
2020-08-05 09:36:32.240,4.796,100
2020-08-05 09:36:32.350,4.796,400
2020-08-05 09:36:32.510,4.796,100
2020-08-05 09:36:33.040,4.796,300
2020-08-05 09:36:33.630,4.796,100
2020-08-05 09:36:33.650,4.796,1000
2020-08-05 09:36:35.370,4.796,200
2020-08-05 09:36:35.570,4.796,2000
2020-08-05 09:36:35.620,4.796,500
2020-08-05 09:36:35.720,4.795,5000
2020-08-05 09:36:35.720,4.795,3100
2020-08-05 09:36:35.960,4.796,100
2020-08-05 09:36:35.960,4.796,5000
2020-08-05 09:36:36.330,4.795,6900
2020-08-05 09:36:36.330,4.795,100
2020-08-05 09:36:36.330,4.795,500
2020-08-05 09:36:36.330,4.795,600
2020-08-05 09:36:36.330,4.795,4200
2020-08-05 09:36:36.330,4.795,10000
2020-08-05 09:36:36.330,4.795,2100
2020-08-05 09:36:36.330,4.795,5000
2020-08-05 09:36:36.330,4.795,1000
2020-08-05 09:36:36.520,4.795,400
2020-08-05 09:36:36.700,4.795,5000
2020-08-05 09:36:36.700,4.795,100
2020-08-05 09:36:36.900,4.794,3000
2020-08-05 09:36:37.020,4.794,1000
2020-08-05 09:36:37.090,4.794,311000
2020-08-05 09:36:37.090,4.795,6200
2020-08-05 09:36:37.120,4.795,5000
2020-08-05 09:36:37.120,4.795,2400
2020-08-05 09:36:37.430,4.795,575400
2020-08-05 09:36:37.980,4.794,500
2020-08-05 09:36:38.120,4.794,1000
2020-08-05 09:36:38.330,4.794,100
2020-08-05 09:36:38.460,4.794,5000
2020-08-05 09:36:38.460,4.793,1000
2020-08-05 09:36:38.460,4.793,3100
2020-08-05 09:36:38.460,4.793,20000
2020-08-05 09:36:38.460,4.793,4100
2020-08-05 09:36:38.460,4.793,10000
2020-08-05 09:36:38.460,4.793,2000
2020-08-05 09:36:38.460,4.793,600
2020-08-05 09:36:38.460,4.793,1500
2020-08-05 09:36:38.460,4.793,80000
2020-08-05 09:36:38.460,4.793,1000
2020-08-05 09:36:38.460,4.793,3000
2020-08-05 09:36:38.520,4.793,200
2020-08-05 09:36:38.550,4.793,50000
2020-08-05 09:36:38.550,4.793,200
2020-08-05 09:36:38.600,4.793,300
2020-08-05 09:36:38.980,4.793,400
2020-08-05 09:36:39.170,4.793,200
2020-08-05 09:36:39.860,4.792,10000
2020-08-05 09:36:39.860,4.792,1200
2020-08-05 09:36:39.860,4.792,2500
2020-08-05 09:36:39.860,4.792,5800
2020-08-05 09:36:39.860,4.792,3000
2020-08-05 09:36:39.860,4.792,500
2020-08-05 09:36:39.860,4.792,2000
2020-08-05 09:36:39.860,4.792,1000
2020-08-05 09:36:39.860,4.792,2000
2020-08-05 09:36:39.950,4.791,2200
2020-08-05 09:36:41.030,4.792,10000
2020-08-05 09:36:41.060,4.791,1300
2020-08-05 09:36:41.060,4.791,10000
2020-08-05 09:36:41.060,4.791,100
2020-08-05 09:36:41.060,4.791,4000
2020-08-05 09:36:41.060,4.791,50000
2020-08-05 09:36:41.060,4.791,2000
2020-08-05 09:36:41.060,4.791,2000
2020-08-05 09:36:41.060,4.79,500
2020-08-05 09:36:41.060,4.79,3500
2020-08-05 09:36:41.060,4.79,1000
2020-08-05 09:36:41.060,4.79,1000
2020-08-05 09:36:41.060,4.79,100
2020-08-05 09:36:41.060,4.79,4500
2020-08-05 09:36:41.060,4.79,11000
2020-08-05 09:36:41.060,4.79,40000
2020-08-05 09:36:41.060,4.79,40000
2020-08-05 09:36:41.060,4.79,600
2020-08-05 09:36:41.060,4.79,5500
2020-08-05 09:36:41.060,4.79,4100
2020-08-05 09:36:41.060,4.79,600
2020-08-05 09:36:41.060,4.79,5000
2020-08-05 09:36:41.060,4.79,5000
2020-08-05 09:36:41.060,4.79,5000
2020-08-05 09:36:41.060,4.79,100
2020-08-05 09:36:41.060,4.79,10000
2020-08-05 09:36:41.060,4.79,10000
2020-08-05 09:36:41.060,4.79,20000
2020-08-05 09:36:41.060,4.79,3000
2020-08-05 09:36:41.060,4.79,100
2020-08-05 09:36:41.060,4.79,3900
2020-08-05 09:36:41.060,4.79,1000
2020-08-05 09:36:41.060,4.79,3000
2020-08-05 09:36:41.060,4.79,200
2020-08-05 09:36:41.060,4.79,2000
2020-08-05 09:36:41.060,4.79,1000
2020-08-05 09:36:41.060,4.79,200
2020-08-05 09:36:41.060,4.79,10000
2020-08-05 09:36:41.060,4.79,2000
2020-08-05 09:36:41.060,4.79,200
2020-08-05 09:36:41.060,4.79,1000
2020-08-05 09:36:41.060,4.79,1000
2020-08-05 09:36:41.060,4.79,1200
2020-08-05 09:36:41.060,4.79,2000
2020-08-05 09:36:41.060,4.79,5000
2020-08-05 09:36:41.060,4.79,1000
2020-08-05 09:36:41.060,4.79,4000
2020-08-05 09:36:41.060,4.79,500
2020-08-05 09:36:41.060,4.79,200
2020-08-05 09:36:41.730,4.789,500
2020-08-05 09:36:41.730,4.789,100
2020-08-05 09:36:41.730,4.789,1000
2020-08-05 09:36:41.730,4.789,3000
2020-08-05 09:36:41.730,4.789,200
2020-08-05 09:36:41.730,4.789,4000
2020-08-05 09:36:41.730,4.789,2000
2020-08-05 09:36:41.730,4.789,5000
2020-08-05 09:36:41.730,4.789,20000
2020-08-05 09:36:41.730,4.789,1500
2020-08-05 09:36:41.730,4.789,45500
2020-08-05 09:36:41.890,4.79,5000
2020-08-05 09:36:42.220,4.788,2100
2020-08-05 09:36:42.740,4.79,2000
2020-08-05 09:36:42.830,4.79,200
2020-08-05 09:36:42.910,4.788,800
2020-08-05 09:36:42.910,4.788,3000
2020-08-05 09:36:42.910,4.788,6200
2020-08-05 09:36:43.550,4.79,500
2020-08-05 09:36:43.610,4.79,5000
2020-08-05 09:36:44.250,4.79,1000
2020-08-05 09:36:44.250,4.79,600
2020-08-05 09:36:44.310,4.79,1000
2020-08-05 09:36:44.310,4.79,400
2020-08-05 09:36:44.330,4.79,100
2020-08-05 09:36:45.150,4.789,5000
2020-08-05 09:36:45.150,4.788,2800
2020-08-05 09:36:45.150,4.788,500
2020-08-05 09:36:45.150,4.788,5000
2020-08-05 09:36:45.150,4.788,239000
2020-08-05 09:36:45.150,4.788,3000
2020-08-05 09:36:45.150,4.788,2000
2020-08-05 09:36:45.150,4.788,5000
2020-08-05 09:36:45.150,4.788,1000
2020-08-05 09:36:45.150,4.788,36700
2020-08-05 09:36:45.960,4.789,50000
2020-08-05 09:36:46.470,4.788,63300
2020-08-05 09:36:46.470,4.788,500
2020-08-05 09:36:46.470,4.788,3000
2020-08-05 09:36:46.470,4.788,2000
2020-08-05 09:36:46.470,4.788,3000
2020-08-05 09:36:46.470,4.788,100
2020-08-05 09:36:46.470,4.788,5000
2020-08-05 09:36:46.470,4.788,5000
2020-08-05 09:36:46.470,4.788,100
2020-08-05 09:36:46.470,4.788,100
2020-08-05 09:36:46.470,4.788,2000
2020-08-05 09:36:46.470,4.788,215900
2020-08-05 09:36:46.470,4.789,20100
2020-08-05 09:36:46.580,4.789,5300
2020-08-05 09:36:46.960,4.788,47600
2020-08-05 09:36:46.960,4.788,100000
2020-08-05 09:36:46.960,4.788,71200
2020-08-05 09:36:47.070,4.788,28800
2020-08-05 09:36:47.070,4.788,100
2020-08-05 09:36:47.070,4.788,500
2020-08-05 09:36:47.900,4.788,10000
2020-08-05 09:36:48.120,4.787,5000
2020-08-05 09:36:48.120,4.787,169200
2020-08-05 09:36:48.120,4.787,600
2020-08-05 09:36:48.120,4.787,3000
2020-08-05 09:36:48.120,4.786,1000
2020-08-05 09:36:48.120,4.786,100
2020-08-05 09:36:48.120,4.786,2500
2020-08-05 09:36:48.120,4.786,2000
2020-08-05 09:36:48.120,4.786,1000
2020-08-05 09:36:48.120,4.786,500
2020-08-05 09:36:48.120,4.786,5000
2020-08-05 09:36:48.120,4.786,100000
2020-08-05 09:36:48.120,4.786,10100
2020-08-05 09:36:48.230,4.788,100
2020-08-05 09:36:48.430,4.788,3000
2020-08-05 09:36:48.700,4.786,69900
2020-08-05 09:36:48.730,4.786,1000
2020-08-05 09:36:48.730,4.786,100000
2020-08-05 09:36:49.280,4.786,1200
2020-08-05 09:36:49.450,4.786,5000
2020-08-05 09:36:50.430,4.787,15000
2020-08-05 09:36:50.620,4.786,100
2020-08-05 09:36:50.620,4.786,1000
2020-08-05 09:36:50.730,4.786,1200
2020-08-05 09:36:50.900,4.785,2000
2020-08-05 09:36:51.040,4.786,100
2020-08-05 09:36:51.070,4.785,1000
2020-08-05 09:36:51.070,4.785,2500
2020-08-05 09:36:51.070,4.785,1000
2020-08-05 09:36:51.070,4.785,2900
2020-08-05 09:36:51.330,4.786,2500
2020-08-05 09:36:51.570,4.785,900
2020-08-05 09:36:51.640,4.786,2200
2020-08-05 09:36:52.210,4.786,1100
2020-08-05 09:36:52.690,4.785,36200
2020-08-05 09:36:52.690,4.785,100
2020-08-05 09:36:52.690,4.785,200
2020-08-05 09:36:52.690,4.785,200
2020-08-05 09:36:52.690,4.785,2000
2020-08-05 09:36:52.690,4.785,100
2020-08-05 09:36:52.690,4.785,1000
2020-08-05 09:36:52.690,4.785,10000
2020-08-05 09:36:52.690,4.785,5000
2020-08-05 09:36:52.690,4.785,153300
2020-08-05 09:36:53.150,4.785,1000
2020-08-05 09:36:53.230,4.785,100
2020-08-05 09:36:53.470,4.784,2000
2020-08-05 09:36:53.470,4.784,3000
2020-08-05 09:36:53.470,4.784,1000
2020-08-05 09:36:53.470,4.784,1000
2020-08-05 09:36:53.470,4.784,1000
2020-08-05 09:36:53.470,4.785,10000
2020-08-05 09:36:53.530,4.785,1000
2020-08-05 09:36:53.800,4.785,79800
2020-08-05 09:36:53.800,4.785,5700
2020-08-05 09:36:53.890,4.786,1100
2020-08-05 09:36:54.080,4.785,20000
2020-08-05 09:36:54.390,4.786,100
2020-08-05 09:36:54.500,4.786,1000
2020-08-05 09:36:54.590,4.786,200
2020-08-05 09:36:54.780,4.785,9400
2020-08-05 09:36:55.060,4.785,15000
2020-08-05 09:36:55.060,4.785,78000
2020-08-05 09:36:55.100,4.786,2400
2020-08-05 09:36:55.150,4.786,100
2020-08-05 09:36:55.230,4.786,8500
2020-08-05 09:36:55.310,4.786,200000
2020-08-05 09:36:55.540,4.786,2300
2020-08-05 09:36:55.570,4.785,4000
2020-08-05 09:36:55.710,4.786,7700
2020-08-05 09:36:56.330,4.786,3000
2020-08-05 09:36:56.330,4.787,6000
2020-08-05 09:36:56.910,4.787,1000
2020-08-05 09:36:56.910,4.786,10000
2020-08-05 09:36:56.910,4.786,5000
2020-08-05 09:36:56.910,4.785,2000
2020-08-05 09:36:56.910,4.785,300
2020-08-05 09:36:56.980,4.785,2200
2020-08-05 09:36:56.980,4.785,21600
2020-08-05 09:36:58.340,4.788,10100
2020-08-05 09:36:58.340,4.788,35600
2020-08-05 09:36:59.070,4.788,3000
2020-08-05 09:36:59.630,4.788,31300
2020-08-05 09:36:59.630,4.788,300
2020-08-05 09:36:59.630,4.788,800
2020-08-05 09:36:59.630,4.788,2000
2020-08-05 09:36:59.630,4.788,53200
2020-08-05 09:37:00.250,4.79,200000
2020-08-05 09:37:00.490,4.79,20000
2020-08-05 09:37:00.750,4.791,45500
2020-08-05 09:37:00.960,4.791,700
2020-08-05 09:37:01.450,4.79,50000
2020-08-05 09:37:02.250,4.79,10000
2020-08-05 09:37:02.430,4.792,50000
2020-08-05 09:37:02.430,4.792,700
2020-08-05 09:37:02.430,4.792,1000
2020-08-05 09:37:02.990,4.792,2000
2020-08-05 09:37:02.990,4.791,1000
2020-08-05 09:37:03.090,4.791,15900
2020-08-05 09:37:03.880,4.791,2900
2020-08-05 09:37:04.440,4.793,2000
2020-08-05 09:37:04.520,4.791,3000
2020-08-05 09:37:04.660,4.791,22700
2020-08-05 09:37:04.660,4.79,17300
2020-08-05 09:37:04.720,4.791,1100
2020-08-05 09:37:05.380,4.793,2400
2020-08-05 09:37:05.460,4.793,3000
2020-08-05 09:37:05.540,4.791,800
2020-08-05 09:37:05.750,4.793,17900
2020-08-05 09:37:05.750,4.793,5900
2020-08-05 09:37:05.910,4.794,2000
2020-08-05 09:37:06.760,4.793,2500
2020-08-05 09:37:08.120,4.793,3000
2020-08-05 09:37:09.000,4.793,1000
2020-08-05 09:37:09.030,4.795,200
2020-08-05 09:37:09.550,4.793,3400
2020-08-05 09:37:09.780,4.793,40000
2020-08-05 09:37:10.550,4.793,1900
2020-08-05 09:37:11.980,4.793,6000
2020-08-05 09:37:12.850,4.794,500
2020-08-05 09:37:13.260,4.794,10000
2020-08-05 09:37:13.340,4.793,131200
2020-08-05 09:37:13.710,4.794,1300
2020-08-05 09:37:13.790,4.793,73600
2020-08-05 09:37:13.960,4.794,200000
2020-08-05 09:37:14.790,4.793,13600
2020-08-05 09:37:14.790,4.793,100
2020-08-05 09:37:14.790,4.793,300
2020-08-05 09:37:14.790,4.793,33000
2020-08-05 09:37:14.790,4.793,100
2020-08-05 09:37:14.790,4.793,3900
2020-08-05 09:37:14.790,4.793,300
2020-08-05 09:37:14.790,4.793,2000
2020-08-05 09:37:14.790,4.791,23100
2020-08-05 09:37:15.450,4.793,200
2020-08-05 09:37:16.070,4.793,2000
2020-08-05 09:37:16.300,4.793,1000
2020-08-05 09:37:16.920,4.793,600
2020-08-05 09:37:16.920,4.793,100
2020-08-05 09:37:17.130,4.793,100
2020-08-05 09:37:17.290,4.793,200
2020-08-05 09:37:17.400,4.791,50000
2020-08-05 09:37:17.400,4.793,7400
2020-08-05 09:37:17.580,4.793,400
2020-08-05 09:37:17.880,4.793,3000
2020-08-05 09:37:17.970,4.793,2000
2020-08-05 09:37:18.480,4.791,286100
2020-08-05 09:37:18.480,4.791,2000
2020-08-05 09:37:18.480,4.791,1200
2020-08-05 09:37:18.480,4.791,10700
2020-08-05 09:37:18.670,4.793,20000
2020-08-05 09:37:19.010,4.793,5000
2020-08-05 09:37:19.290,4.793,500
2020-08-05 09:37:19.380,4.793,2200
2020-08-05 09:37:20.040,4.793,2200
2020-08-05 09:37:20.370,4.793,7000
2020-08-05 09:37:21.080,4.792,5000
2020-08-05 09:37:21.080,4.791,289300
2020-08-05 09:37:21.080,4.791,3000
2020-08-05 09:37:21.100,4.791,2700
2020-08-05 09:37:21.860,4.79,1000
2020-08-05 09:37:21.860,4.79,2000
2020-08-05 09:37:22.220,4.791,100
2020-08-05 09:37:22.380,4.793,100
2020-08-05 09:37:22.520,4.792,600
2020-08-05 09:37:22.740,4.792,1000
2020-08-05 09:37:22.950,4.792,400
2020-08-05 09:37:22.950,4.793,100
2020-08-05 09:37:24.040,4.792,5000
2020-08-05 09:37:24.270,4.792,500
2020-08-05 09:37:24.270,4.791,900
2020-08-05 09:37:24.270,4.791,3600
2020-08-05 09:37:25.740,4.791,500
2020-08-05 09:37:26.340,4.792,900
2020-08-05 09:37:26.340,4.792,100
2020-08-05 09:37:26.420,4.792,100
2020-08-05 09:37:26.530,4.792,200
2020-08-05 09:37:27.170,4.792,800
2020-08-05 09:37:27.290,4.791,1000
2020-08-05 09:37:28.090,4.792,500
2020-08-05 09:37:28.360,4.792,10000
2020-08-05 09:37:28.460,4.792,100
2020-08-05 09:37:28.490,4.792,800
2020-08-05 09:37:28.920,4.793,500
2020-08-05 09:37:29.300,4.793,1000
2020-08-05 09:37:29.410,4.792,200
2020-08-05 09:37:29.410,4.792,4800
2020-08-05 09:37:29.440,4.793,1000
2020-08-05 09:37:30.800,4.792,1600
2020-08-05 09:37:30.800,4.791,1400
2020-08-05 09:37:30.880,4.793,500
2020-08-05 09:37:30.880,4.793,2500
2020-08-05 09:37:31.080,4.793,5000
2020-08-05 09:37:31.320,4.792,1100
2020-08-05 09:37:34.140,4.793,24100
2020-08-05 09:37:34.330,4.793,100
2020-08-05 09:37:35.000,4.792,33000
2020-08-05 09:37:35.600,4.793,2200
2020-08-05 09:37:35.830,4.793,100
2020-08-05 09:37:37.410,4.793,1000
2020-08-05 09:37:37.540,4.792,15900
2020-08-05 09:37:37.540,4.792,4100
2020-08-05 09:37:38.990,4.792,5900
2020-08-05 09:37:38.990,4.792,300
2020-08-05 09:37:38.990,4.792,800
2020-08-05 09:37:39.390,4.792,1200
2020-08-05 09:37:39.390,4.792,100
2020-08-05 09:37:39.390,4.792,1000
2020-08-05 09:37:39.390,4.792,500
2020-08-05 09:37:39.390,4.792,5000
2020-08-05 09:37:39.390,4.792,3000
2020-08-05 09:37:39.390,4.792,100
2020-08-05 09:37:39.390,4.792,400
2020-08-05 09:37:39.540,4.792,1500
2020-08-05 09:37:39.680,4.792,3400
2020-08-05 09:37:40.720,4.792,400
2020-08-05 09:37:40.800,4.792,100
2020-08-05 09:37:41.970,4.791,3000
2020-08-05 09:37:42.220,4.792,200
2020-08-05 09:37:43.160,4.792,1600
2020-08-05 09:37:43.160,4.792,5000
2020-08-05 09:37:43.160,4.792,300
2020-08-05 09:37:43.600,4.792,7000
2020-08-05 09:37:43.630,4.792,100
2020-08-05 09:37:43.810,4.792,1000
2020-08-05 09:37:44.240,4.792,500
2020-08-05 09:37:44.600,4.792,5000
2020-08-05 09:37:45.330,4.792,200
2020-08-05 09:37:45.380,4.792,200
2020-08-05 09:37:45.600,4.792,4000
2020-08-05 09:37:46.010,4.792,100
2020-08-05 09:37:46.060,4.792,8100
2020-08-05 09:37:46.060,4.792,300
2020-08-05 09:37:46.060,4.792,5000
2020-08-05 09:37:46.060,4.792,4000
2020-08-05 09:37:46.060,4.792,48500
2020-08-05 09:37:46.110,4.792,5000
2020-08-05 09:37:46.380,4.792,100
2020-08-05 09:37:46.430,4.791,500
2020-08-05 09:37:46.430,4.791,1200
2020-08-05 09:37:46.430,4.791,100
2020-08-05 09:37:46.430,4.791,2700
2020-08-05 09:37:46.430,4.791,10300
2020-08-05 09:37:46.430,4.791,12400
2020-08-05 09:37:46.430,4.791,2000
2020-08-05 09:37:46.430,4.791,3000
2020-08-05 09:37:46.430,4.791,200
2020-08-05 09:37:46.430,4.791,10000
2020-08-05 09:37:46.430,4.791,3000
2020-08-05 09:37:46.430,4.791,100
2020-08-05 09:37:46.430,4.791,200
2020-08-05 09:37:46.430,4.791,100
2020-08-05 09:37:46.430,4.791,1000
2020-08-05 09:37:46.430,4.791,2100
2020-08-05 09:37:46.430,4.791,300
2020-08-05 09:37:46.430,4.791,300
2020-08-05 09:37:46.430,4.791,2000
2020-08-05 09:37:46.430,4.791,100
2020-08-05 09:37:46.590,4.791,1000
2020-08-05 09:37:46.670,4.791,100
2020-08-05 09:37:46.890,4.791,2000
2020-08-05 09:37:47.630,4.791,300
2020-08-05 09:37:47.630,4.792,700
2020-08-05 09:37:48.850,4.791,100
2020-08-05 09:37:48.850,4.791,24900
2020-08-05 09:37:48.850,4.792,2500
2020-08-05 09:37:48.850,4.792,103700
2020-08-05 09:37:48.910,4.792,8200
2020-08-05 09:37:49.230,4.792,2100
2020-08-05 09:37:49.300,4.792,2500
2020-08-05 09:37:49.530,4.792,1000
2020-08-05 09:37:49.770,4.792,82500
2020-08-05 09:37:49.770,4.792,12300
2020-08-05 09:37:49.770,4.792,5200
2020-08-05 09:37:50.810,4.792,28700
2020-08-05 09:37:50.810,4.792,700
2020-08-05 09:37:50.810,4.792,15000
2020-08-05 09:37:50.810,4.793,55600
2020-08-05 09:37:50.920,4.792,18600
2020-08-05 09:37:50.970,4.792,1400
2020-08-05 09:37:51.640,4.792,4000
2020-08-05 09:37:51.940,4.793,300
2020-08-05 09:37:51.940,4.793,600
2020-08-05 09:37:51.940,4.793,1300
2020-08-05 09:37:51.940,4.793,1500
2020-08-05 09:37:51.940,4.793,900
2020-08-05 09:37:51.940,4.793,300
2020-08-05 09:37:51.940,4.793,19000
2020-08-05 09:37:51.940,4.793,2000
2020-08-05 09:37:51.940,4.793,81000
2020-08-05 09:37:51.940,4.793,200
2020-08-05 09:37:51.940,4.793,5600
2020-08-05 09:37:51.940,4.793,500
2020-08-05 09:37:52.090,4.792,1000
2020-08-05 09:37:52.790,4.792,2500
2020-08-05 09:37:53.610,4.794,5000
2020-08-05 09:37:53.610,4.795,79800
2020-08-05 09:37:53.610,4.795,100000
2020-08-05 09:37:53.610,4.795,63000
2020-08-05 09:37:53.610,4.795,75000
2020-08-05 09:37:53.830,4.795,3000
2020-08-05 09:37:53.920,4.793,2400
2020-08-05 09:37:54.280,4.793,1000
2020-08-05 09:37:54.510,4.795,1100
2020-08-05 09:37:55.250,4.795,900
2020-08-05 09:37:55.250,4.793,100
2020-08-05 09:37:55.870,4.793,20000
2020-08-05 09:37:56.000,4.793,5000
2020-08-05 09:38:00.000,4.797,2400
2020-08-05 09:38:00.000,4.797,10000
2020-08-05 09:38:00.240,4.797,20000
2020-08-05 09:38:00.300,4.797,1000
2020-08-05 09:38:00.420,4.798,5800
2020-08-05 09:38:00.420,4.798,80000
2020-08-05 09:38:01.170,4.799,80000
2020-08-05 09:38:01.170,4.799,1500
2020-08-05 09:38:01.200,4.8,600
2020-08-05 09:38:01.960,4.797,1900
2020-08-05 09:38:02.980,4.798,300
2020-08-05 09:38:03.510,4.798,6800
2020-08-05 09:38:05.380,4.798,19200
2020-08-05 09:38:05.380,4.798,5000
2020-08-05 09:38:07.010,4.798,700
2020-08-05 09:38:07.210,4.797,2400
2020-08-05 09:38:07.510,4.798,700
2020-08-05 09:38:08.460,4.797,300
2020-08-05 09:38:08.590,4.798,1000
2020-08-05 09:38:09.080,4.798,1000
2020-08-05 09:38:09.580,4.798,500
2020-08-05 09:38:10.090,4.798,5000
2020-08-05 09:38:10.470,4.798,10000
2020-08-05 09:38:10.750,4.798,100
2020-08-05 09:38:11.800,4.798,2500
2020-08-05 09:38:12.710,4.797,500
2020-08-05 09:38:13.910,4.798,4400
2020-08-05 09:38:14.260,4.798,8000
2020-08-05 09:38:14.470,4.797,5000
2020-08-05 09:38:14.790,4.798,1000
2020-08-05 09:38:15.160,4.798,5400
2020-08-05 09:38:16.750,4.798,1300
2020-08-05 09:38:17.470,4.798,9800
2020-08-05 09:38:17.470,4.798,16900
2020-08-05 09:38:17.470,4.798,50000
2020-08-05 09:38:19.650,4.799,1900
2020-08-05 09:38:21.390,4.799,1100
2020-08-05 09:38:21.640,4.798,1000
2020-08-05 09:38:21.860,4.799,62800
2020-08-05 09:38:22.260,4.799,3200
2020-08-05 09:38:22.580,4.798,3000
2020-08-05 09:38:22.580,4.798,42700
2020-08-05 09:38:22.580,4.798,100
2020-08-05 09:38:22.580,4.798,100
2020-08-05 09:38:22.580,4.798,44300
2020-08-05 09:38:22.580,4.798,300
2020-08-05 09:38:22.580,4.798,500
2020-08-05 09:38:22.580,4.798,500
2020-08-05 09:38:22.580,4.798,400
2020-08-05 09:38:22.580,4.798,2100
2020-08-05 09:38:22.580,4.798,9500
2020-08-05 09:38:22.580,4.798,10300
2020-08-05 09:38:22.580,4.798,5000
2020-08-05 09:38:22.580,4.797,6500
2020-08-05 09:38:22.580,4.797,700
2020-08-05 09:38:22.580,4.797,500
2020-08-05 09:38:22.580,4.797,5000
2020-08-05 09:38:22.580,4.797,50000
2020-08-05 09:38:22.580,4.797,1000
2020-08-05 09:38:22.580,4.797,3000
2020-08-05 09:38:22.580,4.797,114500
2020-08-05 09:38:22.810,4.798,2300
2020-08-05 09:38:22.810,4.798,2000
2020-08-05 09:38:23.470,4.797,200
2020-08-05 09:38:23.590,4.798,300
2020-08-05 09:38:24.310,4.797,3000
2020-08-05 09:38:24.470,4.798,100
2020-08-05 09:38:24.520,4.797,182300
2020-08-05 09:38:24.520,4.797,1000
2020-08-05 09:38:24.520,4.797,27600
2020-08-05 09:38:24.520,4.797,3700
2020-08-05 09:38:24.520,4.797,1000
2020-08-05 09:38:25.740,4.797,200
2020-08-05 09:38:25.810,4.797,20000
2020-08-05 09:38:25.840,4.797,200
2020-08-05 09:38:25.950,4.796,24500
2020-08-05 09:38:27.890,4.797,600
2020-08-05 09:38:28.210,4.797,5000
2020-08-05 09:38:28.410,4.797,100
2020-08-05 09:38:29.820,4.797,400
2020-08-05 09:38:29.920,4.796,3000
2020-08-05 09:38:30.260,4.797,10500
2020-08-05 09:38:30.370,4.797,600
2020-08-05 09:38:31.940,4.796,300
2020-08-05 09:38:31.990,4.796,22000
2020-08-05 09:38:33.590,4.797,10000
2020-08-05 09:38:33.770,4.797,1000
2020-08-05 09:38:33.930,4.797,35800
2020-08-05 09:38:33.930,4.797,12000
2020-08-05 09:38:33.930,4.797,2200
2020-08-05 09:38:34.280,4.797,100
2020-08-05 09:38:34.850,4.797,100
2020-08-05 09:38:36.150,4.797,1000
2020-08-05 09:38:37.100,4.797,400
2020-08-05 09:38:37.750,4.796,9100
2020-08-05 09:38:37.880,4.797,300
2020-08-05 09:38:38.030,4.797,100
2020-08-05 09:38:38.190,4.796,500
2020-08-05 09:38:38.360,4.796,20600
2020-08-05 09:38:38.360,4.796,5000
2020-08-05 09:38:38.360,4.796,200
2020-08-05 09:38:39.390,4.796,500
2020-08-05 09:38:39.500,4.796,100
2020-08-05 09:38:40.130,4.796,500
2020-08-05 09:38:41.370,4.795,100
2020-08-05 09:38:41.370,4.795,1000
2020-08-05 09:38:41.370,4.795,200
2020-08-05 09:38:41.370,4.795,300
2020-08-05 09:38:41.370,4.795,3000
2020-08-05 09:38:41.370,4.795,20000
2020-08-05 09:38:41.370,4.795,900
2020-08-05 09:38:41.370,4.795,1000
2020-08-05 09:38:41.370,4.795,100
2020-08-05 09:38:41.370,4.795,1100
2020-08-05 09:38:41.750,4.795,20000
2020-08-05 09:38:42.330,4.796,400
2020-08-05 09:38:42.750,4.796,300
2020-08-05 09:38:42.910,4.796,100
2020-08-05 09:38:44.770,4.796,600
2020-08-05 09:38:44.770,4.796,24400
2020-08-05 09:38:45.550,4.795,100
2020-08-05 09:38:45.550,4.795,500
2020-08-05 09:38:45.550,4.795,400
2020-08-05 09:38:46.360,4.795,600
2020-08-05 09:38:46.360,4.795,400
2020-08-05 09:38:46.360,4.795,9000
2020-08-05 09:38:46.610,4.795,4200
2020-08-05 09:38:47.390,4.795,2000
2020-08-05 09:38:48.830,4.795,5000
2020-08-05 09:38:49.800,4.794,5300
2020-08-05 09:38:49.800,4.794,10000
2020-08-05 09:38:49.800,4.794,2000
2020-08-05 09:38:49.800,4.794,5000
2020-08-05 09:38:49.800,4.794,3000
2020-08-05 09:38:49.800,4.794,3600
2020-08-05 09:38:49.800,4.794,100
2020-08-05 09:38:49.800,4.794,100
2020-08-05 09:38:49.800,4.794,100
2020-08-05 09:38:49.800,4.794,5000
2020-08-05 09:38:49.800,4.794,6800
2020-08-05 09:38:50.070,4.795,1000
2020-08-05 09:38:50.710,4.795,1000
2020-08-05 09:38:50.710,4.794,300
2020-08-05 09:38:50.860,4.794,1000
2020-08-05 09:38:51.790,4.793,75000
2020-08-05 09:38:51.790,4.793,20000
2020-08-05 09:38:51.790,4.793,3000
2020-08-05 09:38:51.790,4.793,100
2020-08-05 09:38:51.790,4.793,50000
2020-08-05 09:38:51.790,4.793,2000
2020-08-05 09:38:51.790,4.793,100
2020-08-05 09:38:51.790,4.793,10000
2020-08-05 09:38:51.790,4.793,100
2020-08-05 09:38:51.790,4.793,300
2020-08-05 09:38:51.790,4.793,300
2020-08-05 09:38:51.790,4.793,5000
2020-08-05 09:38:51.790,4.793,100
2020-08-05 09:38:51.790,4.793,1000
2020-08-05 09:38:51.790,4.793,3000
2020-08-05 09:38:52.380,4.793,100
2020-08-05 09:38:52.470,4.793,100
2020-08-05 09:38:52.580,4.793,400
2020-08-05 09:38:53.340,4.794,10000
2020-08-05 09:38:53.780,4.794,100
2020-08-05 09:38:54.460,4.793,14900
2020-08-05 09:38:54.760,4.793,20000
2020-08-05 09:38:55.360,4.793,9800
2020-08-05 09:38:56.480,4.793,300
2020-08-05 09:38:56.830,4.793,65800
2020-08-05 09:38:56.830,4.793,1000
2020-08-05 09:38:56.830,4.793,3000
2020-08-05 09:38:56.830,4.793,1300
2020-08-05 09:38:56.830,4.793,400
2020-08-05 09:38:57.050,4.793,100
2020-08-05 09:38:58.110,4.793,300
2020-08-05 09:38:58.110,4.793,100
2020-08-05 09:38:58.110,4.793,200
2020-08-05 09:38:58.840,4.793,800
2020-08-05 09:38:58.840,4.793,500
2020-08-05 09:38:58.840,4.793,1000
2020-08-05 09:38:58.840,4.793,1700
2020-08-05 09:39:00.050,4.793,200
2020-08-05 09:39:00.270,4.792,1000
2020-08-05 09:39:02.280,4.792,100
2020-08-05 09:39:02.280,4.792,900
2020-08-05 09:39:02.410,4.793,1000
2020-08-05 09:39:03.430,4.793,2000
2020-08-05 09:39:03.790,4.792,2100
2020-08-05 09:39:03.790,4.792,200
2020-08-05 09:39:03.790,4.792,2000
2020-08-05 09:39:03.790,4.792,2000
2020-08-05 09:39:03.790,4.792,1000
2020-08-05 09:39:03.790,4.792,3600
2020-08-05 09:39:03.790,4.792,200
2020-08-05 09:39:03.790,4.792,900
2020-08-05 09:39:03.810,4.792,200
2020-08-05 09:39:03.890,4.793,100
2020-08-05 09:39:05.110,4.793,200
2020-08-05 09:39:05.110,4.793,4800
2020-08-05 09:39:05.240,4.793,400
2020-08-05 09:39:05.440,4.793,19800
2020-08-05 09:39:05.690,4.793,5200
2020-08-05 09:39:05.690,4.792,8900
2020-08-05 09:39:05.690,4.792,4000
2020-08-05 09:39:05.690,4.792,500
2020-08-05 09:39:05.690,4.792,2300
2020-08-05 09:39:05.690,4.792,9100
2020-08-05 09:39:07.130,4.792,2000
2020-08-05 09:39:07.310,4.792,7000
2020-08-05 09:39:07.440,4.794,5500
2020-08-05 09:39:07.440,4.795,6100
2020-08-05 09:39:08.730,4.793,16600
2020-08-05 09:39:08.880,4.793,33400
2020-08-05 09:39:09.750,4.792,1900
2020-08-05 09:39:09.750,4.792,100
2020-08-05 09:39:09.750,4.792,1200
2020-08-05 09:39:09.750,4.792,5000
2020-08-05 09:39:09.750,4.792,10000
2020-08-05 09:39:09.750,4.792,20000
2020-08-05 09:39:09.750,4.792,1000
2020-08-05 09:39:09.750,4.792,500
2020-08-05 09:39:09.750,4.792,3400
2020-08-05 09:39:09.750,4.792,13800
2020-08-05 09:39:10.840,4.792,1200
2020-08-05 09:39:11.250,4.792,100
2020-08-05 09:39:11.400,4.793,200
2020-08-05 09:39:12.590,4.792,100
2020-08-05 09:39:12.590,4.792,800
2020-08-05 09:39:12.590,4.792,2000
2020-08-05 09:39:12.590,4.792,600
2020-08-05 09:39:12.590,4.793,500
2020-08-05 09:39:12.820,4.793,700
2020-08-05 09:39:13.420,4.792,2000
2020-08-05 09:39:13.420,4.792,10000
2020-08-05 09:39:13.420,4.792,100
2020-08-05 09:39:14.810,4.792,500
2020-08-05 09:39:15.790,4.792,1400
2020-08-05 09:39:15.840,4.791,10000
2020-08-05 09:39:15.840,4.791,100
2020-08-05 09:39:15.840,4.791,3000
2020-08-05 09:39:15.840,4.791,600
2020-08-05 09:39:15.840,4.791,30000
2020-08-05 09:39:15.840,4.791,1000
2020-08-05 09:39:15.840,4.791,1000
2020-08-05 09:39:15.840,4.791,2000
2020-08-05 09:39:15.840,4.791,800
2020-08-05 09:39:15.840,4.791,10000
2020-08-05 09:39:15.840,4.791,100
2020-08-05 09:39:15.840,4.791,400
2020-08-05 09:39:15.970,4.792,500
2020-08-05 09:39:16.220,4.792,2700
2020-08-05 09:39:16.380,4.791,4600
2020-08-05 09:39:16.380,4.791,2900
2020-08-05 09:39:16.380,4.791,1000
2020-08-05 09:39:16.380,4.791,10000
2020-08-05 09:39:17.330,4.79,10000
2020-08-05 09:39:17.330,4.79,100
2020-08-05 09:39:17.330,4.79,1000
2020-08-05 09:39:17.330,4.79,400
2020-08-05 09:39:17.330,4.79,10000
2020-08-05 09:39:17.330,4.79,1000
2020-08-05 09:39:17.330,4.79,1100
2020-08-05 09:39:17.330,4.79,1000
2020-08-05 09:39:17.330,4.79,1000
2020-08-05 09:39:17.330,4.79,100
2020-08-05 09:39:17.330,4.79,5000
2020-08-05 09:39:17.330,4.79,500
2020-08-05 09:39:17.330,4.79,400
2020-08-05 09:39:17.330,4.79,5000
2020-08-05 09:39:17.330,4.79,1000
2020-08-05 09:39:17.330,4.79,3000
2020-08-05 09:39:17.330,4.79,30000
2020-08-05 09:39:17.330,4.79,5000
2020-08-05 09:39:17.330,4.79,500
2020-08-05 09:39:17.330,4.79,1000
2020-08-05 09:39:17.330,4.79,100
2020-08-05 09:39:17.330,4.79,10000
2020-08-05 09:39:17.330,4.79,1000
2020-08-05 09:39:17.330,4.79,3000
2020-08-05 09:39:17.330,4.79,5000
2020-08-05 09:39:17.330,4.79,2000
2020-08-05 09:39:17.330,4.79,2000
2020-08-05 09:39:17.330,4.79,50000
2020-08-05 09:39:17.330,4.79,1000
2020-08-05 09:39:17.330,4.79,300
2020-08-05 09:39:17.330,4.79,200
2020-08-05 09:39:17.330,4.79,1500
2020-08-05 09:39:17.330,4.79,100
2020-08-05 09:39:17.330,4.79,300
2020-08-05 09:39:17.330,4.79,100
2020-08-05 09:39:17.330,4.79,30000
2020-08-05 09:39:17.330,4.79,300
2020-08-05 09:39:17.330,4.79,100
2020-08-05 09:39:17.330,4.79,80000
2020-08-05 09:39:17.330,4.79,1000
2020-08-05 09:39:17.330,4.79,2000
2020-08-05 09:39:17.680,4.79,1000
2020-08-05 09:39:18.000,4.79,500
2020-08-05 09:39:18.340,4.79,5000
2020-08-05 09:39:18.620,4.79,100
2020-08-05 09:39:19.180,4.79,2700
2020-08-05 09:39:19.280,4.789,100
2020-08-05 09:39:19.680,4.79,200
2020-08-05 09:39:19.830,4.79,700
2020-08-05 09:39:21.370,4.79,22700
2020-08-05 09:39:21.370,4.79,50000
2020-08-05 09:39:21.370,4.79,1000
2020-08-05 09:39:21.370,4.79,200
2020-08-05 09:39:21.370,4.79,500
2020-08-05 09:39:21.370,4.79,400
2020-08-05 09:39:21.460,4.792,100
2020-08-05 09:39:21.860,4.792,200
2020-08-05 09:39:21.860,4.791,200
2020-08-05 09:39:22.630,4.791,300
2020-08-05 09:39:22.680,4.791,500
2020-08-05 09:39:23.220,4.791,100
2020-08-05 09:39:23.530,4.792,500
2020-08-05 09:39:24.910,4.791,300
2020-08-05 09:39:25.270,4.792,5000
2020-08-05 09:39:25.600,4.791,2000
2020-08-05 09:39:25.600,4.791,2100
2020-08-05 09:39:25.600,4.791,1900
2020-08-05 09:39:25.710,4.792,10000
2020-08-05 09:39:26.030,4.792,200
2020-08-05 09:39:27.580,4.792,100
2020-08-05 09:39:28.040,4.791,7500
2020-08-05 09:39:29.310,4.792,487700
2020-08-05 09:39:29.310,4.792,200
2020-08-05 09:39:29.310,4.792,3400
2020-08-05 09:39:29.310,4.792,1000
2020-08-05 09:39:29.310,4.792,2100
2020-08-05 09:39:29.310,4.792,10000
2020-08-05 09:39:29.310,4.792,200
2020-08-05 09:39:29.310,4.792,80000
2020-08-05 09:39:29.310,4.792,1500
2020-08-05 09:39:29.310,4.792,20900
2020-08-05 09:39:29.310,4.792,17000
2020-08-05 09:39:29.310,4.792,2000
2020-08-05 09:39:29.360,4.792,3000
2020-08-05 09:39:29.360,4.793,10900
2020-08-05 09:39:29.360,4.793,700
2020-08-05 09:39:29.360,4.793,100
2020-08-05 09:39:30.270,4.793,18300
2020-08-05 09:39:30.270,4.791,600
2020-08-05 09:39:30.270,4.79,1000
2020-08-05 09:39:30.270,4.79,5000
2020-08-05 09:39:30.270,4.79,200
2020-08-05 09:39:30.270,4.79,500
2020-08-05 09:39:30.270,4.79,500
2020-08-05 09:39:30.270,4.79,163900
2020-08-05 09:39:32.230,4.792,1000
2020-08-05 09:39:32.410,4.791,100
2020-08-05 09:39:32.940,4.791,2000
2020-08-05 09:39:33.630,4.791,1000
2020-08-05 09:39:33.970,4.791,2000
2020-08-05 09:39:36.650,4.791,5000
2020-08-05 09:39:37.250,4.791,2000
2020-08-05 09:39:37.400,4.791,500
2020-08-05 09:39:37.480,4.791,2000
2020-08-05 09:39:37.840,4.791,400
2020-08-05 09:39:38.610,4.791,100
2020-08-05 09:39:39.010,4.79,400
2020-08-05 09:39:39.440,4.791,8400
2020-08-05 09:39:40.010,4.791,5500
2020-08-05 09:39:40.010,4.791,200
2020-08-05 09:39:40.010,4.791,900
2020-08-05 09:39:40.010,4.792,31300
2020-08-05 09:39:41.550,4.791,1300
2020-08-05 09:39:42.290,4.791,1700
2020-08-05 09:39:42.290,4.791,3000
2020-08-05 09:39:43.070,4.79,1100
2020-08-05 09:39:43.230,4.791,5300
2020-08-05 09:39:43.650,4.791,1000
2020-08-05 09:39:44.220,4.791,33700
2020-08-05 09:39:44.220,4.791,300
2020-08-05 09:39:44.220,4.791,100
2020-08-05 09:39:44.570,4.79,500
2020-08-05 09:39:44.570,4.79,900
2020-08-05 09:39:44.570,4.79,2000
2020-08-05 09:39:44.570,4.79,5000
2020-08-05 09:39:44.570,4.79,12000
2020-08-05 09:39:44.570,4.79,20000
2020-08-05 09:39:44.570,4.79,500
2020-08-05 09:39:44.570,4.79,1000
2020-08-05 09:39:44.570,4.79,2000
2020-08-05 09:39:44.570,4.79,200
2020-08-05 09:39:44.570,4.79,5000
2020-08-05 09:39:44.890,4.79,5000
2020-08-05 09:39:45.190,4.79,6000
2020-08-05 09:39:45.790,4.79,100
2020-08-05 09:39:46.610,4.79,2000
2020-08-05 09:39:46.740,4.79,100
2020-08-05 09:39:46.770,4.79,4900
2020-08-05 09:39:46.950,4.79,14800
2020-08-05 09:39:46.950,4.79,80000
2020-08-05 09:39:46.950,4.79,200
2020-08-05 09:39:46.950,4.79,100
2020-08-05 09:39:47.380,4.79,4900
2020-08-05 09:39:47.380,4.79,700
2020-08-05 09:39:47.380,4.79,600
2020-08-05 09:39:48.210,4.79,100
2020-08-05 09:39:48.720,4.79,16400
2020-08-05 09:39:48.770,4.79,300
2020-08-05 09:39:50.020,4.79,100
2020-08-05 09:39:50.050,4.79,10000
2020-08-05 09:39:50.440,4.79,1000
2020-08-05 09:39:50.440,4.79,2100
2020-08-05 09:39:50.440,4.79,16600
2020-08-05 09:39:50.440,4.79,183400
2020-08-05 09:39:53.850,4.791,3000
2020-08-05 09:39:55.120,4.79,2000
2020-08-05 09:39:55.120,4.79,4000
2020-08-05 09:39:55.120,4.79,54000
2020-08-05 09:39:55.750,4.79,2000
2020-08-05 09:39:56.070,4.791,400
2020-08-05 09:39:57.260,4.79,2000
2020-08-05 09:39:57.740,4.79,4000
2020-08-05 09:39:57.930,4.791,12500
2020-08-05 09:39:57.930,4.791,500
2020-08-05 09:39:57.930,4.791,5400
2020-08-05 09:39:58.130,4.792,5500
2020-08-05 09:39:58.630,4.791,5400
2020-08-05 09:39:58.860,4.791,1000
2020-08-05 09:39:59.920,4.791,40000
2020-08-05 09:39:59.920,4.791,1900
2020-08-05 09:39:59.920,4.79,500
2020-08-05 09:39:59.970,4.791,4700
2020-08-05 09:40:00.470,4.791,1000
2020-08-05 09:40:00.530,4.791,4500
2020-08-05 09:40:00.750,4.79,105800
2020-08-05 09:40:00.780,4.79,38100
2020-08-05 09:40:00.940,4.79,17700
2020-08-05 09:40:01.040,4.79,1100
2020-08-05 09:40:01.420,4.79,1400
