ExChangeId,ChannelNo,SeqNo,SecurityID,Trade2_Order1,TradeDate,UpdateTime,Price,Volume,TrdMoney,OrdSide,OrdType,TrdBSFlag,TrdBuyNo,TrdSellNo
1,1,15965,510360,2,20200805,92500520,1.596000,600,957.600000,-,-,N,57455,264935
1,1,15966,510360,2,20200805,92500520,1.596000,1500,2394.000000,-,-,N,199921,265049
1,1,15967,510360,2,20200805,92500520,1.596000,600,957.600000,-,-,N,199921,177276
1,1,78970,510360,2,20200805,93005810,1.599000,25000,39975.000000,-,-,B,345150,269620
1,1,109018,510360,2,20200805,93012360,1.596000,2000,3192.000000,-,-,S,199921,419537
1,1,123707,510360,2,20200805,93019680,1.599000,50000,79950.000000,-,-,B,449223,269620
1,1,125593,510360,2,20200805,93021120,1.599000,23000,36777.000000,-,-,B,452624,269620
1,1,166878,510360,2,20200805,93046610,1.596000,1900,3032.400000,-,-,S,199921,516630
1,1,170802,510360,2,20200805,93049190,1.596000,1000,1596.000000,-,-,S,199921,522546
1,1,173283,510360,2,20200805,93051080,1.596000,900,1436.400000,-,-,B,526461,522546
1,1,174828,510360,2,20200805,93052020,1.596000,2100,3351.600000,-,-,S,526461,528723
1,1,176004,510360,2,20200805,93053020,1.591000,4000,6364.000000,-,-,S,214643,530631
1,1,181088,510360,2,20200805,93056430,1.590000,600,954.000000,-,-,S,41469,537897
1,1,181089,510360,2,20200805,93056430,1.590000,1400,2226.000000,-,-,S,73970,537897
1,1,185965,510360,2,20200805,93059510,1.590000,500,795.000000,-,-,B,545088,537897
1,1,254729,510360,2,20200805,93146550,1.591000,100,159.100000,-,-,B,645726,601666
1,1,294550,510360,2,20200805,93216330,1.590000,500,795.000000,-,-,B,704930,683189
1,1,304198,510360,2,20200805,93225330,1.590000,500,795.000000,-,-,B,721067,683189
1,1,305301,510360,2,20200805,93226420,1.589000,500,794.500000,-,-,B,722718,721227
1,1,306352,510360,2,20200805,93227210,1.589000,700,1112.300000,-,-,B,724225,721227
1,1,325257,510360,2,20200805,93245730,1.589000,500,794.500000,-,-,S,752940,756275
1,1,338785,510360,2,20200805,93259020,1.589000,500,794.500000,-,-,B,778005,756275
1,1,371027,510360,2,20200805,93327410,1.589000,200,317.800000,-,-,S,778005,827666
1,1,444243,510360,2,20200805,93435530,1.588000,500,794.000000,-,-,S,308967,941050
1,1,464714,510360,2,20200805,93457490,1.589000,7700,12235.300000,-,-,B,977774,909636
1,1,547793,510360,2,20200805,93625600,1.589000,200,317.800000,-,-,B,1115519,1105341
1,1,553221,510360,2,20200805,93630730,1.588000,300,476.400000,-,-,S,308967,1123292
1,1,554225,510360,2,20200805,93631530,1.588000,300,476.400000,-,-,S,308967,1124686
1,1,555191,510360,2,20200805,93632790,1.588000,300,476.400000,-,-,S,308967,1126352
1,1,556049,510360,2,20200805,93633480,1.588000,2400,3811.200000,-,-,S,308967,1127604
1,1,556654,510360,2,20200805,93633910,1.588000,1700,2699.600000,-,-,S,308967,1128468
1,1,557051,510360,2,20200805,93633970,1.588000,2400,3811.200000,-,-,S,308967,1128643
1,1,557705,510360,2,20200805,93634550,1.588000,1700,2699.600000,-,-,S,308967,1129727
1,1,557921,510360,2,20200805,93634790,1.588000,1400,2223.200000,-,-,S,308967,1130116
1,1,558164,510360,2,20200805,93635060,1.588000,1700,2699.600000,-,-,S,308967,1130576
1,1,558372,510360,2,20200805,93635360,1.588000,6000,9528.000000,-,-,S,308967,1130933
1,1,558373,510360,2,20200805,93635360,1.588000,4000,6352.000000,-,-,S,936333,1130933
1,1,558374,510360,2,20200805,93635360,1.588000,2000,3176.000000,-,-,S,977740,1130933
1,1,558375,510360,2,20200805,93635360,1.588000,500,794.000000,-,-,S,1027871,1130933
1,1,558490,510360,2,20200805,93635430,1.586000,500,793.000000,-,-,S,808592,1131063
1,1,558491,510360,2,20200805,93635430,1.586000,500,793.000000,-,-,S,939644,1131063
1,1,563058,510360,2,20200805,93638880,1.585000,1700,2694.500000,-,-,S,1091281,1136923
1,1,582041,510360,2,20200805,93655300,1.583000,1100,1741.300000,-,-,S,1138176,1163430
1,1,597411,510360,2,20200805,93709190,1.584000,2000,3168.000000,-,-,S,1183719,1185968
1,1,628268,510360,2,20200805,93740600,1.585000,200000,317000.000000,-,-,B,1233441,1180982
1,1,628582,510360,2,20200805,93741080,1.585000,200000,317000.000000,-,-,B,1234035,1180982
1,1,629123,510360,2,20200805,93741650,1.585000,200000,317000.000000,-,-,B,1234761,1180982
1,1,629910,510360,2,20200805,93742590,1.585000,200000,317000.000000,-,-,B,1236139,1180982
1,1,630388,510360,2,20200805,93743060,1.585000,90300,143125.500000,-,-,B,1236991,1180982
1,1,639175,510360,2,20200805,93753960,1.586000,3000,4758.000000,-,-,B,1252157,1226954
1,1,643283,510360,2,20200805,93758990,1.586000,1000,1586.000000,-,-,B,1259357,1226954
1,1,643673,510360,2,20200805,93759490,1.586000,200000,317200.000000,-,-,B,1260141,1226954
1,1,643933,510360,2,20200805,93759920,1.586000,200000,317200.000000,-,-,B,1260685,1226954
1,1,645725,510360,2,20200805,93801710,1.586000,200000,317200.000000,-,-,B,1263721,1226954
1,1,646046,510360,2,20200805,93802150,1.586000,200000,317200.000000,-,-,B,1264351,1226954
1,1,646432,510360,2,20200805,93802650,1.586000,196000,310856.000000,-,-,B,1265086,1226954
1,1,646433,510360,2,20200805,93802650,1.586000,4000,6344.000000,-,-,B,1265086,1226955
1,1,647235,510360,2,20200805,93803550,1.586000,12300,19507.800000,-,-,B,1266425,1226955
1,1,737819,510360,2,20200805,94012640,1.586000,10000,15860.000000,-,-,B,1426516,1385405
1,1,749105,510360,2,20200805,94028760,1.586000,200000,317200.000000,-,-,B,1446002,1385405
1,1,749374,510360,2,20200805,94029140,1.586000,200000,317200.000000,-,-,B,1446442,1385405
1,1,749885,510360,2,20200805,94029690,1.586000,200000,317200.000000,-,-,B,1447141,1385405
1,1,750395,510360,2,20200805,94030090,1.586000,200000,317200.000000,-,-,B,1447655,1385405
1,1,750990,510360,2,20200805,94030760,1.586000,73700,116888.200000,-,-,B,1448485,1385405
1,1,750991,510360,2,20200805,94030760,1.586000,126300,200311.800000,-,-,B,1448485,1418676
1,1,751493,510360,2,20200805,94031200,1.586000,200000,317200.000000,-,-,B,1449230,1418676
1,1,751882,510360,2,20200805,94031800,1.586000,200000,317200.000000,-,-,B,1450021,1418676
1,1,753206,510360,2,20200805,94033720,1.586000,200000,317200.000000,-,-,B,1452364,1418676
1,1,754045,510360,2,20200805,94034740,1.586000,200000,317200.000000,-,-,B,1453875,1418676
1,1,754506,510360,2,20200805,94035590,1.586000,73700,116888.200000,-,-,B,1454751,1418676
1,1,754507,510360,2,20200805,94035590,1.586000,126300,200311.800000,-,-,B,1454751,1418677
1,1,754679,510360,2,20200805,94035870,1.586000,126300,200311.800000,-,-,B,1455065,1418677
1,1,755426,510360,2,20200805,94036800,1.586000,45900,72797.400000,-,-,B,1456308,1418677
1,1,756641,510360,2,20200805,94038670,1.587000,200000,317400.000000,-,-,B,1458603,1454871
1,1,756998,510360,2,20200805,94039170,1.587000,200000,317400.000000,-,-,B,1459254,1454871
1,1,757317,510360,2,20200805,94039690,1.587000,200000,317400.000000,-,-,B,1459928,1454871
1,1,759731,510360,2,20200805,94042730,1.587000,200000,317400.000000,-,-,B,1463553,1454871
1,1,762343,510360,2,20200805,94046750,1.587000,98700,156636.900000,-,-,B,1468316,1454871
1,1,786281,510360,2,20200805,94120580,1.587000,3100,4919.700000,-,-,S,1468316,1510636
1,1,790897,510360,2,20200805,94126960,1.590000,2000,3180.000000,-,-,B,1518705,1517186
1,1,812256,510360,2,20200805,94203040,1.590000,100,159.000000,-,-,B,1557766,1540571
1,1,813653,510360,2,20200805,94204610,1.590000,1900,3021.000000,-,-,S,1557766,1559700
1,1,813783,510360,2,20200805,94204900,1.590000,300,477.000000,-,-,S,1557766,1559972
1,1,813828,510360,2,20200805,94204990,1.590000,700,1113.000000,-,-,S,1557766,1560081
1,1,813970,510360,2,20200805,94205250,1.587000,2800,4443.600000,-,-,S,1531101,1560353
1,1,817112,510360,2,20200805,94209410,1.586000,13700,21728.200000,-,-,S,1512092,1565428
1,1,834775,510360,2,20200805,94239360,1.586000,18800,29816.800000,-,-,S,1512092,1596158
1,1,913699,510360,2,20200805,94513690,1.588000,100,158.800000,-,-,S,1667318,1733906
1,1,913700,510360,2,20200805,94513690,1.588000,3000,4764.000000,-,-,S,1699952,1733906
1,1,919310,510360,2,20200805,94522540,1.586000,1000,1586.000000,-,-,S,1615513,1742689
1,1,919311,510360,2,20200805,94522540,1.586000,12700,20142.200000,-,-,S,1677178,1742689
1,1,920705,510360,2,20200805,94524720,1.586000,13700,21728.200000,-,-,S,1677178,1744766
1,1,921769,510360,2,20200805,94526240,1.586000,1000,1586.000000,-,-,S,1712632,1746357
1,1,921770,510360,2,20200805,94526240,1.586000,200,317.200000,-,-,S,1733209,1746357
1,1,921771,510360,2,20200805,94526240,1.586000,1000,1586.000000,-,-,S,1733240,1746357
1,1,921772,510360,2,20200805,94526240,1.586000,2000,3172.000000,-,-,S,1733865,1746357
1,1,921773,510360,2,20200805,94526240,1.585000,9500,15057.500000,-,-,S,1643561,1746357
1,1,938470,510360,2,20200805,94549960,1.585000,500,792.500000,-,-,S,1643561,1769475
1,1,952237,510360,2,20200805,94607610,1.584000,2100,3326.400000,-,-,S,1420407,1786568
1,1,953673,510360,2,20200805,94609690,1.584000,2100,3326.400000,-,-,S,1420407,1788633
1,1,954776,510360,2,20200805,94611330,1.584000,1800,2851.200000,-,-,S,1420407,1790300
1,1,956035,510360,2,20200805,94612990,1.584000,1800,2851.200000,-,-,S,1420407,1792004
1,1,956826,510360,2,20200805,94614400,1.584000,1500,2376.000000,-,-,S,1420407,1793257
1,1,957820,510360,2,20200805,94616050,1.584000,1500,2376.000000,-,-,S,1420407,1794823
1,1,958855,510360,2,20200805,94617720,1.584000,1100,1742.400000,-,-,S,1420407,1796306
1,1,959931,510360,2,20200805,94619310,1.584000,1100,1742.400000,-,-,S,1420407,1797802
1,1,960827,510360,2,20200805,94620890,1.584000,900,1425.600000,-,-,S,1420407,1799187
1,1,962000,510360,2,20200805,94622780,1.584000,6100,9662.400000,-,-,S,1420407,1801004
1,1,962001,510360,2,20200805,94622780,1.584000,1000,1584.000000,-,-,S,1598586,1801004
1,1,983101,510360,2,20200805,94656270,1.584000,2900,4593.600000,-,-,B,1831959,1801004
1,1,998229,510360,2,20200805,94719280,1.584000,300,475.200000,-,-,B,1855519,1801004
1,1,999649,510360,2,20200805,94721790,1.584000,200000,316800.000000,-,-,B,1857887,1801004
1,1,999874,510360,2,20200805,94722190,1.584000,200000,316800.000000,-,-,B,1858384,1801004
1,1,1000191,510360,2,20200805,94722660,1.584000,200000,316800.000000,-,-,B,1858832,1801004
1,1,1000749,510360,2,20200805,94723740,1.584000,6300,9979.200000,-,-,B,1859810,1801004
1,1,1000750,510360,2,20200805,94723740,1.584000,2400,3801.600000,-,-,B,1859810,1804537
1,1,1001991,510360,2,20200805,94725120,1.586000,6300,9991.800000,-,-,B,1861496,1805934
1,1,1002510,510360,2,20200805,94725900,1.586000,1900,3013.400000,-,-,S,1861496,1862322
1,1,1003184,510360,2,20200805,94727010,1.584000,3900,6177.600000,-,-,S,1859810,1863352
1,1,1003634,510360,2,20200805,94727700,1.584000,6300,9979.200000,-,-,S,1859810,1864172
1,1,1004243,510360,2,20200805,94728190,1.586000,1900,3013.400000,-,-,B,1864883,1864156
1,1,1006039,510360,2,20200805,94730910,1.586000,1900,3013.400000,-,-,B,1867638,1866495
1,1,1007844,510360,2,20200805,94733900,1.588000,25600,40652.800000,-,-,B,1870606,1842448
1,1,1026275,510360,2,20200805,94803940,1.588000,800,1270.400000,-,-,S,1898814,1899483
1,1,1061705,510360,2,20200805,94908940,1.584000,5100,8078.400000,-,-,S,1915173,1957311
1,1,1071125,510360,2,20200805,94923980,1.584000,300,475.200000,-,-,S,1931290,1970730
1,1,1071481,510360,2,20200805,94924370,1.584000,300,475.200000,-,-,S,1931290,1971085
1,1,1084048,510360,2,20200805,94948830,1.583000,500,791.500000,-,-,S,1306447,1992031
1,1,1114010,510360,2,20200805,95044750,1.585000,37600,59596.000000,-,-,S,2026153,2043692
1,1,1146277,510360,2,20200805,95151790,1.586000,7000,11102.000000,-,-,B,2100282,2098961
1,1,1167552,510360,2,20200805,95240330,1.586000,13700,21728.200000,-,-,S,2100282,2137778
1,1,1168106,510360,2,20200805,95241730,1.586000,13700,21728.200000,-,-,S,2100282,2138857
1,1,1205299,510360,2,20200805,95348150,1.585000,200,317.000000,-,-,B,2195233,2182234
1,1,1213259,510360,2,20200805,95403980,1.583000,500,791.500000,-,-,S,1417674,2207294
1,1,1213260,510360,2,20200805,95403980,1.583000,3300,5223.900000,-,-,S,1566817,2207294
1,1,1217217,510360,2,20200805,95411090,1.583000,2700,4274.100000,-,-,S,1566817,2213256
1,1,1217218,510360,2,20200805,95411090,1.583000,4000,6332.000000,-,-,S,1615362,2213256
1,1,1217219,510360,2,20200805,95411090,1.583000,500,791.500000,-,-,S,1876420,2213256
1,1,1217220,510360,2,20200805,95411090,1.583000,300,474.900000,-,-,S,2004358,2213256
1,1,1233094,510360,2,20200805,95438670,1.582000,500,791.000000,-,-,S,357347,2235563
1,1,1233095,510360,2,20200805,95438670,1.582000,4000,6328.000000,-,-,S,1855654,2235563
1,1,1264420,510360,2,20200805,95526530,1.580000,10000,15800.000000,-,-,S,123589,2278346
1,1,1264421,510360,2,20200805,95526530,1.580000,1000,1580.000000,-,-,S,329397,2278346
1,1,1264422,510360,2,20200805,95526530,1.580000,1000,1580.000000,-,-,S,354723,2278346
1,1,1264423,510360,2,20200805,95526530,1.580000,500,790.000000,-,-,S,1333917,2278346
1,1,1264424,510360,2,20200805,95526530,1.580000,200,316.000000,-,-,S,2010942,2278346
1,1,1265303,510360,2,20200805,95528110,1.580000,2300,3634.000000,-,-,B,2279759,2278346
1,1,1267167,510360,2,20200805,95530950,1.582000,19300,30532.600000,-,-,B,2282246,2235563
1,1,1267168,510360,2,20200805,95530950,1.582000,16000,25312.000000,-,-,B,2282246,2276865
1,1,1272163,510360,2,20200805,95538110,1.580000,1000,1580.000000,-,-,S,2286672,2289425
1,1,1289078,510360,2,20200805,95605600,1.577000,400,630.800000,-,-,S,1351424,2313428
1,1,1292375,510360,2,20200805,95610560,1.577000,100,157.700000,-,-,S,1351424,2317864
1,1,1292376,510360,2,20200805,95610560,1.577000,17200,27124.400000,-,-,S,1403078,2317864
1,1,1303283,510360,2,20200805,95628560,1.581000,500,790.500000,-,-,B,2334639,2309387
1,1,1313515,510360,2,20200805,95648090,1.578000,11700,18462.600000,-,-,S,2334878,2352708
1,1,1322960,510360,2,20200805,95708060,1.579000,13400,21158.600000,-,-,B,2369941,2358147
1,1,1328585,510360,2,20200805,95718410,1.579000,4000,6316.000000,-,-,S,2369941,2378763
1,1,1330073,510360,2,20200805,95720320,1.579000,2600,4105.400000,-,-,S,2369941,2380667
1,1,1330074,510360,2,20200805,95720320,1.579000,1200,1894.800000,-,-,S,2376205,2380667
1,1,1330399,510360,2,20200805,95720870,1.579000,1200,1894.800000,-,-,S,2376205,2381155
1,1,1334048,510360,2,20200805,95726800,1.579000,900,1421.100000,-,-,S,2376205,2386482
1,1,1335048,510360,2,20200805,95728420,1.579000,400,631.600000,-,-,S,2376205,2387863
1,1,1335184,510360,2,20200805,95728620,1.579000,900,1421.100000,-,-,S,2376205,2388040
1,1,1335868,510360,2,20200805,95730260,1.579000,800,1263.200000,-,-,S,2376205,2389230
1,1,1336624,510360,2,20200805,95731930,1.579000,800,1263.200000,-,-,S,2376205,2390589
1,1,1336683,510360,2,20200805,95732080,1.579000,300,473.700000,-,-,S,2376205,2390737
1,1,1337560,510360,2,20200805,95734140,1.579000,3500,5526.500000,-,-,S,2376205,2392207
1,1,1343571,510360,2,20200805,95746690,1.578000,700,1104.600000,-,-,S,2377757,2401604
1,1,1344450,510360,2,20200805,95748970,1.578000,100,157.800000,-,-,B,2403241,2401604
1,1,1349211,510360,2,20200805,95759630,1.577000,2800,4415.600000,-,-,S,1403078,2411098
1,1,1349212,510360,2,20200805,95759630,1.577000,900,1419.300000,-,-,S,2313060,2411098
1,1,1357059,510360,2,20200805,95814760,1.578000,200,315.600000,-,-,B,2422502,2401604
1,1,1367520,510360,2,20200805,95837870,1.578000,300,473.400000,-,-,S,2422502,2439262
1,1,1368968,510360,2,20200805,95841690,1.577000,1300,2050.100000,-,-,S,2313060,2441856
1,1,1369303,510360,2,20200805,95842470,1.578000,1000,1578.000000,-,-,B,2442376,2439262
1,1,1369936,510360,2,20200805,95844200,1.577000,1100,1734.700000,-,-,S,2313060,2443625
1,1,1371267,510360,2,20200805,95847530,1.577000,1000,1577.000000,-,-,S,2313060,2445883
1,1,1372081,510360,2,20200805,95849330,1.577000,900,1419.300000,-,-,S,2313060,2447171
1,1,1372955,510360,2,20200805,95851700,1.577000,800,1261.600000,-,-,S,2313060,2448738
1,1,1373929,510360,2,20200805,95854260,1.577000,800,1261.600000,-,-,S,2313060,2450399
1,1,1374994,510360,2,20200805,95856860,1.577000,700,1103.900000,-,-,S,2313060,2452186
1,1,1376283,510360,2,20200805,95859680,1.577000,600,946.200000,-,-,S,2313060,2454156
1,1,1378017,510360,2,20200805,95903780,1.577000,1700,2680.900000,-,-,S,2313060,2457116
1,1,1397839,510360,2,20200805,95944910,1.577000,900,1419.300000,-,-,S,2313060,2487476
1,1,1397840,510360,2,20200805,95944910,1.577000,1000,1577.000000,-,-,S,2344229,2487476
1,1,1397841,510360,2,20200805,95944910,1.577000,1500,2365.500000,-,-,S,2471106,2487476
1,1,1397842,510360,2,20200805,95944910,1.577000,300,473.100000,-,-,S,2473884,2487476
1,1,1399505,510360,2,20200805,95948830,1.577000,15200,23970.400000,-,-,B,2490413,2487476
1,1,1408838,510360,2,20200805,100009380,1.577000,3700,5834.900000,-,-,S,2490413,2506355
1,1,1437962,510360,2,20200805,100104820,1.583000,2900,4590.700000,-,-,B,2558683,2213256
1,1,1438482,510360,2,20200805,100105890,1.580000,13700,21646.000000,-,-,S,2534081,2559561
1,1,1451406,510360,2,20200805,100126940,1.580000,200,316.000000,-,-,S,2573479,2580653
1,1,1464888,510360,2,20200805,100201300,1.580000,800,1264.000000,-,-,B,2606617,2580653
1,1,1464889,510360,2,20200805,100201300,1.580000,200,316.000000,-,-,B,2606617,2580960
1,1,1484640,510360,2,20200805,100246200,1.578000,3200,5049.600000,-,-,S,2620659,2640070
1,1,1485944,510360,2,20200805,100248880,1.577000,300,473.100000,-,-,S,2492635,2642015
1,1,1485945,510360,2,20200805,100248880,1.577000,20000,31540.000000,-,-,S,2511560,2642015
1,1,1487197,510360,2,20200805,100251930,1.576000,200,315.200000,-,-,S,2432254,2644105
1,1,1487198,510360,2,20200805,100251930,1.576000,2800,4412.800000,-,-,S,2488622,2644105
1,1,1487199,510360,2,20200805,100251930,1.576000,5000,7880.000000,-,-,S,2584335,2644105
1,1,1487200,510360,2,20200805,100251930,1.576000,6100,9613.600000,-,-,S,2591613,2644105
1,1,1519409,510360,2,20200805,100402870,1.579000,500,789.500000,-,-,B,2692333,2666518
1,1,1545690,510360,2,20200805,100518140,1.579000,3000,4737.000000,-,-,B,2738813,2719781
1,1,1546760,510360,2,20200805,100521430,1.576000,3600,5673.600000,-,-,S,2727645,2740753
1,1,1573960,510360,2,20200805,100634650,1.579000,23900,37738.100000,-,-,S,2779129,2787337
1,1,1586610,510360,2,20200805,100709250,1.583000,37300,59045.900000,-,-,B,2809007,2213256
1,1,1586611,510360,2,20200805,100709250,1.583000,300,474.900000,-,-,B,2809007,2368008
1,1,1590192,510360,2,20200805,100716650,1.582000,4000,6328.000000,-,-,B,2814801,2812008
1,1,1593030,510360,2,20200805,100724520,1.582000,1400,2214.800000,-,-,B,2820019,2812008
1,1,1625863,510360,2,20200805,100933750,1.581000,5000,7905.000000,-,-,B,2884115,2872852
1,1,1628361,510360,2,20200805,100944920,1.580000,3800,6004.000000,-,-,S,2879052,2888916
1,1,1642631,510360,2,20200805,101035100,1.582000,200000,316400.000000,-,-,B,2914185,2901498
1,1,1642724,510360,2,20200805,101035490,1.582000,200000,316400.000000,-,-,B,2914357,2901498
1,1,1643103,510360,2,20200805,101037070,1.582000,200000,316400.000000,-,-,B,2915117,2901498
1,1,1643276,510360,2,20200805,101037440,1.582000,124000,196168.000000,-,-,B,2915348,2901498
1,1,1649943,510360,2,20200805,101100110,1.583000,200,316.600000,-,-,B,2926822,2368008
1,1,1649944,510360,2,20200805,101100110,1.583000,199800,316283.400000,-,-,B,2926822,2915996
1,1,1650027,510360,2,20200805,101100460,1.583000,199800,316283.400000,-,-,B,2926998,2915996
1,1,1657564,510360,2,20200805,101124570,1.583000,100000,158300.000000,-,-,S,2931478,2940117
1,1,1657874,510360,2,20200805,101125550,1.583000,100000,158300.000000,-,-,S,2931478,2940707
1,1,1675332,510360,2,20200805,101212690,1.583000,1000,1583.000000,-,-,B,2968924,2966999
1,1,1675641,510360,2,20200805,101213910,1.583000,2000,3166.000000,-,-,B,2969607,2966999
1,1,1692659,510360,2,20200805,101327100,1.583000,200000,316600.000000,-,-,B,3002397,2994378
1,1,1692742,510360,2,20200805,101327450,1.583000,200000,316600.000000,-,-,B,3002569,2994378
1,1,1692943,510360,2,20200805,101328160,1.583000,200000,316600.000000,-,-,B,3002929,2994378
1,1,1693076,510360,2,20200805,101328520,1.583000,200000,316600.000000,-,-,B,3003137,2994378
1,1,1693211,510360,2,20200805,101329170,1.583000,200000,316600.000000,-,-,B,3003460,2994378
1,1,1693281,510360,2,20200805,101329500,1.583000,126000,199458.000000,-,-,B,3003635,2994379
1,1,1697120,510360,2,20200805,101343050,1.584000,2800,4435.200000,-,-,B,3010214,2967844
1,1,1697121,510360,2,20200805,101343050,1.584000,197200,312364.800000,-,-,B,3010214,3007906
1,1,1697322,510360,2,20200805,101343570,1.584000,200000,316800.000000,-,-,B,3010532,3007906
1,1,1697514,510360,2,20200805,101344060,1.584000,200000,316800.000000,-,-,B,3010805,3007906
1,1,1697841,510360,2,20200805,101345050,1.584000,200000,316800.000000,-,-,B,3011377,3007906
1,1,1697894,510360,2,20200805,101345360,1.584000,105900,167745.600000,-,-,B,3011507,3007906
1,1,1707666,510360,2,20200805,101420070,1.585000,100000,158500.000000,-,-,S,3021247,3028602
1,1,1707994,510360,2,20200805,101421100,1.585000,100000,158500.000000,-,-,S,3021247,3029094
1,1,1708378,510360,2,20200805,101422420,1.585000,100000,158500.000000,-,-,S,3028817,3029725
1,1,1708888,510360,2,20200805,101424370,1.585000,100000,158500.000000,-,-,S,3029530,3030637
1,1,1709312,510360,2,20200805,101425550,1.585000,100000,158500.000000,-,-,S,3029972,3031242
1,1,1709590,510360,2,20200805,101426680,1.585000,100000,158500.000000,-,-,S,3030776,3031714
1,1,1710225,510360,2,20200805,101429050,1.585000,38300,60705.500000,-,-,S,3031420,3032855
1,1,1721909,510360,2,20200805,101509070,1.585000,100000,158500.000000,-,-,B,3053290,3050136
1,1,1722480,510360,2,20200805,101510980,1.585000,500,792.500000,-,-,B,3054269,3050430
1,1,1745798,510360,2,20200805,101639090,1.585000,100,158.500000,-,-,B,3094398,3050430
1,1,1749667,510360,2,20200805,101651970,1.585000,1000,1585.000000,-,-,B,3100936,3050430
1,1,1749879,510360,2,20200805,101652670,1.583000,3800,6015.400000,-,-,S,3040584,3101331
1,1,1762963,510360,2,20200805,101747300,1.583000,3800,6015.400000,-,-,S,3123070,3124332
1,1,1770017,510360,2,20200805,101816380,1.583000,3800,6015.400000,-,-,S,3123070,3136277
1,1,1776418,510360,2,20200805,101846090,1.583000,3800,6015.400000,-,-,S,3123070,3147552
1,1,1783200,510360,2,20200805,101915210,1.583000,3800,6015.400000,-,-,S,3123070,3158870
1,1,1784864,510360,2,20200805,101922770,1.583000,2800,4432.400000,-,-,S,3123070,3161717
1,1,1803359,510360,2,20200805,102034270,1.585000,98400,155964.000000,-,-,B,3193619,3050430
1,1,1803360,510360,2,20200805,102034270,1.585000,60000,95100.000000,-,-,B,3193619,3055656
1,1,1812534,510360,2,20200805,102109110,1.586000,100,158.600000,-,-,B,3208594,2151041
1,1,1826236,510360,2,20200805,102200100,1.586000,4700,7454.200000,-,-,B,3231981,2151041
1,1,1835380,510360,2,20200805,102232580,1.587000,500,793.500000,-,-,B,3247979,3081370
1,1,1840898,510360,2,20200805,102252100,1.588000,200,317.600000,-,-,B,3257318,3251001
1,1,1845889,510360,2,20200805,102308390,1.587000,4500,7141.500000,-,-,S,3247979,3265676
1,1,1845890,510360,2,20200805,102308390,1.587000,1900,3015.300000,-,-,S,3249447,3265676
1,1,1845891,510360,2,20200805,102308390,1.587000,5800,9204.600000,-,-,S,3251143,3265676
1,1,1851224,510360,2,20200805,102327150,1.589000,600,953.400000,-,-,B,3274983,1675551
1,1,1855453,510360,2,20200805,102343450,1.588000,1000,1588.000000,-,-,S,3276474,3282858
1,1,1882457,510360,2,20200805,102508720,1.589000,1500,2383.500000,-,-,B,3327531,1675551
1,1,1897383,510360,2,20200805,102603090,1.588000,20000,31760.000000,-,-,S,3341819,3352279
1,1,1907733,510360,2,20200805,102644340,1.589000,200,317.800000,-,-,B,3370065,1675551
1,1,1926228,510360,2,20200805,102805520,1.588000,20000,31760.000000,-,-,S,3341819,3402502
1,1,1932706,510360,2,20200805,102833320,1.589000,16500,26218.500000,-,-,B,3414180,1675551
1,1,1932707,510360,2,20200805,102833320,1.589000,1000,1589.000000,-,-,B,3414180,3233339
1,1,1933475,510360,2,20200805,102836190,1.588000,37600,59708.800000,-,-,S,3341819,3415311
1,1,1962605,510360,2,20200805,103040340,1.590000,200000,318000.000000,-,-,B,3465954,1595953
1,1,1962737,510360,2,20200805,103040680,1.590000,200000,318000.000000,-,-,B,3466147,1595953
1,1,1962913,510360,2,20200805,103041390,1.590000,200000,318000.000000,-,-,B,3466405,1595953
1,1,1962999,510360,2,20200805,103041770,1.590000,200000,318000.000000,-,-,B,3466590,1595953
1,1,1963118,510360,2,20200805,103042330,1.590000,200000,318000.000000,-,-,B,3466838,1595953
1,1,1963241,510360,2,20200805,103042750,1.590000,200000,318000.000000,-,-,B,3467005,1595954
1,1,1963496,510360,2,20200805,103043340,1.590000,200000,318000.000000,-,-,B,3467354,1595954
1,1,1963853,510360,2,20200805,103044410,1.590000,200000,318000.000000,-,-,B,3467819,1595954
1,1,1963923,510360,2,20200805,103044660,1.590000,200000,318000.000000,-,-,B,3467945,1595954
1,1,1964688,510360,2,20200805,103047430,1.590000,200000,318000.000000,-,-,B,3469257,1595954
1,1,1964746,510360,2,20200805,103047750,1.590000,200000,318000.000000,-,-,B,3469401,1595955
1,1,1964929,510360,2,20200805,103048380,1.590000,200000,318000.000000,-,-,B,3469620,1595955
1,1,1965077,510360,2,20200805,103048790,1.590000,200000,318000.000000,-,-,B,3469835,1595955
1,1,1965297,510360,2,20200805,103049280,1.590000,200000,318000.000000,-,-,B,3470162,1595955
1,1,1965542,510360,2,20200805,103050300,1.590000,200000,318000.000000,-,-,B,3470677,1595955
1,1,1965693,510360,2,20200805,103050810,1.590000,200000,318000.000000,-,-,B,3470887,1595956
1,1,1965772,510360,2,20200805,103051210,1.590000,200000,318000.000000,-,-,B,3471063,1595956
1,1,1966086,510360,2,20200805,103052270,1.590000,200000,318000.000000,-,-,B,3471587,1595956
1,1,1966202,510360,2,20200805,103052670,1.590000,200000,318000.000000,-,-,B,3471812,1595956
1,1,1966347,510360,2,20200805,103053330,1.590000,200000,318000.000000,-,-,B,3472101,1595956
1,1,1975186,510360,2,20200805,103121890,1.590000,600,954.000000,-,-,B,3486465,1595957
1,1,1984455,510360,2,20200805,103154560,1.590000,300,477.000000,-,-,B,3501405,1595957
1,1,1990110,510360,2,20200805,103214240,1.590000,2000,3180.000000,-,-,B,3510412,1595957
1,1,1992867,510360,2,20200805,103226050,1.590000,3300,5247.000000,-,-,B,3515360,1595957
1,1,2014197,510360,2,20200805,103343260,1.588000,500,794.000000,-,-,S,3412565,3548854
1,1,2018422,510360,2,20200805,103355530,1.588000,1100,1746.800000,-,-,S,3412565,3555109
1,1,2018693,510360,2,20200805,103356400,1.588000,7900,12545.200000,-,-,S,3412565,3555488
1,1,2018956,510360,2,20200805,103357310,1.584000,900,1425.600000,-,-,S,3544886,3555830
1,1,2044296,510360,2,20200805,103537260,1.587000,10000,15870.000000,-,-,B,3596426,3585427
1,1,2044457,510360,2,20200805,103537940,1.584000,100,158.400000,-,-,S,3571798,3596770
1,1,2069401,510360,2,20200805,103721820,1.587000,100,158.700000,-,-,B,3638046,3631344
1,1,2070350,510360,2,20200805,103724670,1.587000,200000,317400.000000,-,-,B,3639724,3631344
1,1,2070452,510360,2,20200805,103725020,1.587000,200000,317400.000000,-,-,B,3639948,3631344
1,1,2070468,510360,2,20200805,103725080,1.587000,1400,2221.800000,-,-,B,3639986,3631344
1,1,2070733,510360,2,20200805,103725780,1.587000,200000,317400.000000,-,-,B,3640380,3631344
1,1,2070789,510360,2,20200805,103726080,1.587000,200000,317400.000000,-,-,B,3640541,3631344
1,1,2070876,510360,2,20200805,103726630,1.587000,57700,91569.900000,-,-,B,3640753,3631344
1,1,2110278,510360,2,20200805,104055250,1.590000,993800,1580142.000000,-,-,B,3712564,1595957
1,1,2110279,510360,2,20200805,104055250,1.590000,6200,9858.000000,-,-,B,3712564,3514421
1,1,2110280,510360,2,20200805,104055250,1.590000,993800,1580142.000000,-,-,B,3712565,3514421
1,1,2110281,510360,2,20200805,104055250,1.590000,6200,9858.000000,-,-,B,3712565,3514422
1,1,2110282,510360,2,20200805,104055250,1.590000,993800,1580142.000000,-,-,B,3712566,3514422
1,1,2110283,510360,2,20200805,104055250,1.590000,6200,9858.000000,-,-,B,3712566,3514423
1,1,2110886,510360,2,20200805,104058220,1.590000,993800,1580142.000000,-,-,B,3713560,3514423
1,1,2110887,510360,2,20200805,104058220,1.590000,6200,9858.000000,-,-,B,3713560,3514424
1,1,2110888,510360,2,20200805,104058220,1.590000,993800,1580142.000000,-,-,B,3713561,3514424
1,1,2110889,510360,2,20200805,104058220,1.590000,6200,9858.000000,-,-,B,3713561,3514425
1,1,2110890,510360,2,20200805,104058220,1.590000,993800,1580142.000000,-,-,B,3713562,3514425
1,1,2117292,510360,2,20200805,104127180,1.591000,6200,9864.200000,-,-,B,3723832,3717992
1,1,2125443,510360,2,20200805,104206310,1.590000,6200,9858.000000,-,-,S,3713562,3737486
1,1,2138514,510360,2,20200805,104304280,1.590000,100,159.000000,-,-,B,3758495,3737486
1,1,2143888,510360,2,20200805,104327730,1.590000,3700,5883.000000,-,-,B,3767177,3737486
1,1,2146085,510360,2,20200805,104338470,1.590000,100,159.000000,-,-,S,3767177,3770921
1,1,2164856,510360,2,20200805,104504890,1.591000,200,318.200000,-,-,B,3802726,3730220
1,1,2179856,510360,2,20200805,104610600,1.592000,500,796.000000,-,-,B,3827658,3615722
1,1,2179857,510360,2,20200805,104610600,1.592000,989500,1575284.000000,-,-,B,3827658,3787240
1,1,2179858,510360,2,20200805,104610600,1.592000,10500,16716.000000,-,-,B,3827659,3787240
1,1,2179859,510360,2,20200805,104610600,1.592000,989500,1575284.000000,-,-,B,3827659,3787241
1,1,2179860,510360,2,20200805,104610600,1.592000,10500,16716.000000,-,-,B,3827660,3787241
1,1,2179861,510360,2,20200805,104610600,1.592000,989500,1575284.000000,-,-,B,3827660,3787242
1,1,2180371,510360,2,20200805,104613090,1.592000,10500,16716.000000,-,-,B,3828538,3787242
1,1,2180372,510360,2,20200805,104613090,1.592000,989500,1575284.000000,-,-,B,3828538,3787243
1,1,2180373,510360,2,20200805,104613090,1.592000,10500,16716.000000,-,-,B,3828539,3787243
1,1,2180374,510360,2,20200805,104613090,1.592000,979500,1559364.000000,-,-,B,3828539,3787244
1,1,2180375,510360,2,20200805,104613090,1.592000,20500,32636.000000,-,-,B,3828540,3787244
1,1,2199353,510360,2,20200805,104742810,1.593000,500,796.500000,-,-,B,3859874,3135366
1,1,2199354,510360,2,20200805,104742810,1.593000,989000,1575477.000000,-,-,B,3859874,3854161
1,1,2218826,510360,2,20200805,104912590,1.593000,600,955.800000,-,-,B,3891706,3854161
1,1,2230480,510360,2,20200805,104951020,1.592000,3000,4776.000000,-,-,S,3837710,3909229
1,1,2262302,510360,2,20200805,105211800,1.591000,100,159.100000,-,-,B,3962371,3961727
1,1,2268958,510360,2,20200805,105245230,1.591000,200000,318200.000000,-,-,B,3974047,3973424
1,1,2269052,510360,2,20200805,105245600,1.591000,200000,318200.000000,-,-,B,3974177,3973424
1,1,2269169,510360,2,20200805,105246200,1.591000,200000,318200.000000,-,-,B,3974375,3973424
1,1,2269452,510360,2,20200805,105247170,1.591000,200000,318200.000000,-,-,B,3974772,3973424
1,1,2269527,510360,2,20200805,105247470,1.591000,163600,260287.600000,-,-,B,3974879,3973424
1,1,2277223,510360,2,20200805,105330130,1.591000,500,795.500000,-,-,S,3974879,3988953
1,1,2288909,510360,2,20200805,105438530,1.591000,35900,57116.900000,-,-,S,3974879,4009208
1,1,2288910,510360,2,20200805,105438530,1.591000,27900,44388.900000,-,-,S,3975076,4009208
1,1,2310840,510360,2,20200805,105652420,1.591000,20000,31820.000000,-,-,S,3975076,4047847
1,1,2322570,510360,2,20200805,105803360,1.591000,100,159.100000,-,-,S,4001110,4068071
1,1,2322571,510360,2,20200805,105803360,1.591000,200,318.200000,-,-,S,4057603,4068071
1,1,2335651,510360,2,20200805,105915830,1.589000,25000,39725.000000,-,-,S,4049848,4089287
1,1,2377497,510360,2,20200805,110234380,1.591000,1300,2068.300000,-,-,B,4157574,4156332
1,1,2424271,510360,2,20200805,110638640,1.592000,5000,7960.000000,-,-,B,4234787,4006142
1,1,2434652,510360,2,20200805,110733240,1.591000,200000,318200.000000,-,-,S,4204011,4251294
1,1,2434653,510360,2,20200805,110733240,1.591000,200,318.200000,-,-,S,4233979,4251294
1,1,2434698,510360,2,20200805,110733530,1.591000,200000,318200.000000,-,-,B,4251394,4251294
1,1,2434850,510360,2,20200805,110734380,1.591000,99800,158781.800000,-,-,B,4251662,4251294
1,1,2434851,510360,2,20200805,110734380,1.591000,100200,159418.200000,-,-,B,4251662,4251295
1,1,2434922,510360,2,20200805,110734790,1.591000,100200,159418.200000,-,-,B,4251809,4251295
1,1,2435046,510360,2,20200805,110735500,1.591000,200000,318200.000000,-,-,B,4252039,4251295
1,1,2435109,510360,2,20200805,110735890,1.591000,200000,318200.000000,-,-,B,4252144,4251295
1,1,2435200,510360,2,20200805,110736510,1.591000,200000,318200.000000,-,-,B,4252319,4251295
1,1,2435292,510360,2,20200805,110737010,1.591000,199600,317563.600000,-,-,B,4252464,4251295
1,1,2436465,510360,2,20200805,110743550,1.592000,200000,318400.000000,-,-,B,4254449,4006142
1,1,2436471,510360,2,20200805,110743570,1.591000,400,636.400000,-,-,S,4252464,4254459
1,1,2436472,510360,2,20200805,110743570,1.591000,199600,317563.600000,-,-,S,4252680,4254459
1,1,2436517,510360,2,20200805,110743880,1.591000,400,636.400000,-,-,B,4254551,4254459
1,1,2436605,510360,2,20200805,110744560,1.591000,200000,318200.000000,-,-,B,4254746,4254459
1,1,2436606,510360,2,20200805,110744560,1.591000,110000,175010.000000,-,-,B,4254748,4254459
1,1,2436607,510360,2,20200805,110744560,1.591000,90000,143190.000000,-,-,B,4254748,4254460
1,1,2436669,510360,2,20200805,110744890,1.591000,200000,318200.000000,-,-,B,4254833,4254460
1,1,2436825,510360,2,20200805,110745480,1.591000,200000,318200.000000,-,-,B,4254990,4254460
1,1,2436826,510360,2,20200805,110745480,1.591000,200000,318200.000000,-,-,B,4254991,4254460
1,1,2437026,510360,2,20200805,110746570,1.591000,200000,318200.000000,-,-,B,4255319,4254460
1,1,2437126,510360,2,20200805,110747100,1.591000,110000,175010.000000,-,-,B,4255511,4254460
1,1,2437127,510360,2,20200805,110747100,1.591000,90000,143190.000000,-,-,B,4255511,4254461
1,1,2437342,510360,2,20200805,110748480,1.591000,200000,318200.000000,-,-,B,4255850,4254461
1,1,2437415,510360,2,20200805,110748830,1.591000,200000,318200.000000,-,-,B,4255962,4254461
1,1,2437565,510360,2,20200805,110749470,1.591000,200000,318200.000000,-,-,B,4256179,4254461
1,1,2437652,510360,2,20200805,110750000,1.591000,200000,318200.000000,-,-,B,4256353,4254461
1,1,2437758,510360,2,20200805,110750530,1.591000,110000,175010.000000,-,-,B,4256500,4254461
1,1,2438349,510360,2,20200805,110753470,1.592000,200000,318400.000000,-,-,B,4257368,4006142
1,1,2438403,510360,2,20200805,110753770,1.592000,200000,318400.000000,-,-,B,4257451,4006142
1,1,2438562,510360,2,20200805,110754540,1.592000,200000,318400.000000,-,-,B,4257659,4006142
1,1,2438676,510360,2,20200805,110754960,1.592000,195000,310440.000000,-,-,B,4257764,4006142
1,1,2438677,510360,2,20200805,110754960,1.592000,5000,7960.000000,-,-,B,4257764,4006143
1,1,2438796,510360,2,20200805,110755480,1.592000,200000,318400.000000,-,-,B,4257944,4006143
1,1,2438877,510360,2,20200805,110755970,1.592000,200000,318400.000000,-,-,B,4258119,4006143
1,1,2438950,510360,2,20200805,110756540,1.592000,200000,318400.000000,-,-,B,4258255,4006143
1,1,2439091,510360,2,20200805,110757470,1.592000,200000,318400.000000,-,-,B,4258489,4006143
1,1,2439152,510360,2,20200805,110757970,1.592000,195000,310440.000000,-,-,B,4258627,4006143
1,1,2439153,510360,2,20200805,110757970,1.592000,5000,7960.000000,-,-,B,4258627,4006144
1,1,2439275,510360,2,20200805,110758490,1.592000,200000,318400.000000,-,-,B,4258788,4006144
1,1,2439356,510360,2,20200805,110758980,1.592000,200000,318400.000000,-,-,B,4258936,4006144
1,1,2439438,510360,2,20200805,110759520,1.592000,200000,318400.000000,-,-,B,4259075,4006144
1,1,2439587,510360,2,20200805,110800570,1.592000,200000,318400.000000,-,-,B,4259365,4006144
1,1,2439672,510360,2,20200805,110801070,1.592000,195000,310440.000000,-,-,B,4259553,4006144
1,1,2439673,510360,2,20200805,110801070,1.592000,5000,7960.000000,-,-,B,4259553,4006145
1,1,2439999,510360,2,20200805,110802480,1.592000,200000,318400.000000,-,-,B,4260044,4006145
1,1,2440059,510360,2,20200805,110802880,1.592000,200000,318400.000000,-,-,B,4260141,4006145
1,1,2440149,510360,2,20200805,110803470,1.592000,200000,318400.000000,-,-,B,4260320,4006145
1,1,2440341,510360,2,20200805,110804490,1.592000,200000,318400.000000,-,-,B,4260651,4006145
1,1,2440364,510360,2,20200805,110804620,1.592000,37600,59859.200000,-,-,B,4260697,4006145
1,1,2440439,510360,2,20200805,110804910,1.592000,157400,250580.800000,-,-,B,4260811,4006145
1,1,2440440,510360,2,20200805,110804910,1.592000,42600,67819.200000,-,-,B,4260811,4006146
1,1,2440545,510360,2,20200805,110805490,1.592000,200000,318400.000000,-,-,B,4261007,4006146
1,1,2440680,510360,2,20200805,110805920,1.592000,200000,318400.000000,-,-,B,4261137,4006146
1,1,2440736,510360,2,20200805,110806390,1.592000,200000,318400.000000,-,-,B,4261264,4006146
1,1,2440869,510360,2,20200805,110807430,1.592000,200000,318400.000000,-,-,B,4261530,4006146
1,1,2440942,510360,2,20200805,110807790,1.592000,157400,250580.800000,-,-,B,4261661,4006146
1,1,2446729,510360,2,20200805,110842960,1.592000,42600,67819.200000,-,-,S,4261661,4271660
1,1,2446730,510360,2,20200805,110842960,1.592000,21300,33909.600000,-,-,S,4261844,4271660
1,1,2448276,510360,2,20200805,110851390,1.592000,17600,28019.200000,-,-,S,4261844,4274040
1,1,2460459,510360,2,20200805,110952530,1.593000,200,318.600000,-,-,B,4293276,3887650
1,1,2461398,510360,2,20200805,110957240,1.593000,199800,318281.400000,-,-,S,4293276,4294775
1,1,2461399,510360,2,20200805,110957240,1.593000,200,318.600000,-,-,S,4293368,4294775
1,1,2461471,510360,2,20200805,110957540,1.593000,200,318.600000,-,-,B,4294864,4294775
1,1,2461696,510360,2,20200805,110958550,1.593000,200000,318600.000000,-,-,B,4295271,4294775
1,1,2461772,510360,2,20200805,110959030,1.593000,200000,318600.000000,-,-,B,4295453,4294775
1,1,2461850,510360,2,20200805,110959530,1.593000,13000,20709.000000,-,-,B,4295638,4294775
1,1,2468667,510360,2,20200805,111028040,1.594000,200000,318800.000000,-,-,S,4303383,4305825
1,1,2468763,510360,2,20200805,111028340,1.594000,185000,294890.000000,-,-,B,4305944,4305825
1,1,2475517,510360,2,20200805,111058500,1.595000,500,797.500000,-,-,B,4316614,3972346
1,1,2475518,510360,2,20200805,111058500,1.595000,199500,318202.500000,-,-,B,4316614,4316030
1,1,2475593,510360,2,20200805,111058780,1.595000,500,797.500000,-,-,B,4316721,4316030
1,1,2475735,510360,2,20200805,111059540,1.595000,200000,319000.000000,-,-,B,4316956,4316030
1,1,2475807,510360,2,20200805,111059890,1.595000,115200,183744.000000,-,-,B,4317067,4316030
1,1,2509460,510360,2,20200805,111352920,1.594000,2000,3188.000000,-,-,S,4319452,4374870
1,1,2509941,510360,2,20200805,111355880,1.593000,35600,56710.800000,-,-,S,4321653,4375702
1,1,2514955,510360,2,20200805,111428700,1.594000,200000,318800.000000,-,-,S,4385060,4385061
1,1,2515023,510360,2,20200805,111429240,1.594000,200000,318800.000000,-,-,B,4385234,4385061
1,1,2515071,510360,2,20200805,111429640,1.594000,199400,317843.600000,-,-,B,4385316,4385061
1,1,2523428,510360,2,20200805,111512840,1.595000,200000,319000.000000,-,-,B,4398402,4393870
1,1,2523464,510360,2,20200805,111513110,1.595000,200000,319000.000000,-,-,B,4398464,4393870
1,1,2523606,510360,2,20200805,111513800,1.595000,187000,298265.000000,-,-,B,4398702,4393870
1,1,2528330,510360,2,20200805,111542640,1.595000,200000,319000.000000,-,-,B,4406975,4403078
1,1,2528458,510360,2,20200805,111543060,1.595000,200000,319000.000000,-,-,B,4407112,4403078
1,1,2528553,510360,2,20200805,111543700,1.595000,200000,319000.000000,-,-,B,4407288,4403078
1,1,2528682,510360,2,20200805,111544040,1.595000,18500,29507.500000,-,-,B,4407427,4403078
1,1,2543518,510360,2,20200805,111704110,1.596000,500,798.000000,-,-,B,4430977,4119835
1,1,2548335,510360,2,20200805,111728450,1.595000,10700,17066.500000,-,-,S,4415776,4438814
1,1,2559260,510360,2,20200805,111821180,1.595000,1900,3030.500000,-,-,B,4456566,4449134
1,1,2575557,510360,2,20200805,112001140,1.593000,600,955.800000,-,-,S,4438952,4484635
1,1,2576339,510360,2,20200805,112005750,1.594000,200000,318800.000000,-,-,B,4485974,4475478
1,1,2576389,510360,2,20200805,112006020,1.594000,199200,317524.800000,-,-,B,4486052,4475478
1,1,2576390,510360,2,20200805,112006020,1.594000,800,1275.200000,-,-,B,4486052,4483636
1,1,2577088,510360,2,20200805,112010780,1.594000,200000,318800.000000,-,-,B,4487433,4483636
1,1,2577170,510360,2,20200805,112011240,1.594000,200000,318800.000000,-,-,B,4487569,4483636
1,1,2577249,510360,2,20200805,112011760,1.594000,200000,318800.000000,-,-,B,4487682,4483636
1,1,2577350,510360,2,20200805,112012700,1.594000,2700,4303.800000,-,-,B,4487909,4483636
1,1,2578317,510360,2,20200805,112019160,1.594000,300,478.200000,-,-,S,4487909,4489626
1,1,2585549,510360,2,20200805,112058780,1.595000,200000,319000.000000,-,-,B,4501620,4492280
1,1,2585689,510360,2,20200805,112059110,1.595000,153700,245151.500000,-,-,B,4501789,4492280
1,1,2585690,510360,2,20200805,112059110,1.595000,46300,73848.500000,-,-,B,4501789,4501018
1,1,2585880,510360,2,20200805,112059800,1.595000,200000,319000.000000,-,-,B,4502047,4501018
1,1,2586020,510360,2,20200805,112100410,1.595000,187500,299062.500000,-,-,B,4502247,4501018
1,1,2590024,510360,2,20200805,112115820,1.596000,9700,15481.200000,-,-,B,4508222,4119835
1,1,2590025,510360,2,20200805,112115820,1.596000,9500,15162.000000,-,-,B,4508222,4472465
1,1,2597953,510360,2,20200805,112155790,1.597000,200000,319400.000000,-,-,B,4520033,4511753
1,1,2598026,510360,2,20200805,112156240,1.597000,200000,319400.000000,-,-,B,4520143,4511753
1,1,2598146,510360,2,20200805,112156790,1.597000,25900,41362.300000,-,-,B,4520338,4511753
1,1,2598266,510360,2,20200805,112157470,1.597000,174100,278037.700000,-,-,S,4520338,4520517
1,1,2598267,510360,2,20200805,112157470,1.597000,25900,41362.300000,-,-,S,4520439,4520517
1,1,2598560,510360,2,20200805,112158760,1.597000,200000,319400.000000,-,-,B,4520920,4520517
1,1,2598687,510360,2,20200805,112159210,1.597000,173500,277079.500000,-,-,B,4521066,4520517
1,1,2603441,510360,2,20200805,112216940,1.599000,37600,60122.400000,-,-,B,4527492,269620
1,1,2605547,510360,2,20200805,112226670,1.598000,800,1278.400000,-,-,S,4527416,4530673
1,1,2605828,510360,2,20200805,112227380,1.598000,199200,318321.600000,-,-,S,4527416,4530879
1,1,2605829,510360,2,20200805,112227380,1.598000,800,1278.400000,-,-,S,4530794,4530879
1,1,2606111,510360,2,20200805,112228750,1.598000,200000,319600.000000,-,-,B,4531297,4530879
1,1,2606195,510360,2,20200805,112229100,1.598000,119800,191440.400000,-,-,B,4531430,4530879
1,1,2606863,510360,2,20200805,112231310,1.599000,1500,2398.500000,-,-,B,4532074,269620
1,1,2613917,510360,2,20200805,112303480,1.599000,3000,4797.000000,-,-,B,4542516,269620
1,1,2622750,510360,2,20200805,112347050,1.599000,2500,3997.500000,-,-,B,4556932,269620
1,1,2630519,510360,2,20200805,112428020,1.598000,37600,60084.800000,-,-,S,4531430,4569319
1,1,2640655,510360,2,20200805,112526870,1.598000,30000,47940.000000,-,-,S,4531430,4586638
1,1,2643071,510360,2,20200805,112540880,1.599000,200000,319800.000000,-,-,B,4590851,269620
1,1,2643118,510360,2,20200805,112541300,1.599000,200000,319800.000000,-,-,B,4590982,269620
1,1,2643302,510360,2,20200805,112541900,1.599000,17400,27822.600000,-,-,B,4591192,269620
1,1,2643303,510360,2,20200805,112541900,1.599000,16000,25584.000000,-,-,B,4591192,3738664
1,1,2643304,510360,2,20200805,112541900,1.599000,166600,266393.400000,-,-,B,4591192,4577768
1,1,2643354,510360,2,20200805,112542300,1.599000,200000,319800.000000,-,-,B,4591319,4577768
1,1,2644182,510360,2,20200805,112546870,1.599000,54500,87145.500000,-,-,B,4592671,4577768
1,1,2644183,510360,2,20200805,112546870,1.599000,145500,232654.500000,-,-,B,4592671,4587386
1,1,2644271,510360,2,20200805,112547310,1.599000,200000,319800.000000,-,-,B,4592799,4587386
1,1,2644847,510360,2,20200805,112550910,1.599000,200000,319800.000000,-,-,B,4593896,4587386
1,1,2644908,510360,2,20200805,112551320,1.599000,8700,13911.300000,-,-,B,4593999,4587386
1,1,2674876,510360,2,20200805,112843920,1.600000,200000,320000.000000,-,-,B,4642270,4629323
1,1,2674955,510360,2,20200805,112844380,1.600000,192100,307360.000000,-,-,B,4642387,4629323
1,1,2674956,510360,2,20200805,112844380,1.600000,7900,12640.000000,-,-,B,4642387,4637603
1,1,2675086,510360,2,20200805,112844960,1.600000,200000,320000.000000,-,-,B,4642571,4637603
1,1,2675179,510360,2,20200805,112845360,1.600000,200000,320000.000000,-,-,B,4642682,4637603
1,1,2676264,510360,2,20200805,112851920,1.600000,106800,170880.000000,-,-,B,4644494,4637603
1,1,2686126,510360,2,20200805,112942060,1.600000,200,320.000000,-,-,S,4653603,4658132
1,1,2698446,510360,2,20200805,130002120,1.601000,1000,1601.000000,-,-,B,4683499,2350733
1,1,2699765,510360,2,20200805,130002730,1.600000,7000,11200.000000,-,-,S,4653603,4687994
1,1,2705698,510360,2,20200805,130004580,1.600000,100,160.000000,-,-,S,4653603,4706303
1,1,2706995,510360,2,20200805,130005250,1.601000,9000,14409.000000,-,-,B,4710531,2350733
1,1,2706996,510360,2,20200805,130005250,1.601000,50000,80050.000000,-,-,B,4710531,4086867
1,1,2706997,510360,2,20200805,130005250,1.601000,3200,5123.200000,-,-,B,4710531,4709687
1,1,2730128,510360,2,20200805,130041140,1.601000,500,800.500000,-,-,S,4713495,4754210
1,1,2730129,510360,2,20200805,130041140,1.601000,200,320.200000,-,-,S,4727785,4754210
1,1,2736662,510360,2,20200805,130059030,1.600000,3000,4800.000000,-,-,S,4717002,4763451
1,1,2749038,510360,2,20200805,130143780,1.600000,200000,320000.000000,-,-,B,4781173,4763451
1,1,2749135,510360,2,20200805,130144170,1.600000,200000,320000.000000,-,-,B,4781354,4763451
1,1,2749271,510360,2,20200805,130144700,1.600000,14000,22400.000000,-,-,B,4781566,4763451
1,1,2749272,510360,2,20200805,130144700,1.600000,186000,297600.000000,-,-,B,4781566,4775630
1,1,2749392,510360,2,20200805,130145240,1.600000,14000,22400.000000,-,-,B,4781797,4775630
1,1,2749406,510360,2,20200805,130145350,1.599000,100,159.900000,-,-,S,4730614,4781855
1,1,2749407,510360,2,20200805,130145350,1.599000,9900,15830.100000,-,-,S,4747246,4781855
1,1,2750576,510360,2,20200805,130150440,1.600000,197800,316480.000000,-,-,B,4783689,4775630
1,1,2752779,510360,2,20200805,130159390,1.600000,200000,320000.000000,-,-,B,4787011,4786768
1,1,2752863,510360,2,20200805,130159800,1.600000,200000,320000.000000,-,-,B,4787145,4786768
1,1,2753686,510360,2,20200805,130203490,1.600000,128600,205760.000000,-,-,B,4788483,4786768
1,1,2766845,510360,2,20200805,130258580,1.601000,2000,3202.000000,-,-,B,4808972,4797913
1,1,2829198,510360,2,20200805,130720070,1.598000,200000,319600.000000,-,-,B,4911040,4898194
1,1,2829535,510360,2,20200805,130720560,1.598000,200000,319600.000000,-,-,B,4911381,4898194
1,1,2830005,510360,2,20200805,130722040,1.598000,21700,34676.600000,-,-,B,4911990,4898194
1,1,2830006,510360,2,20200805,130722040,1.598000,142900,228354.200000,-,-,B,4911990,4901793
1,1,2830007,510360,2,20200805,130722040,1.598000,35400,56569.200000,-,-,B,4911990,4909889
1,1,2830089,510360,2,20200805,130722450,1.598000,21700,34676.600000,-,-,B,4912157,4909889
1,1,2830238,510360,2,20200805,130723050,1.598000,200000,319600.000000,-,-,B,4912481,4909889
1,1,2830411,510360,2,20200805,130723540,1.598000,180400,288279.200000,-,-,B,4912789,4909889
1,1,2832757,510360,2,20200805,130729640,1.598000,700,1118.600000,-,-,S,4912789,4915471
1,1,2834433,510360,2,20200805,130737240,1.598000,100,159.800000,-,-,S,4912789,4918258
1,1,2851555,510360,2,20200805,130855530,1.598000,500,799.000000,-,-,S,4912789,4945621
1,1,2864648,510360,2,20200805,131001090,1.599000,200000,319800.000000,-,-,B,4967487,4953119
1,1,2864727,510360,2,20200805,131001430,1.599000,200000,319800.000000,-,-,B,4967630,4953119
1,1,2864897,510360,2,20200805,131002060,1.599000,83000,132717.000000,-,-,B,4967906,4953119
1,1,2864898,510360,2,20200805,131002060,1.599000,117000,187083.000000,-,-,B,4967906,4962945
1,1,2865535,510360,2,20200805,131005040,1.599000,200000,319800.000000,-,-,B,4969041,4962945
1,1,2865613,510360,2,20200805,131005310,1.599000,200000,319800.000000,-,-,B,4969132,4962945
1,1,2866022,510360,2,20200805,131007300,1.599000,37600,60122.400000,-,-,B,4969839,4962945
1,1,2866834,510360,2,20200805,131010390,1.599000,90000,143910.000000,-,-,B,4971176,4962945
1,1,2868272,510360,2,20200805,131017310,1.599000,200000,319800.000000,-,-,S,4973398,4973795
1,1,2868400,510360,2,20200805,131017740,1.599000,200000,319800.000000,-,-,B,4973997,4973795
1,1,2868498,510360,2,20200805,131018440,1.599000,147500,235852.500000,-,-,B,4974205,4973795
1,1,2923174,510360,2,20200805,131351410,1.598000,30000,47940.000000,-,-,S,5055538,5057378
1,1,2925937,510360,2,20200805,131406040,1.599000,5000,7995.000000,-,-,B,5063066,5044617
1,1,2959217,510360,2,20200805,131636930,1.599000,11300,18068.700000,-,-,B,5118349,5072590
1,1,2959218,510360,2,20200805,131636930,1.599000,188700,301731.300000,-,-,B,5118349,5100830
1,1,2959341,510360,2,20200805,131637390,1.599000,188700,301731.300000,-,-,B,5118492,5100830
1,1,2960347,510360,2,20200805,131640850,1.599000,131600,210428.400000,-,-,B,5119906,5100830
1,1,2960348,510360,2,20200805,131640850,1.599000,68400,109371.600000,-,-,B,5119906,5111387
1,1,2960462,510360,2,20200805,131641250,1.599000,68400,109371.600000,-,-,B,5120049,5111387
1,1,2960618,510360,2,20200805,131641870,1.599000,200000,319800.000000,-,-,B,5120308,5111387
1,1,2960685,510360,2,20200805,131642250,1.599000,200000,319800.000000,-,-,B,5120439,5111387
1,1,2960784,510360,2,20200805,131642810,1.599000,102200,163417.800000,-,-,B,5120617,5111387
1,1,2965123,510360,2,20200805,131658870,1.599000,3000,4797.000000,-,-,S,5120617,5126345
1,1,2983374,510360,2,20200805,131808570,1.599000,1200,1918.800000,-,-,S,5120617,5154572
1,1,2984104,510360,2,20200805,131810910,1.600000,5900,9440.000000,-,-,B,5155455,4817112
1,1,2984105,510360,2,20200805,131810910,1.600000,5000,8000.000000,-,-,B,5155455,4865143
1,1,2984106,510360,2,20200805,131810910,1.600000,5000,8000.000000,-,-,B,5155455,4988990
1,1,2984107,510360,2,20200805,131810910,1.600000,200,320.000000,-,-,B,5155455,5049720
1,1,2984108,510360,2,20200805,131810910,1.600000,2500,4000.000000,-,-,B,5155455,5056466
1,1,2984109,510360,2,20200805,131810910,1.600000,181400,290240.000000,-,-,B,5155455,5133781
1,1,2984382,510360,2,20200805,131811420,1.600000,10000,16000.000000,-,-,B,5155687,5133781
1,1,2984501,510360,2,20200805,131811900,1.600000,200000,320000.000000,-,-,B,5155883,5133781
1,1,2984693,510360,2,20200805,131812460,1.600000,114400,183040.000000,-,-,B,5156100,5133781
1,1,2984694,510360,2,20200805,131812460,1.600000,85600,136960.000000,-,-,B,5156100,5145826
1,1,2987087,510360,2,20200805,131822850,1.600000,200000,320000.000000,-,-,B,5160323,5145826
1,1,2987143,510360,2,20200805,131823120,1.600000,22000,35200.000000,-,-,B,5160443,5145826
1,1,2987144,510360,2,20200805,131823120,1.600000,178000,284800.000000,-,-,B,5160443,5158700
1,1,2987269,510360,2,20200805,131823760,1.600000,200000,320000.000000,-,-,B,5160691,5158700
1,1,2987339,510360,2,20200805,131824200,1.600000,121300,194080.000000,-,-,B,5160894,5158700
1,1,3048420,510360,2,20200805,132217180,1.597000,6400,10220.800000,-,-,S,4806905,5259943
1,1,3049236,510360,2,20200805,132220070,1.596000,31200,49795.200000,-,-,S,5243446,5261268
1,1,3086180,510360,2,20200805,132442960,1.595000,500,797.500000,-,-,S,5121454,5321427
1,1,3098857,510360,2,20200805,132512510,1.595000,500,797.500000,-,-,B,5338682,5321427
1,1,3107360,510360,2,20200805,132529950,1.593000,300,477.900000,-,-,S,4465136,5349892
1,1,3197423,510360,2,20200805,133120410,1.595000,9800,15631.000000,-,-,B,5499799,5321427
1,1,3197852,510360,2,20200805,133121150,1.595000,27800,44341.000000,-,-,S,5499799,5500146
1,1,3197856,510360,2,20200805,133121150,1.593000,600,955.800000,-,-,S,5449873,5500154
1,1,3234927,510360,2,20200805,133337740,1.592000,500,796.000000,-,-,S,5470250,5557868
1,1,3234928,510360,2,20200805,133337740,1.592000,200,318.400000,-,-,S,5549740,5557868
1,1,3251076,510360,2,20200805,133443460,1.594000,5000,7970.000000,-,-,B,5582952,5553327
1,1,3310562,510360,2,20200805,133901270,1.594000,1000,1594.000000,-,-,S,5671357,5679258
1,1,3310563,510360,2,20200805,133901270,1.594000,1000,1594.000000,-,-,S,5673310,5679258
1,1,3310564,510360,2,20200805,133901270,1.594000,11000,17534.000000,-,-,S,5679219,5679258
1,1,3312336,510360,2,20200805,133907790,1.594000,6300,10042.200000,-,-,S,5679219,5682278
1,1,3315904,510360,2,20200805,133920670,1.594000,6000,9564.000000,-,-,S,5679219,5687903
1,1,3336117,510360,2,20200805,134040360,1.597000,200,319.400000,-,-,B,5719905,5679823
1,1,3336256,510360,2,20200805,134040910,1.595000,7200,11484.000000,-,-,S,5699068,5720102
1,1,3388240,510360,2,20200805,134426620,1.597000,1000,1597.000000,-,-,B,5803412,5788394
1,1,3408247,510360,2,20200805,134601830,1.597000,10000,15970.000000,-,-,B,5836161,5788394
1,1,3423680,510360,2,20200805,134722160,1.596000,600,957.600000,-,-,S,5784887,5862496
1,1,3424038,510360,2,20200805,134723420,1.596000,2700,4309.200000,-,-,B,5862877,5862496
1,1,3472243,510360,2,20200805,135057710,1.598000,400,639.200000,-,-,B,5938270,5826088
1,1,3494580,510360,2,20200805,135241330,1.598000,2700,4314.600000,-,-,S,5938270,5975184
1,1,3494677,510360,2,20200805,135241530,1.598000,2700,4314.600000,-,-,S,5938270,5975277
1,1,3495023,510360,2,20200805,135243380,1.598000,2000,3196.000000,-,-,S,5938270,5975878
1,1,3506862,510360,2,20200805,135340450,1.598000,10000,15980.000000,-,-,S,5938270,5995415
1,1,3506977,510360,2,20200805,135340920,1.598000,1800,2876.400000,-,-,S,5938270,5995549
1,1,3527695,510360,2,20200805,135526270,1.598000,2800,4474.400000,-,-,S,5938270,6029630
1,1,3550366,510360,2,20200805,135707830,1.596000,2800,4468.800000,-,-,B,6063586,6063431
1,1,3553192,510360,2,20200805,135719910,1.596000,400,638.400000,-,-,B,6067633,6063431
1,1,3583033,510360,2,20200805,135932820,1.594000,100,159.400000,-,-,S,5693505,6112094
1,1,3583231,510360,2,20200805,135933630,1.594000,37500,59775.000000,-,-,B,6112395,6112094
1,1,3611967,510360,2,20200805,140058500,1.592000,1000,1592.000000,-,-,B,6149400,6148745
1,1,3644011,510360,2,20200805,140228640,1.592000,200000,318400.000000,-,-,B,6193476,6168302
1,1,3644111,510360,2,20200805,140229040,1.592000,200000,318400.000000,-,-,B,6193654,6168302
1,1,3644303,510360,2,20200805,140229590,1.592000,168600,268411.200000,-,-,B,6193960,6168302
1,1,3644304,510360,2,20200805,140229590,1.592000,31400,49988.800000,-,-,B,6193960,6182354
1,1,3644656,510360,2,20200805,140230570,1.592000,200000,318400.000000,-,-,B,6194490,6182354
1,1,3644766,510360,2,20200805,140231030,1.592000,128400,204412.800000,-,-,B,6194686,6182354
1,1,3675412,510360,2,20200805,140439080,1.593000,12400,19753.200000,-,-,B,6247626,6224969
1,1,3677417,510360,2,20200805,140447540,1.593000,200000,318600.000000,-,-,B,6251101,6236042
1,1,3677570,510360,2,20200805,140447930,1.593000,200000,318600.000000,-,-,B,6251343,6236042
1,1,3677723,510360,2,20200805,140448550,1.593000,200000,318600.000000,-,-,B,6251642,6236042
1,1,3677934,510360,2,20200805,140449490,1.593000,49900,79490.700000,-,-,B,6252056,6236042
1,1,3677935,510360,2,20200805,140449490,1.593000,150100,239109.300000,-,-,B,6252056,6247566
1,1,3678009,510360,2,20200805,140449840,1.593000,49900,79490.700000,-,-,B,6252208,6247566
1,1,3678246,510360,2,20200805,140450590,1.593000,200000,318600.000000,-,-,B,6252622,6247566
1,1,3678320,510360,2,20200805,140450800,1.593000,37600,59896.800000,-,-,B,6252749,6247566
1,1,3678431,510360,2,20200805,140451090,1.593000,53700,85544.100000,-,-,B,6252941,6247566
1,1,3680832,510360,2,20200805,140458560,1.594000,200000,318800.000000,-,-,B,6256811,6249122
1,1,3680956,510360,2,20200805,140459050,1.594000,200000,318800.000000,-,-,B,6257013,6249122
1,1,3681185,510360,2,20200805,140459540,1.594000,200000,318800.000000,-,-,B,6257359,6249122
1,1,3681390,510360,2,20200805,140500050,1.594000,200000,318800.000000,-,-,B,6257717,6249122
1,1,3681541,510360,2,20200805,140500500,1.594000,200000,318800.000000,-,-,B,6257979,6249122
1,1,3683952,510360,2,20200805,140508270,1.594000,200000,318800.000000,-,-,S,6258401,6261643
1,1,3684046,510360,2,20200805,140508560,1.594000,159000,253446.000000,-,-,B,6261785,6261643
1,1,3695655,510360,2,20200805,140552640,1.595000,200000,319000.000000,-,-,B,6281267,6275353
1,1,3695708,510360,2,20200805,140553030,1.595000,200000,319000.000000,-,-,B,6281395,6275353
1,1,3695884,510360,2,20200805,140553650,1.595000,146400,233508.000000,-,-,B,6281657,6275353
1,1,3699228,510360,2,20200805,140608400,1.595000,200000,319000.000000,-,-,S,6284693,6287471
1,1,3699386,510360,2,20200805,140608790,1.595000,176400,281358.000000,-,-,B,6287651,6287471
1,1,3705770,510360,2,20200805,140637470,1.595000,3000,4785.000000,-,-,S,6298014,6298632
1,1,3750332,510360,2,20200805,141018280,1.593000,100000,159300.000000,-,-,S,6306830,6374187
1,1,3757542,510360,2,20200805,141049750,1.594000,200000,318800.000000,-,-,B,6385709,6370774
1,1,3757583,510360,2,20200805,141050050,1.594000,163800,261097.200000,-,-,B,6385804,6370774
1,1,3757584,510360,2,20200805,141050050,1.594000,36200,57702.800000,-,-,B,6385804,6381586
1,1,3757725,510360,2,20200805,141050800,1.594000,200000,318800.000000,-,-,B,6386110,6381586
1,1,3757822,510360,2,20200805,141051210,1.594000,196000,312424.000000,-,-,B,6386249,6381586
1,1,3796704,510360,2,20200805,141241070,1.592000,2000,3184.000000,-,-,S,6223800,6439081
1,1,3796705,510360,2,20200805,141241070,1.592000,10000,15920.000000,-,-,S,6272783,6439081
1,1,3830721,510360,2,20200805,141453720,1.591000,1000,1591.000000,-,-,B,6492915,6469092
1,1,3899937,510360,2,20200805,142038150,1.592000,1000,1592.000000,-,-,S,6600381,6605586
1,1,3900548,510360,2,20200805,142041240,1.591000,36600,58230.600000,-,-,S,6500328,6606675
1,1,3918696,510360,2,20200805,142150870,1.593000,1200,1911.600000,-,-,B,6634677,6434959
1,1,3918697,510360,2,20200805,142150870,1.593000,198800,316688.400000,-,-,B,6634677,6615780
1,1,3918770,510360,2,20200805,142151270,1.593000,200000,318600.000000,-,-,B,6634821,6615780
1,1,3920440,510360,2,20200805,142158870,1.593000,81200,129351.600000,-,-,B,6637575,6615780
1,1,3920441,510360,2,20200805,142158870,1.593000,2000,3186.000000,-,-,B,6637575,6635144
1,1,3936137,510360,2,20200805,142306940,1.593000,116800,186062.400000,-,-,S,6637575,6662606
1,1,3936138,510360,2,20200805,142306940,1.593000,83200,132537.600000,-,-,S,6637743,6662606
1,1,3936206,510360,2,20200805,142307290,1.593000,116800,186062.400000,-,-,B,6662718,6662606
1,1,3936326,510360,2,20200805,142307930,1.593000,183200,291837.600000,-,-,B,6662926,6662606
1,1,3936327,510360,2,20200805,142307930,1.593000,16800,26762.400000,-,-,B,6662926,6662607
1,1,3936439,510360,2,20200805,142308300,1.593000,200000,318600.000000,-,-,B,6663062,6662607
1,1,3936532,510360,2,20200805,142308840,1.593000,183200,291837.600000,-,-,B,6663261,6662607
1,1,3958743,510360,2,20200805,142506020,1.594000,200000,318800.000000,-,-,B,6701261,6691602
1,1,3958862,510360,2,20200805,142506420,1.594000,200000,318800.000000,-,-,B,6701407,6691602
1,1,3959013,510360,2,20200805,142507020,1.594000,100000,159400.000000,-,-,B,6701597,6691602
1,1,3959014,510360,2,20200805,142507020,1.594000,100000,159400.000000,-,-,B,6701597,6691603
1,1,3959191,510360,2,20200805,142507920,1.594000,200000,318800.000000,-,-,B,6701902,6691603
1,1,3959293,510360,2,20200805,142508380,1.594000,100000,159400.000000,-,-,B,6702065,6691603
1,1,3981820,510360,2,20200805,142702120,1.594000,100000,159400.000000,-,-,S,6702065,6738948
1,1,3981821,510360,2,20200805,142702120,1.594000,100000,159400.000000,-,-,S,6702326,6738948
1,1,4002256,510360,2,20200805,142849640,1.594000,600,956.400000,-,-,S,6766364,6773372
1,1,4037121,510360,2,20200805,143130930,1.595000,200000,319000.000000,-,-,B,6827304,6738080
1,1,4037203,510360,2,20200805,143131330,1.595000,200000,319000.000000,-,-,B,6827449,6738080
1,1,4037862,510360,2,20200805,143133940,1.595000,200000,319000.000000,-,-,B,6828486,6738081
1,1,4037941,510360,2,20200805,143134430,1.595000,200000,319000.000000,-,-,B,6828627,6738081
1,1,4038045,510360,2,20200805,143134940,1.595000,100000,159500.000000,-,-,B,6828822,6738081
1,1,4061110,510360,2,20200805,143308100,1.596000,500,798.000000,-,-,B,6865418,6736701
1,1,4080978,510360,2,20200805,143433210,1.596000,2400,3830.400000,-,-,B,6896447,6851813
1,1,4094153,510360,2,20200805,143519830,1.595000,2000,3190.000000,-,-,S,6883864,6915839
1,1,4128291,510360,2,20200805,143709660,1.594000,3400,5419.600000,-,-,S,6766364,6966209
1,1,4192218,510360,2,20200805,144117070,1.593000,4500,7168.500000,-,-,S,7045051,7065068
1,1,4230996,510360,2,20200805,144345100,1.594000,300,478.200000,-,-,B,7124803,7008172
1,1,4265991,510360,2,20200805,144541000,1.595000,600,957.000000,-,-,B,7177501,6915839
1,1,4268288,510360,2,20200805,144547110,1.595000,2400,3828.000000,-,-,B,7180470,6915839
1,1,4285497,510360,2,20200805,144639580,1.595000,8400,13398.000000,-,-,S,7189579,7204376
1,1,4308997,510360,2,20200805,144756150,1.596000,200000,319200.000000,-,-,B,7238511,6851813
1,1,4309218,510360,2,20200805,144756750,1.596000,200000,319200.000000,-,-,B,7238858,6851813
1,1,4312976,510360,2,20200805,144809050,1.596000,97600,155769.600000,-,-,B,7244678,6851813
1,1,4312977,510360,2,20200805,144809050,1.596000,102400,163430.400000,-,-,B,7244678,6851814
1,1,4313107,510360,2,20200805,144809640,1.596000,200000,319200.000000,-,-,B,7244936,6851814
1,1,4314123,510360,2,20200805,144813140,1.596000,97600,155769.600000,-,-,B,7246470,6851814
1,1,4344062,510360,2,20200805,144943990,1.596000,2100,3351.600000,-,-,S,7252476,7290094
1,1,4355924,510360,2,20200805,145013720,1.597000,1000,1597.000000,-,-,B,7307019,6937574
1,1,4355925,510360,2,20200805,145013720,1.597000,17800,28426.600000,-,-,B,7307019,7287033
1,1,4398309,510360,2,20200805,145216410,1.596000,10000,15960.000000,-,-,S,7252476,7370413
1,1,4421883,510360,2,20200805,145320210,1.596000,10000,15960.000000,-,-,S,7252476,7404528
1,1,4443526,510360,2,20200805,145411450,1.597000,100,159.700000,-,-,B,7433437,7287033
1,1,4453192,510360,2,20200805,145431240,1.596000,200,319.200000,-,-,S,7252476,7445103
1,1,4469120,510360,2,20200805,145503410,1.596000,300,478.800000,-,-,S,7252476,7465149
1,1,4477967,510360,2,20200805,145520500,1.596000,1000,1596.000000,-,-,S,7252476,7476973
1,1,4480816,510360,2,20200805,145526340,1.596000,300,478.800000,-,-,S,7252476,7480833
1,1,4483177,510360,2,20200805,145530970,1.597000,6200,9901.400000,-,-,B,7484068,7287033
1,1,4485380,510360,2,20200805,145535180,1.596000,20000,31920.000000,-,-,S,7252476,7486860
1,1,4505296,510360,2,20200805,145614310,1.597000,3100,4950.700000,-,-,B,7512394,7287033
1,1,4519995,510360,2,20200805,145639210,1.597000,4800,7665.600000,-,-,B,7528651,7287033
1,1,4519996,510360,2,20200805,145639210,1.597000,195200,311734.400000,-,-,B,7528651,7327399
1,1,4520242,510360,2,20200805,145639710,1.597000,200000,319400.000000,-,-,B,7528984,7327399
1,1,4520508,510360,2,20200805,145640240,1.597000,4800,7665.600000,-,-,B,7529311,7327399
1,1,4520509,510360,2,20200805,145640240,1.597000,195200,311734.400000,-,-,B,7529311,7327400
1,1,4520677,510360,2,20200805,145640700,1.597000,195200,311734.400000,-,-,B,7529614,7327400
1,1,4522371,510360,2,20200805,145644220,1.597000,109600,175031.200000,-,-,B,7531822,7327400
1,1,4522372,510360,2,20200805,145644220,1.597000,4500,7186.500000,-,-,B,7531822,7371915
1,1,4525382,510360,2,20200805,145649740,1.597000,1000,1597.000000,-,-,S,7531822,7535379
1,1,4532276,510360,2,20200805,145809710,1.596000,300,478.800000,-,-,S,7263823,7574617
