Datetime,Lastprice,Volume,Precloseprice,AvgPrice,Iopv,Netvalue,Bid[0],BidQty[0],Bid[1],BidQty[1],Bid[2],BidQty[2],Bid[3],BidQty[3],Bid[4],BidQty[4],Bid[5],BidQty[5],Bid[6],BidQty[6],Bid[7],BidQty[7],Bid[8],BidQty[8],Bid[9],BidQty[9],Ask[0],AskQty[0],Ask[1],AskQty[1],Ask[2],AskQty[2],Ask[3],AskQty[3],Ask[4],AskQty[4],Ask[5],AskQty[5],Ask[6],AskQty[6],Ask[7],AskQty[7],Ask[8],AskQty[8],Ask[9],AskQty[9]
2020-08-05 09:30:08.630,2.941,13600.0,2.954,2.941,2.95,2.962,2.941,16400,2.939,30000,2.938,500,2.905,7600,2.897,1000,2.896,900,2.867,1000,2.866,1200,2.855,7700,2.664,1000,2.955,10000,2.968,6000,2.969,11800,2.97,1500,2.978,4900,2.984,4300,2.998,5000,2.999,3000,3.0,2600,3.01,800
2020-08-05 09:31:02.610,2.941,2300.0,2.954,2.941,2.946,2.962,2.941,14100,2.939,30000,2.938,500,2.91,200,2.905,7600,2.9,1000,2.897,1000,2.896,900,2.88,500,2.867,1000,2.955,10000,2.966,30000,2.968,6000,2.969,61800,2.97,1500,2.978,4900,2.984,4300,2.998,5000,2.999,3000,3.0,7600
2020-08-05 09:31:57.430,2.941,700.0,2.954,2.941,2.946,2.962,2.939,30000,2.938,500,2.91,200,2.905,7600,2.9,1000,2.897,1000,2.896,900,2.88,500,2.867,1000,2.866,1200,2.941,300,2.954,11800,2.955,10000,2.966,30000,2.968,6000,2.969,50000,2.97,1500,2.978,4900,2.984,4300,2.998,5000
2020-08-05 09:32:11.270,2.941,300.0,2.954,2.941,2.944,2.962,2.941,300,2.939,30000,2.938,500,2.911,30000,2.91,200,2.905,7600,2.9,1000,2.897,1000,2.896,900,2.88,500,2.954,11800,2.955,10000,2.966,30000,2.968,6000,2.969,50000,2.97,1500,2.978,4900,2.984,4300,2.998,5000,2.999,3000
2020-08-05 09:32:19.380,2.939,10000.0,2.954,2.9402790000000003,2.944,2.962,2.939,20300,2.938,500,2.911,30000,2.91,200,2.905,7600,2.9,1000,2.897,1000,2.896,900,2.88,500,2.867,1000,2.954,11800,2.955,10000,2.966,30000,2.968,6000,2.969,50000,2.97,1500,2.978,4900,2.984,4300,2.998,5000,2.999,3000
2020-08-05 09:33:15.400,2.954,2000.0,2.954,2.9412279999999997,2.942,2.962,2.952,10000,2.94,10400,2.938,500,2.935,300,2.919,7800,2.916,30000,2.915,7700,2.911,30000,2.91,200,2.905,7600,2.954,9800,2.955,10000,2.966,30000,2.968,6000,2.969,50000,2.97,1500,2.978,4900,2.984,4300,2.998,5000,2.999,3000
2020-08-05 09:33:18.940,2.952,5000.0,2.954,2.942817,2.942,2.962,2.952,5000,2.94,10400,2.938,500,2.935,300,2.919,7800,2.916,30000,2.915,7700,2.911,30000,2.91,200,2.905,7600,2.953,30000,2.954,9800,2.955,10000,2.966,30000,2.968,6000,2.969,50000,2.97,1500,2.978,4900,2.984,4300,2.998,5000
2020-08-05 09:33:19.550,2.952,800.0,2.954,2.943029,2.943,2.962,2.952,4200,2.94,10400,2.938,500,2.935,300,2.919,7800,2.916,30000,2.915,7700,2.911,30000,2.91,200,2.905,7600,2.953,30000,2.954,9800,2.955,10000,2.966,30000,2.968,6000,2.969,50000,2.97,1500,2.978,4900,2.984,4300,2.998,5000
2020-08-05 09:33:25.580,2.952,4200.0,2.954,2.943997,2.943,2.962,2.94,10400,2.938,500,2.935,300,2.919,7800,2.916,30000,2.915,7700,2.911,30000,2.91,200,2.905,7600,2.9,1000,2.952,25800,2.953,30000,2.954,9800,2.955,10000,2.966,30000,2.968,6000,2.969,50000,2.97,1500,2.978,4900,2.984,4300
2020-08-05 09:34:05.350,2.95,2000.0,2.954,2.9442909999999998,2.943,2.962,2.94,10400,2.938,500,2.935,300,2.919,7800,2.916,31000,2.911,30000,2.91,200,2.905,7600,2.9,1000,2.897,1000,2.95,28000,2.952,25800,2.955,10000,2.966,30000,2.968,6000,2.969,50000,2.97,1500,2.978,4900,2.984,4300,2.998,5000
2020-08-05 09:34:20.280,2.949,5300.0,2.954,2.944831,2.943,2.962,2.94,10400,2.938,500,2.935,300,2.919,7800,2.916,31000,2.911,30000,2.91,200,2.905,7600,2.9,1000,2.897,1000,2.949,4500,2.95,28000,2.952,25800,2.955,10000,2.966,30000,2.968,6000,2.969,50000,2.97,1500,2.978,4900,2.984,4300
2020-08-05 09:34:45.500,2.949,400.0,2.954,2.944867,2.946,2.962,2.94,10400,2.938,500,2.935,300,2.92,10000,2.919,7800,2.916,1000,2.91,200,2.905,7600,2.9,1000,2.897,1000,2.949,4100,2.95,28000,2.952,25800,2.955,10000,2.966,30000,2.968,6000,2.969,50000,2.97,1500,2.978,4900,2.984,4300
2020-08-05 09:34:59.280,2.95,5000.0,2.954,2.9452849999999997,2.948,2.962,2.94,15400,2.938,500,2.935,300,2.92,10000,2.919,7800,2.916,1000,2.91,200,2.905,7600,2.9,1000,2.897,1000,2.95,27100,2.952,25800,2.955,10000,2.966,30000,2.968,6000,2.969,50000,2.97,1500,2.978,4900,2.984,4300,2.998,5000
2020-08-05 09:35:06.110,2.94,400.0,2.954,2.9452439999999998,2.948,2.962,2.94,15000,2.938,500,2.935,300,2.92,10000,2.919,7800,2.916,1000,2.91,200,2.905,7600,2.9,1000,2.897,1000,2.95,27100,2.952,25800,2.955,10000,2.966,30000,2.968,6000,2.969,50000,2.97,1500,2.978,4900,2.984,4300,2.998,5000
2020-08-05 09:35:29.270,2.94,7100.0,2.954,2.944614,2.946,2.962,2.94,7900,2.938,500,2.935,300,2.921,6000,2.92,10000,2.919,7800,2.916,1000,2.91,200,2.905,7600,2.9,1000,2.95,27100,2.952,25800,2.955,10000,2.966,30000,2.968,6000,2.969,50000,2.97,1500,2.978,4900,2.984,4300,2.998,5000
2020-08-05 09:35:37.040,2.94,2300.0,2.954,2.944441,2.946,2.962,2.94,5600,2.938,500,2.935,300,2.921,6000,2.92,10000,2.919,7800,2.916,1000,2.91,200,2.905,7600,2.9,1000,2.95,27100,2.952,25800,2.955,10000,2.966,30000,2.968,6000,2.969,50000,2.97,1500,2.978,4900,2.984,4300,2.998,5000
2020-08-05 09:36:02.450,2.941,200.0,2.954,2.94443,2.944,2.962,2.94,5600,2.938,500,2.935,300,2.921,6000,2.92,10000,2.919,7800,2.916,1000,2.91,200,2.905,7600,2.9,11000,2.941,5600,2.95,27100,2.952,25800,2.955,10000,2.966,30000,2.968,6000,2.969,50000,2.97,1500,2.978,4900,2.984,4300
2020-08-05 09:36:09.950,2.941,5600.0,2.954,2.9441439999999997,2.942,2.962,2.941,3600,2.94,5600,2.938,500,2.935,300,2.921,6000,2.92,14000,2.919,7800,2.916,1000,2.91,200,2.905,7600,2.95,27100,2.952,25800,2.955,10000,2.966,30000,2.968,6000,2.969,50000,2.97,1500,2.978,4900,2.984,4300,2.998,5000
2020-08-05 09:36:41.960,2.95,2000.0,2.954,2.944314,2.94,2.962,2.941,3600,2.94,5600,2.938,500,2.935,300,2.921,6000,2.92,14000,2.919,7800,2.916,1000,2.91,200,2.905,7600,2.95,25100,2.952,25800,2.955,10000,2.966,30000,2.968,6000,2.969,50000,2.97,1500,2.978,4900,2.984,4300,2.998,5000
2020-08-05 09:36:47.950,2.941,3600.0,2.954,2.94415,2.938,2.962,2.94,5600,2.938,500,2.935,300,2.921,6000,2.92,14000,2.919,7800,2.916,1000,2.91,200,2.905,7600,2.9,11000,2.941,26400,2.95,25100,2.952,25800,2.955,10000,2.966,30000,2.968,6000,2.969,50000,2.97,1500,2.978,4900,2.984,4300
2020-08-05 09:36:53.060,2.94,5600.0,2.954,2.943853,2.938,2.962,2.938,500,2.935,300,2.921,6000,2.92,14000,2.919,7800,2.916,1000,2.91,200,2.905,7600,2.9,11000,2.897,1000,2.94,24400,2.941,26400,2.95,25100,2.952,25800,2.955,10000,2.966,30000,2.968,6000,2.969,50000,2.97,1500,2.978,4900
2020-08-05 09:37:46.600,2.94,14900.0,2.954,2.943238,2.939,2.962,2.938,500,2.935,300,2.921,6000,2.92,14000,2.919,7800,2.916,1000,2.91,200,2.905,7600,2.9,11000,2.897,1000,2.94,18400,2.941,26400,2.95,35100,2.952,25800,2.955,10000,2.966,30000,2.968,6000,2.969,51000,2.97,1500,2.978,4900
2020-08-05 09:38:31.690,2.939,900.0,2.954,2.943197,2.941,2.962,2.939,7600,2.938,500,2.935,300,2.921,6000,2.92,14000,2.919,7800,2.916,1000,2.91,200,2.905,7600,2.9,11000,2.94,17500,2.941,26400,2.95,35100,2.952,25800,2.955,10000,2.966,30000,2.968,6000,2.969,51000,2.97,1500,2.978,4900
2020-08-05 09:38:40.440,2.939,7600.0,2.954,2.942884,2.94,2.962,2.938,500,2.935,300,2.921,6000,2.92,14000,2.919,7800,2.916,1000,2.91,200,2.905,7600,2.9,11000,2.897,1000,2.939,22400,2.94,17500,2.941,26400,2.95,35100,2.952,25800,2.955,10000,2.966,30000,2.968,6000,2.969,51000,2.97,1500
2020-08-05 09:39:03.220,2.94,3000.0,2.954,2.942802,2.937,2.962,2.938,500,2.935,300,2.921,6000,2.92,14000,2.919,7800,2.916,1000,2.915,1000,2.91,200,2.905,7600,2.9,11000,2.94,14500,2.941,26400,2.95,35100,2.952,25800,2.955,10000,2.966,30000,2.968,6000,2.969,51000,2.97,1500,2.978,4900
2020-08-05 09:39:49.060,2.938,500.0,2.954,2.9427790000000003,2.937,2.962,2.935,300,2.922,7700,2.921,6000,2.92,14000,2.916,1000,2.915,1000,2.91,200,2.905,7600,2.9,11000,2.897,1000,2.938,29500,2.94,14500,2.941,29700,2.95,35100,2.952,25800,2.955,10000,2.966,30100,2.968,6000,2.969,51000,2.97,1500
2020-08-05 09:39:57.440,2.938,3700.0,2.954,2.942617,2.937,2.962,2.935,300,2.922,7700,2.921,6000,2.92,14000,2.916,1000,2.915,1000,2.91,200,2.905,7600,2.9,11000,2.897,1000,2.938,26300,2.94,14500,2.941,29700,2.95,35100,2.952,25800,2.955,10000,2.966,30100,2.968,6000,2.969,51000,2.97,1500
2020-08-05 09:40:03.780,2.94,2000.0,2.954,2.9425689999999998,2.937,2.962,2.935,300,2.922,7700,2.921,6000,2.92,14000,2.917,2000,2.916,1000,2.915,1000,2.91,200,2.905,7600,2.9,11000,2.94,12500,2.941,29700,2.95,35100,2.952,25800,2.955,10000,2.966,30100,2.968,6000,2.969,51000,2.97,1500,2.978,4900
2020-08-05 09:40:14.390,2.935,300.0,2.954,2.942549,2.936,2.962,2.922,7700,2.921,6000,2.92,14000,2.917,2000,2.916,1000,2.915,1000,2.91,200,2.905,7600,2.9,11000,2.897,1000,2.94,12500,2.941,29700,2.95,35100,2.952,25800,2.955,10000,2.966,30100,2.968,6000,2.969,51000,2.97,1500,2.978,4900
2020-08-05 09:40:54.470,2.922,27300.0,2.954,2.938503,2.942,2.962,2.921,6000,2.92,14000,2.917,2000,2.916,1000,2.915,1000,2.91,200,2.905,7600,2.9,11000,2.897,1000,2.896,400,2.922,11600,2.94,4500,2.941,29700,2.95,35100,2.952,25800,2.955,10000,2.966,30100,2.968,6000,2.969,51000,2.97,1500
2020-08-05 09:40:57.510,2.922,11600.0,2.954,2.9372279999999997,2.942,2.962,2.921,6000,2.92,14000,2.917,2000,2.916,1000,2.915,1000,2.91,200,2.905,7600,2.9,11000,2.897,1000,2.896,400,2.94,4500,2.941,29700,2.95,35100,2.952,25800,2.955,10000,2.966,30100,2.968,6000,2.969,51000,2.97,1500,2.978,4900
2020-08-05 09:40:59.980,2.922,9900.0,2.954,2.936388,2.942,2.962,2.922,21000,2.921,6000,2.92,14000,2.917,2000,2.916,1000,2.915,1000,2.91,200,2.905,7600,2.9,11000,2.897,1000,2.94,3600,2.941,29700,2.95,35100,2.952,25800,2.955,10000,2.966,30100,2.968,6000,2.969,51000,2.97,1500,2.978,4900
2020-08-05 09:41:01.110,2.922,5500.0,2.954,2.93591,2.942,2.962,2.922,45500,2.921,6000,2.92,14000,2.917,2000,2.916,1000,2.915,1000,2.91,200,2.905,7600,2.9,11000,2.897,1000,2.94,3600,2.941,29700,2.95,35100,2.952,25800,2.955,10000,2.966,30100,2.968,6000,2.969,51000,2.97,1500,2.978,4900
2020-08-05 09:42:05.450,2.939,1000.0,2.954,2.9359290000000002,2.939,2.962,2.939,29600,2.924,30500,2.923,9400,2.922,15800,2.921,6000,2.92,14000,2.917,2000,2.916,1000,2.915,1000,2.91,200,2.94,3600,2.941,29700,2.95,35100,2.952,25800,2.955,10000,2.966,30100,2.969,51000,2.97,1500,2.978,4900,2.984,4300
2020-08-05 09:42:11.340,2.939,19400.0,2.954,2.936249,2.938,2.962,2.939,40200,2.925,2000,2.924,30500,2.923,9400,2.922,15800,2.921,6000,2.92,14000,2.917,2000,2.916,1000,2.915,1000,2.94,3600,2.941,3300,2.95,35100,2.955,10000,2.966,30100,2.969,51000,2.97,1500,2.978,4900,2.984,4300,2.99,2000
2020-08-05 09:42:18.250,2.939,40200.0,2.954,2.936738,2.937,2.962,2.925,2000,2.924,30500,2.923,9400,2.922,15800,2.921,6000,2.92,14000,2.917,2000,2.916,1000,2.915,1000,2.91,200,2.939,79000,2.94,3600,2.941,3300,2.95,10000,2.955,10000,2.966,30100,2.969,51000,2.97,1500,2.978,4900,2.984,4300
2020-08-05 09:42:27.020,2.939,2000.0,2.954,2.936758,2.937,2.962,2.925,2000,2.924,30500,2.923,9400,2.922,15800,2.921,6000,2.92,14000,2.917,2000,2.916,1000,2.915,1000,2.91,200,2.939,77000,2.94,3600,2.941,3300,2.95,10000,2.955,10000,2.966,30100,2.969,51000,2.97,1500,2.978,4900,2.984,4300
2020-08-05 09:42:54.210,2.939,2800.0,2.954,2.936785,2.937,2.962,2.925,2500,2.924,30000,2.923,7400,2.922,15800,2.921,6000,2.92,15000,2.917,2000,2.916,1000,2.915,1000,2.91,200,2.939,74200,2.94,3600,2.941,3300,2.95,10000,2.955,10000,2.966,30100,2.969,51000,2.97,1500,2.978,4900,2.984,4300
2020-08-05 09:43:28.310,2.925,2500.0,2.954,2.936659,2.94,2.962,2.924,30000,2.923,7400,2.922,15800,2.921,6500,2.92,15000,2.917,2000,2.916,1000,2.915,1000,2.91,200,2.905,7600,2.925,3900,2.938,30000,2.939,74200,2.94,3600,2.941,3300,2.95,10000,2.955,10000,2.966,30100,2.969,51000,2.97,1500
2020-08-05 09:43:40.940,2.924,21500.0,2.954,2.93565,2.941,2.962,2.924,23400,2.923,7400,2.922,15500,2.921,6500,2.92,15000,2.917,2000,2.916,1000,2.915,1000,2.91,200,2.905,7600,2.938,30000,2.939,74200,2.94,3600,2.941,3300,2.95,10000,2.955,10000,2.966,30100,2.969,51000,2.97,1500,2.978,4900
2020-08-05 09:44:46.930,2.938,2000.0,2.954,2.935668,2.939,2.962,2.927,2000,2.926,5100,2.925,3600,2.924,24400,2.923,3400,2.922,15500,2.921,6500,2.92,15000,2.917,2000,2.916,1000,2.938,28000,2.939,74200,2.94,3600,2.941,3300,2.95,10000,2.955,10000,2.966,30100,2.969,51000,2.97,1500,2.978,4900
2020-08-05 09:45:12.960,2.927,2000.0,2.954,2.9356009999999997,2.938,2.962,2.926,10400,2.925,3600,2.924,24400,2.923,3400,2.922,15500,2.921,6500,2.92,15000,2.917,2000,2.916,1000,2.915,1000,2.927,18000,2.938,28000,2.939,74200,2.94,3600,2.941,3300,2.95,10000,2.955,10000,2.966,30100,2.969,51000,2.97,1500
2020-08-05 09:46:14.640,2.926,2800.0,2.954,2.935498,2.931,2.962,2.926,9600,2.925,7900,2.924,1500,2.923,3400,2.921,6500,2.92,15000,2.917,2000,2.916,1000,2.915,1000,2.91,200,2.927,18000,2.938,28000,2.939,74200,2.94,3600,2.941,3300,2.95,10000,2.955,10000,2.966,30100,2.969,51000,2.97,1500
2020-08-05 09:48:11.090,2.927,1500.0,2.954,2.93545,2.935,2.962,2.926,13100,2.925,5700,2.924,1500,2.921,6500,2.92,18000,2.916,1000,2.915,1000,2.91,200,2.905,7600,2.902,1800,2.927,16500,2.937,2800,2.938,28000,2.939,74200,2.94,3600,2.941,3300,2.95,10000,2.955,10000,2.966,30100,2.969,51000
2020-08-05 09:48:36.060,2.927,400.0,2.954,2.935437,2.935,2.962,2.926,13100,2.925,5700,2.924,1500,2.921,6500,2.92,18000,2.916,1000,2.915,1000,2.91,200,2.905,7600,2.902,1800,2.927,16100,2.937,2800,2.938,28000,2.939,74200,2.94,3600,2.941,3300,2.95,10000,2.955,10000,2.966,30100,2.969,51000
2020-08-05 09:48:50.520,2.927,2000.0,2.954,2.9353740000000004,2.933,2.962,2.926,13100,2.925,5700,2.924,1500,2.921,6500,2.92,18000,2.916,1000,2.915,1000,2.91,200,2.905,7600,2.902,1800,2.927,14100,2.937,2800,2.938,28000,2.939,74200,2.94,3600,2.941,3300,2.95,10000,2.955,10000,2.966,30100,2.969,51000
2020-08-05 09:49:13.990,2.927,1300.0,2.954,2.935333,2.931,2.962,2.926,13100,2.925,5700,2.924,1500,2.921,6500,2.92,18000,2.916,1000,2.915,1000,2.91,200,2.905,7600,2.902,1800,2.927,12800,2.937,2800,2.938,28000,2.939,74200,2.94,3600,2.941,3300,2.95,10000,2.955,10000,2.966,30100,2.969,51000
2020-08-05 09:49:16.090,2.927,300.0,2.954,2.935324,2.931,2.962,2.926,13100,2.925,5700,2.924,1500,2.921,6500,2.92,18000,2.916,1000,2.915,1000,2.91,200,2.905,7600,2.902,1800,2.927,12500,2.937,2800,2.938,28000,2.939,74200,2.94,3600,2.941,3300,2.95,10000,2.955,10000,2.966,30100,2.969,51000
2020-08-05 09:49:22.310,2.926,22400.0,2.954,2.9346349999999997,2.931,2.962,2.925,5700,2.924,1500,2.921,6500,2.92,18000,2.916,1000,2.915,1000,2.91,200,2.905,7600,2.902,1800,2.901,5000,2.926,16900,2.927,3200,2.937,2800,2.938,28000,2.939,74200,2.94,3600,2.95,10000,2.955,10000,2.966,30100,2.969,51000
2020-08-05 09:50:52.140,2.926,3000.0,2.954,2.934546,2.935,2.962,2.925,6200,2.924,1500,2.921,5500,2.92,18000,2.916,1000,2.915,1000,2.91,200,2.905,7600,2.902,1800,2.901,5000,2.926,13900,2.927,3200,2.937,2800,2.938,28000,2.939,74200,2.94,3600,2.95,10000,2.955,10000,2.966,30100,2.969,51000
2020-08-05 09:51:24.090,2.926,3000.0,2.954,2.93446,2.935,2.962,2.925,6200,2.924,1500,2.922,7800,2.921,5500,2.92,18000,2.916,1000,2.915,1000,2.91,200,2.905,7600,2.902,1800,2.926,10900,2.927,3200,2.937,2800,2.938,28000,2.939,74200,2.94,3600,2.95,10000,2.955,10000,2.966,30100,2.969,51000
2020-08-05 09:52:07.110,2.926,14200.0,2.954,2.934072,2.935,2.962,2.926,285800,2.925,6200,2.924,1500,2.922,7800,2.921,5500,2.92,18000,2.916,1000,2.915,1000,2.91,200,2.905,7600,2.927,3200,2.937,2800,2.938,28000,2.939,74200,2.94,3600,2.95,10000,2.955,10000,2.966,30100,2.969,51000,2.97,1500
2020-08-05 09:52:15.790,2.927,3200.0,2.954,2.934,2.934,2.962,2.927,100,2.926,285800,2.925,16200,2.924,1500,2.921,5500,2.92,18000,2.916,1000,2.915,1000,2.91,200,2.905,7600,2.937,2800,2.938,28000,2.939,74200,2.94,3600,2.95,10000,2.955,10000,2.966,30100,2.969,51000,2.97,1500,2.978,4900
2020-08-05 09:52:24.690,2.926,1700.0,2.954,2.933957,2.935,2.962,2.926,284200,2.925,6200,2.924,1500,2.921,5500,2.92,18000,2.916,1000,2.915,1000,2.91,200,2.905,7600,2.902,1800,2.937,2800,2.938,28000,2.939,74200,2.94,3600,2.95,10000,2.955,10000,2.966,30100,2.969,51000,2.97,1500,2.978,4900
2020-08-05 09:52:25.780,2.937,2800.0,2.954,2.933984,2.935,2.962,2.937,7200,2.926,284200,2.925,6200,2.924,1500,2.921,5500,2.92,18000,2.916,1000,2.915,1000,2.91,200,2.905,7600,2.938,28000,2.939,74200,2.94,3600,2.95,10000,2.955,10000,2.966,30100,2.969,51000,2.97,1500,2.978,4900,2.99,2000
2020-08-05 09:52:32.070,2.937,7200.0,2.954,2.93405,2.934,2.962,2.927,3000,2.926,284200,2.925,6200,2.924,1500,2.921,5500,2.92,18000,2.916,1000,2.915,1000,2.91,200,2.905,7600,2.937,22800,2.938,28000,2.939,74200,2.94,3600,2.95,10000,2.955,10000,2.966,30100,2.969,51000,2.97,1500,2.978,4900
2020-08-05 09:53:12.970,2.935,2000.0,2.954,2.934056,2.932,2.962,2.929,5100,2.927,23000,2.926,294200,2.925,5700,2.924,1500,2.921,5500,2.92,18000,2.916,1000,2.915,1000,2.91,200,2.935,28000,2.937,22800,2.939,74200,2.95,10000,2.955,10000,2.966,100,2.969,21000,2.97,1500,2.978,4900,2.99,2000
2020-08-05 09:54:03.820,2.929,5700.0,2.954,2.933985,2.927,2.962,2.929,4400,2.927,23000,2.926,10000,2.925,10700,2.924,1500,2.921,5500,2.92,18000,2.916,1000,2.915,1000,2.91,200,2.937,22800,2.939,74200,2.95,10000,2.955,10000,2.966,100,2.969,21000,2.97,1500,2.978,4900,2.99,2000,2.998,5000
2020-08-05 09:54:08.890,2.927,27400.0,2.954,2.933477,2.927,2.962,2.926,10000,2.925,10700,2.924,1500,2.921,5500,2.92,18000,2.916,1000,2.915,1000,2.91,200,2.905,7600,2.902,1800,2.927,2600,2.937,22800,2.939,74200,2.95,10000,2.955,10000,2.966,100,2.969,21000,2.97,1500,2.978,4900,2.99,2000
2020-08-05 09:54:18.010,2.925,20700.0,2.954,2.933043,2.926,2.962,2.924,1500,2.921,5500,2.92,18000,2.916,1000,2.915,1000,2.91,200,2.905,7600,2.902,1800,2.901,5000,2.9,14500,2.925,9300,2.927,32600,2.937,22800,2.939,74200,2.95,10000,2.955,10000,2.966,100,2.969,21000,2.97,1500,2.978,4900
2020-08-05 09:54:40.740,2.924,1500.0,2.954,2.933007,2.924,2.962,2.921,5500,2.92,18000,2.916,1000,2.915,1000,2.91,200,2.905,7600,2.902,1800,2.901,5000,2.9,14500,2.897,1000,2.924,28500,2.925,9300,2.927,3300,2.939,74200,2.95,10000,2.955,10000,2.966,100,2.969,21000,2.97,1500,2.978,4900
2020-08-05 09:55:06.440,2.921,1400.0,2.954,2.932963,2.923,2.962,2.921,4100,2.92,14000,2.916,2000,2.915,1000,2.91,200,2.905,7600,2.902,1800,2.901,5000,2.9,14500,2.897,1000,2.924,28500,2.925,9300,2.927,700,2.939,74200,2.95,10000,2.955,10000,2.966,100,2.969,21000,2.97,1500,2.978,4900
2020-08-05 09:56:17.440,2.922,100.0,2.954,2.93296,2.919,2.962,2.922,2900,2.921,4100,2.92,14000,2.917,3000,2.916,2000,2.915,1000,2.91,200,2.905,7600,2.902,1800,2.901,5000,2.924,28500,2.925,9300,2.939,74200,2.95,10000,2.955,10000,2.966,100,2.969,21000,2.97,1500,2.978,4900,2.99,2000
2020-08-05 09:56:31.230,2.922,200.0,2.954,2.9329549999999998,2.919,2.962,2.922,2700,2.921,4100,2.92,14000,2.917,3000,2.916,2000,2.915,1000,2.91,200,2.905,7600,2.902,1800,2.901,5000,2.924,28500,2.925,9300,2.939,74200,2.95,10000,2.955,10000,2.966,100,2.969,21000,2.97,1500,2.978,4900,2.99,2000
2020-08-05 09:56:52.540,2.924,300.0,2.954,2.932948,2.922,2.962,2.922,2700,2.921,4100,2.92,14000,2.917,3000,2.916,1000,2.91,200,2.905,7600,2.902,1800,2.901,5000,2.9,14500,2.924,28200,2.925,9300,2.939,74200,2.95,10000,2.955,10000,2.966,100,2.969,21000,2.97,1500,2.978,4900,2.99,2000
2020-08-05 09:57:03.010,2.924,1700.0,2.954,2.9329080000000003,2.92,2.962,2.922,2800,2.921,4100,2.92,14000,2.917,3000,2.916,1000,2.91,200,2.905,7600,2.902,1800,2.901,5000,2.9,14500,2.924,26500,2.925,9300,2.939,74200,2.95,10000,2.955,10000,2.966,100,2.969,21000,2.97,1500,2.978,4900,2.99,2000
2020-08-05 09:57:14.900,2.922,2600.0,2.954,2.932835,2.919,2.962,2.922,200,2.921,4100,2.92,14000,2.917,3000,2.916,1000,2.91,200,2.905,7600,2.902,1800,2.901,5000,2.9,14500,2.924,26500,2.925,9300,2.939,74200,2.95,10000,2.955,10000,2.966,100,2.969,21000,2.97,1500,2.978,4900,2.99,2000
2020-08-05 09:57:22.570,2.92,18300.0,2.954,2.932269,2.918,2.962,2.917,3000,2.916,1000,2.91,200,2.905,7600,2.902,1800,2.901,5000,2.9,14500,2.897,1000,2.896,8800,2.88,500,2.92,11700,2.924,26500,2.925,9300,2.939,74200,2.95,10000,2.955,10000,2.966,100,2.969,21000,2.97,1500,2.978,4900
2020-08-05 09:57:33.450,2.917,1300.0,2.954,2.93222,2.917,2.962,2.917,1700,2.916,1000,2.91,200,2.905,7600,2.902,1800,2.901,5000,2.9,14500,2.897,1000,2.896,8800,2.88,500,2.92,11700,2.924,26500,2.925,9300,2.939,74200,2.95,10000,2.955,10000,2.966,100,2.969,21000,2.97,1500,2.978,4900
2020-08-05 09:57:36.050,2.917,700.0,2.954,2.932194,2.917,2.962,2.917,1000,2.916,1000,2.91,200,2.905,7600,2.902,1800,2.901,5000,2.9,14500,2.897,1000,2.896,8800,2.88,500,2.92,11700,2.924,26500,2.925,9300,2.939,74200,2.95,10000,2.955,10000,2.966,100,2.969,21000,2.97,1500,2.978,4900
2020-08-05 09:57:38.990,2.917,1000.0,2.954,2.932157,2.917,2.962,2.916,1000,2.91,200,2.905,7600,2.902,1800,2.901,5000,2.9,14500,2.897,1000,2.896,8800,2.88,500,2.867,1000,2.917,14000,2.92,11700,2.924,26500,2.925,9300,2.939,74200,2.95,10000,2.955,10000,2.966,100,2.969,21000,2.97,1500
2020-08-05 09:57:49.100,2.916,300.0,2.954,2.9321450000000002,2.917,2.962,2.916,700,2.91,200,2.905,7600,2.902,1800,2.901,5000,2.9,14500,2.897,1000,2.896,8800,2.88,500,2.867,1000,2.917,14000,2.92,11700,2.924,26500,2.925,9300,2.939,74200,2.95,10000,2.955,10000,2.966,100,2.969,21000,2.97,1500
2020-08-05 09:57:54.170,2.916,100.0,2.954,2.932141,2.916,2.962,2.916,600,2.91,200,2.905,7600,2.902,1800,2.901,5000,2.9,14500,2.897,1000,2.896,8800,2.88,500,2.867,1000,2.917,14000,2.92,11700,2.924,26500,2.925,9300,2.939,74200,2.95,10000,2.955,10000,2.966,100,2.969,21000,2.97,1500
2020-08-05 09:58:06.560,2.917,100.0,2.954,2.932137,2.915,2.962,2.916,600,2.91,200,2.905,7600,2.902,1800,2.901,5000,2.9,14500,2.896,8800,2.88,500,2.866,700,2.86,8600,2.917,3900,2.92,11700,2.924,26500,2.925,9300,2.939,74200,2.95,10000,2.955,10000,2.966,100,2.969,21000,2.97,1500
2020-08-05 09:58:13.400,2.917,200.0,2.954,2.93213,2.916,2.962,2.916,600,2.91,200,2.905,7600,2.902,1800,2.901,5000,2.9,14500,2.896,8800,2.88,500,2.866,700,2.86,8600,2.917,33700,2.92,11700,2.924,26500,2.925,9300,2.939,74200,2.95,10000,2.955,10000,2.966,100,2.969,21000,2.97,1500
2020-08-05 09:58:14.440,2.916,600.0,2.954,2.932107,2.915,2.962,2.91,200,2.905,7600,2.902,1800,2.901,5000,2.9,14500,2.896,8800,2.88,500,2.866,700,2.86,8600,2.857,300,2.916,29400,2.917,33700,2.92,11700,2.924,26500,2.925,9300,2.939,74200,2.95,10000,2.955,10000,2.966,100,2.969,21000
2020-08-05 09:58:19.910,2.91,200.0,2.954,2.932096,2.914,2.962,2.905,7600,2.902,1800,2.901,5000,2.9,14500,2.896,8800,2.88,500,2.866,700,2.86,8600,2.857,300,2.85,20000,2.91,9800,2.916,29400,2.917,3700,2.92,11700,2.924,26500,2.925,9300,2.939,74200,2.95,10000,2.955,10000,2.966,100
2020-08-05 09:58:42.470,2.91,100.0,2.954,2.93209,2.916,2.962,2.906,1000,2.905,7600,2.902,1800,2.901,5000,2.9,14500,2.896,8800,2.88,500,2.866,700,2.86,8600,2.857,300,2.91,9700,2.916,29400,2.917,3700,2.92,11700,2.924,26500,2.925,9300,2.939,74200,2.95,10000,2.955,10000,2.966,100
2020-08-05 09:59:01.830,2.906,300.0,2.954,2.932071,2.916,2.962,2.906,700,2.905,7600,2.902,1800,2.901,5000,2.9,15000,2.899,3000,2.896,8800,2.88,500,2.866,700,2.86,8600,2.91,9700,2.916,29400,2.917,3700,2.92,11700,2.924,26500,2.925,9300,2.939,74200,2.95,10000,2.955,10000,2.966,100
2020-08-05 09:59:03.450,2.906,700.0,2.954,2.932027,2.916,2.962,2.905,7600,2.902,1800,2.901,5000,2.9,15000,2.899,3000,2.896,8800,2.88,500,2.866,700,2.86,8600,2.857,300,2.906,41600,2.91,9700,2.916,29400,2.917,3700,2.92,11700,2.924,26500,2.925,9300,2.939,74200,2.95,10000,2.955,10000
2020-08-05 09:59:11.650,2.906,30000.0,2.954,2.930262,2.916,2.962,2.905,11000,2.902,1800,2.901,5000,2.9,15000,2.899,3000,2.896,8800,2.88,500,2.866,700,2.86,8600,2.857,300,2.906,11600,2.91,9700,2.916,29400,2.917,3700,2.92,11700,2.924,26500,2.925,9300,2.939,74200,2.95,10000,2.955,10000
2020-08-05 09:59:12.610,2.906,11600.0,2.954,2.929642,2.915,2.962,2.906,18400,2.905,11000,2.902,1800,2.901,5000,2.9,17500,2.899,3000,2.896,8800,2.88,500,2.866,700,2.86,8600,2.91,9700,2.916,29400,2.917,3700,2.92,11700,2.924,26500,2.925,9300,2.939,74200,2.95,10000,2.955,10000,2.966,100
2020-08-05 09:59:35.770,2.91,2000.0,2.954,2.9295560000000003,2.916,2.962,2.907,10000,2.906,20600,2.905,11000,2.902,1800,2.901,10000,2.9,17500,2.899,3000,2.896,8800,2.89,500,2.88,500,2.91,7700,2.916,29400,2.917,3700,2.92,11700,2.924,26500,2.925,9300,2.939,74200,2.95,10000,2.955,10000,2.966,100
2020-08-05 09:59:53.510,2.91,2300.0,2.954,2.9294569999999998,2.917,2.962,2.907,10000,2.906,18600,2.905,11000,2.902,1800,2.901,12000,2.9,17500,2.899,3000,2.896,8800,2.89,500,2.88,500,2.91,5400,2.917,3700,2.92,11700,2.924,26500,2.925,9300,2.939,74200,2.95,10000,2.955,10000,2.966,100,2.969,21000
2020-08-05 10:00:08.140,2.908,200.0,2.954,2.929448,2.917,2.962,2.908,2900,2.907,10000,2.906,18600,2.905,11000,2.902,1800,2.901,12000,2.9,17500,2.899,3000,2.896,8800,2.89,500,2.91,5400,2.917,3700,2.924,26500,2.925,9300,2.939,74200,2.95,10000,2.955,10000,2.966,100,2.969,21000,2.97,1500
2020-08-05 10:00:10.520,2.908,2900.0,2.954,2.929313,2.918,2.962,2.907,10000,2.906,18600,2.905,11000,2.902,1800,2.901,12000,2.9,17500,2.899,3000,2.896,8800,2.89,500,2.88,500,2.908,4800,2.91,5400,2.917,3700,2.924,26500,2.925,9300,2.939,74200,2.95,10000,2.955,10000,2.966,100,2.969,21000
2020-08-05 10:00:11.750,2.908,4800.0,2.954,2.929094,2.918,2.962,2.909,500,2.907,10000,2.906,18600,2.905,11000,2.902,1800,2.901,12000,2.9,17500,2.899,3000,2.896,8800,2.89,500,2.91,5400,2.917,3700,2.924,26500,2.925,9300,2.939,74200,2.95,10000,2.955,10000,2.966,100,2.969,21000,2.97,1500
2020-08-05 10:00:18.200,2.91,2400.0,2.954,2.9289959999999997,2.918,2.962,2.909,500,2.907,10000,2.906,18600,2.905,11000,2.902,1800,2.901,12000,2.9,17500,2.899,3000,2.896,8800,2.89,500,2.91,3000,2.917,3700,2.924,26500,2.925,9300,2.939,74200,2.95,10000,2.955,10000,2.966,100,2.969,21000,2.97,1500
2020-08-05 10:00:27.130,2.91,1800.0,2.954,2.928923,2.919,2.962,2.909,10500,2.908,4000,2.907,10000,2.906,18600,2.905,3400,2.902,1800,2.901,12000,2.9,17500,2.899,3000,2.896,8800,2.91,1200,2.917,3700,2.924,26500,2.925,9300,2.939,74200,2.95,10000,2.955,10000,2.966,100,2.969,21000,2.97,1500
2020-08-05 10:00:36.470,2.91,1200.0,2.954,2.928875,2.921,2.962,2.91,1800,2.909,10500,2.908,4000,2.907,10000,2.906,18600,2.905,3400,2.902,1800,2.901,12000,2.9,17500,2.899,3000,2.917,3700,2.924,26500,2.925,9300,2.939,74200,2.95,10000,2.955,10000,2.966,100,2.969,21000,2.97,1500,2.978,4900
2020-08-05 10:01:33.750,2.912,1200.0,2.954,2.928832,2.918,2.962,2.911,5000,2.91,4300,2.909,10500,2.908,4000,2.907,12000,2.906,27300,2.905,3400,2.902,1800,2.901,12000,2.9,18500,2.912,1000,2.917,3700,2.924,26500,2.939,74200,2.95,10000,2.955,10000,2.966,100,2.969,21000,2.97,1500,2.978,4900
2020-08-05 10:01:53.970,2.912,100.0,2.954,2.928829,2.918,2.962,2.911,5000,2.91,4300,2.909,10500,2.908,14000,2.907,2000,2.906,27300,2.905,3400,2.902,1800,2.901,12000,2.9,18500,2.912,900,2.917,3700,2.924,26500,2.939,74200,2.95,10000,2.955,10000,2.966,100,2.969,21000,2.97,1500,2.978,4900
2020-08-05 10:02:34.020,2.912,900.0,2.954,2.9287970000000003,2.917,2.962,2.911,5000,2.91,4300,2.909,10500,2.908,14000,2.907,2000,2.906,27300,2.905,3400,2.902,1800,2.901,12000,2.9,28500,2.917,13700,2.924,26500,2.939,74200,2.95,10000,2.955,10000,2.966,100,2.969,21000,2.97,1500,2.978,4900,2.99,2000
2020-08-05 10:03:16.450,2.917,5000.0,2.954,2.928673,2.912,2.962,2.912,1000,2.911,5000,2.91,4300,2.909,4500,2.908,4000,2.907,2000,2.906,37300,2.905,3400,2.902,1800,2.901,12000,2.917,8700,2.924,26500,2.939,74200,2.95,10000,2.955,10000,2.966,100,2.969,21000,2.97,1500,2.978,4900,2.99,2000
2020-08-05 10:04:52.290,2.917,5000.0,2.954,2.928553,2.914,2.962,2.915,1500,2.912,1000,2.911,5000,2.91,4300,2.909,4500,2.908,4000,2.907,2000,2.906,18700,2.902,1800,2.901,12000,2.917,3700,2.924,26500,2.939,74200,2.95,10000,2.955,10000,2.966,100,2.969,21000,2.97,1500,2.978,4900,2.99,2000
2020-08-05 10:05:13.370,2.915,1500.0,2.954,2.928511,2.914,2.962,2.912,1000,2.911,5000,2.91,4300,2.909,4500,2.908,4000,2.907,2000,2.906,18700,2.902,1800,2.901,12000,2.9,28600,2.917,3700,2.939,74200,2.95,10000,2.955,10000,2.966,100,2.969,21000,2.97,1500,2.978,4900,2.99,2000,2.998,5000
2020-08-05 10:08:12.190,2.923,2000.0,2.954,2.928488,2.919,2.962,2.913,3300,2.912,5000,2.911,15000,2.91,10900,2.909,5800,2.908,4000,2.907,2000,2.906,18700,2.904,2000,2.902,1800,2.923,8000,2.924,30000,2.926,10000,2.939,74200,2.95,10000,2.955,10000,2.966,100,2.969,21000,2.97,1500,2.978,4900
2020-08-05 10:10:09.850,2.915,2000.0,2.954,2.928433,2.924,2.962,2.914,2500,2.913,3700,2.912,15000,2.911,15000,2.91,5500,2.909,5800,2.908,4000,2.907,2000,2.906,18700,2.904,2000,2.922,2000,2.924,30000,2.939,74200,2.95,10000,2.955,10000,2.966,100,2.969,21000,2.97,1500,2.978,4900,2.99,2000
2020-08-05 10:11:54.310,2.932,300.0,2.954,2.928435,2.922,2.962,2.915,8000,2.914,12500,2.913,2300,2.912,15000,2.911,5000,2.91,5500,2.909,5800,2.908,4000,2.906,18700,2.904,2000,2.932,9700,2.933,30000,2.938,40000,2.939,74200,2.95,10000,2.955,10000,2.966,100,2.969,21000,2.97,1500,2.978,4900
2020-08-05 10:12:11.840,2.932,1000.0,2.954,2.928443,2.923,2.962,2.916,17000,2.915,13100,2.914,12500,2.913,400,2.912,15000,2.911,5000,2.91,7500,2.909,500,2.908,4000,2.906,18700,2.932,8700,2.933,30000,2.938,40000,2.939,74200,2.95,10000,2.955,10000,2.966,100,2.969,21000,2.97,1500,2.978,4900
2020-08-05 10:13:20.200,2.918,1200.0,2.954,2.9284169999999996,2.926,2.962,2.918,15800,2.917,10100,2.915,23100,2.914,12500,2.913,400,2.912,5000,2.911,5000,2.91,7500,2.909,500,2.908,4000,2.931,30000,2.932,8700,2.933,30000,2.938,30000,2.939,74200,2.95,10000,2.955,10000,2.966,100,2.969,21000,2.97,1500
2020-08-05 10:14:35.740,2.919,900.0,2.954,2.9284,2.932,2.962,2.919,9100,2.918,15800,2.917,10100,2.915,18000,2.914,12500,2.913,400,2.912,1000,2.911,5000,2.91,5700,2.909,500,2.93,10000,2.932,8700,2.933,30000,2.938,30000,2.939,74200,2.947,1000,2.95,10000,2.955,10000,2.966,100,2.969,21000
2020-08-05 10:18:30.240,2.919,18400.0,2.954,2.928061,2.927,2.962,2.918,200,2.917,10100,2.916,10000,2.915,8000,2.914,2500,2.913,400,2.912,1000,2.911,5000,2.91,23200,2.909,500,2.919,11600,2.928,30000,2.929,4800,2.932,8700,2.933,30000,2.938,30000,2.939,74200,2.947,1000,2.95,10000,2.955,10000
2020-08-05 10:18:44.290,2.918,200.0,2.954,2.928058,2.926,2.962,2.917,10100,2.916,10000,2.915,8000,2.914,2500,2.913,400,2.912,1000,2.911,5000,2.91,23200,2.909,500,2.908,4000,2.918,2800,2.919,11600,2.928,30000,2.929,4800,2.93,10000,2.933,30000,2.938,30000,2.939,74200,2.947,1000,2.95,10000
2020-08-05 10:19:21.700,2.918,2800.0,2.954,2.928003,2.926,2.962,2.918,27200,2.917,10100,2.916,10000,2.915,8000,2.914,2500,2.913,400,2.912,1000,2.911,5000,2.91,23200,2.909,500,2.919,11600,2.928,30000,2.929,4800,2.93,10000,2.933,30000,2.938,30000,2.939,74200,2.947,1000,2.95,10000,2.955,10000
2020-08-05 10:19:36.010,2.919,11600.0,2.954,2.927804,2.926,2.962,2.919,18400,2.918,27900,2.917,10100,2.916,10000,2.915,8000,2.914,2500,2.913,400,2.912,1000,2.911,5000,2.91,23200,2.928,30000,2.929,4800,2.93,10000,2.933,30000,2.938,30000,2.939,74200,2.947,1000,2.95,10000,2.955,10000,2.966,100
2020-08-05 10:21:45.700,2.921,6300.0,2.954,2.927723,2.929,2.962,2.921,3700,2.92,10000,2.919,10000,2.918,32000,2.917,100,2.916,1000,2.915,8000,2.914,2500,2.913,400,2.912,1000,2.928,30000,2.929,14800,2.93,10000,2.933,30000,2.938,30000,2.939,74200,2.947,1000,2.95,10000,2.955,10000,2.966,100
2020-08-05 10:22:39.390,2.922,43700.0,2.954,2.927289,2.933,2.962,2.921,34900,2.92,10000,2.919,10000,2.918,32000,2.917,100,2.916,1000,2.915,400,2.914,2500,2.913,400,2.912,1000,2.922,30500,2.929,4800,2.933,40000,2.938,30000,2.947,1000,2.95,10000,2.955,10000,2.966,100,2.968,5500,2.969,21000
2020-08-05 10:22:44.600,2.922,30000.0,2.954,2.927027,2.932,2.962,2.921,34900,2.92,10000,2.919,10000,2.918,32000,2.917,100,2.916,1000,2.915,400,2.914,2500,2.913,400,2.912,1000,2.922,500,2.929,4800,2.933,40000,2.938,30000,2.947,1000,2.95,10000,2.955,10000,2.966,100,2.968,5500,2.969,21000
2020-08-05 10:22:46.000,2.929,3500.0,2.954,2.927033,2.932,2.962,2.923,300000,2.922,29500,2.921,34900,2.92,10000,2.919,10000,2.918,32000,2.917,100,2.916,1000,2.915,400,2.914,2500,2.929,1800,2.933,40000,2.938,30000,2.947,1000,2.95,10000,2.955,10000,2.966,100,2.968,5500,2.969,21000,2.97,1500
2020-08-05 10:23:14.410,2.929,300.0,2.954,2.927033,2.934,2.962,2.923,15200,2.922,39500,2.921,34900,2.92,10000,2.919,10000,2.918,32000,2.917,100,2.916,1000,2.915,400,2.914,500,2.929,1500,2.933,30000,2.938,30000,2.947,1000,2.95,10000,2.955,10000,2.966,100,2.968,5500,2.969,21000,2.97,1500
2020-08-05 10:24:01.820,2.929,1200.0,2.954,2.927037,2.935,2.962,2.926,2000,2.924,40000,2.923,25200,2.922,39500,2.921,34900,2.92,10000,2.918,32000,2.917,100,2.916,1000,2.915,400,2.929,300,2.933,30000,2.938,30000,2.947,1000,2.95,10000,2.955,10000,2.966,100,2.968,5500,2.969,21000,2.97,1500
2020-08-05 10:25:09.760,2.927,2000.0,2.954,2.927037,2.931,2.962,2.927,22300,2.926,2000,2.924,10000,2.923,23000,2.922,29500,2.921,2000,2.918,32000,2.917,100,2.916,1000,2.915,400,2.929,9700,2.933,30000,2.938,30000,2.947,1000,2.95,10000,2.955,10000,2.966,100,2.968,5500,2.969,21000,2.97,1500
2020-08-05 10:26:33.070,2.927,15700.0,2.954,2.927036,2.934,2.962,2.927,6600,2.926,2000,2.923,23000,2.922,39500,2.921,2000,2.918,32000,2.917,100,2.916,1000,2.915,400,2.914,500,2.929,700,2.933,10000,2.934,10000,2.946,30000,2.947,1000,2.95,10000,2.955,10000,2.966,100,2.968,5500,2.969,21000
2020-08-05 10:27:15.190,2.927,1300.0,2.954,2.927036,2.934,2.962,2.927,5300,2.926,2000,2.923,23000,2.922,39500,2.921,2000,2.918,32000,2.917,100,2.916,1000,2.915,400,2.914,500,2.929,700,2.934,10000,2.946,30000,2.947,1000,2.95,10000,2.955,10000,2.966,100,2.968,5500,2.969,21000,2.97,1500
2020-08-05 10:28:55.670,2.929,700.0,2.954,2.927038,2.935,2.962,2.929,4300,2.927,34500,2.925,200,2.923,23000,2.922,39500,2.921,2000,2.918,32000,2.917,100,2.916,1000,2.915,400,2.934,10000,2.938,30000,2.946,30000,2.947,1000,2.95,10000,2.955,10000,2.96,1000,2.966,100,2.968,5500,2.969,21000
2020-08-05 10:33:37.250,2.933,10000.0,2.954,2.927132,2.928,2.962,2.929,4300,2.927,5300,2.925,200,2.923,13000,2.921,2000,2.92,3200,2.918,4000,2.917,100,2.916,1000,2.915,400,2.933,20000,2.934,10400,2.935,10000,2.938,30000,2.946,30000,2.947,1000,2.95,10000,2.955,10000,2.96,1000,2.966,100
2020-08-05 10:33:42.800,2.929,4300.0,2.954,2.9271439999999997,2.928,2.962,2.927,5300,2.925,200,2.923,13000,2.921,2000,2.92,3200,2.918,4000,2.917,100,2.916,1000,2.915,400,2.914,500,2.929,25700,2.933,20000,2.934,10400,2.935,10000,2.938,30000,2.946,30000,2.947,1000,2.95,10000,2.955,10000,2.96,1000
2020-08-05 10:35:17.570,2.927,5300.0,2.954,2.927143,2.926,2.962,2.925,200,2.923,3000,2.921,2000,2.92,3200,2.918,4000,2.917,100,2.916,1000,2.915,400,2.914,500,2.913,400,2.927,10300,2.928,10000,2.929,30000,2.93,10000,2.931,30000,2.932,10000,2.933,20000,2.934,400,2.938,30000,2.946,30000
2020-08-05 10:35:44.940,2.925,200.0,2.954,2.927142,2.924,2.962,2.923,3000,2.921,2000,2.92,3200,2.918,4000,2.917,100,2.916,1000,2.915,400,2.914,500,2.913,400,2.912,1000,2.927,10300,2.928,10000,2.929,30000,2.93,10000,2.934,400,2.947,1000,2.95,10000,2.955,10000,2.96,1000,2.966,100
2020-08-05 10:38:19.450,2.925,1500.0,2.954,2.927137,2.933,2.962,2.925,40300,2.924,10000,2.923,3000,2.921,2000,2.92,3200,2.918,5000,2.917,100,2.916,1000,2.915,400,2.914,500,2.934,400,2.937,10000,2.947,1000,2.95,10000,2.955,10000,2.96,1000,2.966,100,2.968,5500,2.969,21000,2.97,1500
2020-08-05 10:38:36.070,2.925,41300.0,2.954,2.9270099999999997,2.933,2.962,2.925,9000,2.924,10000,2.923,3000,2.921,2000,2.92,3200,2.918,5000,2.917,100,2.916,1000,2.915,400,2.914,500,2.934,400,2.936,30000,2.937,10000,2.947,1000,2.95,10000,2.955,10000,2.96,1000,2.966,100,2.968,5500,2.969,21000
2020-08-05 10:39:03.660,2.926,300.0,2.954,2.927009,2.933,2.962,2.926,29700,2.925,9000,2.924,10000,2.923,3000,2.921,2000,2.92,3200,2.918,5000,2.917,100,2.916,1000,2.915,400,2.934,400,2.936,40000,2.937,10000,2.947,1000,2.95,10000,2.955,10000,2.96,1000,2.966,100,2.968,5500,2.969,21000
2020-08-05 10:48:44.740,2.934,100.0,2.954,2.9270099999999997,2.939,2.962,2.932,10000,2.931,30000,2.93,10000,2.927,4000,2.926,29900,2.925,2000,2.923,3000,2.921,2000,2.92,3200,2.918,1000,2.934,3700,2.947,4400,2.95,10000,2.955,10000,2.96,4000,2.966,100,2.968,5500,2.969,21000,2.97,1500,2.978,4900
2020-08-05 10:49:15.980,2.933,200.0,2.954,2.927012,2.94,2.962,2.932,10000,2.931,30000,2.93,10000,2.927,4000,2.926,29900,2.925,2000,2.923,3000,2.921,2000,2.92,3200,2.918,1000,2.933,4200,2.934,3700,2.947,4400,2.95,10000,2.955,10000,2.96,4000,2.966,100,2.968,5500,2.969,21000,2.97,1500
2020-08-05 10:49:39.970,2.932,300.0,2.954,2.927014,2.937,2.962,2.932,9700,2.931,10000,2.93,10000,2.927,4000,2.926,29900,2.925,2000,2.923,3000,2.921,2000,2.92,3200,2.918,1000,2.933,4200,2.934,3700,2.947,4400,2.95,10000,2.955,10000,2.96,4000,2.966,100,2.968,5500,2.969,21000,2.97,1500
2020-08-05 10:53:00.180,2.931,10000.0,2.954,2.9270709999999998,2.937,2.962,2.931,20000,2.93,10000,2.927,14000,2.926,39700,2.925,12000,2.923,3000,2.921,2000,2.92,5100,2.918,1000,2.917,100,2.933,4200,2.934,3700,2.936,10000,2.937,10000,2.938,10000,2.947,4400,2.95,10000,2.953,2800,2.955,10000,2.96,4000
2020-08-05 10:54:15.450,2.932,200.0,2.954,2.927072,2.937,2.962,2.932,100,2.93,10000,2.928,500,2.927,14000,2.926,39700,2.925,12000,2.923,3000,2.921,2000,2.92,5100,2.918,1000,2.933,4200,2.934,3700,2.947,4400,2.95,10000,2.953,2800,2.955,10000,2.96,4000,2.966,100,2.968,5500,2.969,21000
2020-08-05 10:54:55.060,2.933,100.0,2.954,2.927073,2.936,2.962,2.932,100,2.93,10000,2.928,10000,2.927,4000,2.926,29700,2.925,2000,2.923,3000,2.921,2000,2.92,5100,2.918,1000,2.933,4100,2.934,3700,2.947,4400,2.95,10000,2.953,2800,2.955,10000,2.96,4000,2.966,100,2.968,5500,2.969,21000
2020-08-05 10:57:38.910,2.932,100.0,2.954,2.927074,2.935,2.962,2.93,10000,2.927,14000,2.926,29700,2.925,2000,2.923,3000,2.921,2000,2.92,5100,2.918,1000,2.916,1000,2.915,400,2.932,4900,2.933,4700,2.934,3700,2.938,10000,2.947,4400,2.95,10000,2.953,2800,2.955,10000,2.96,4000,2.966,100
2020-08-05 11:00:24.590,2.933,9200.0,2.954,2.927143,2.934,2.962,2.93,10000,2.927,14000,2.926,29700,2.925,2000,2.923,3000,2.921,2000,2.92,5100,2.918,1000,2.916,1000,2.915,400,2.933,10400,2.934,23700,2.936,10000,2.947,4400,2.95,10000,2.953,2800,2.955,10000,2.96,4000,2.966,100,2.968,5500
2020-08-05 11:03:25.060,2.933,200.0,2.954,2.927145,2.935,2.962,2.93,10000,2.927,14000,2.926,29700,2.925,2000,2.923,3000,2.921,2000,2.92,5100,2.918,1000,2.916,1000,2.915,400,2.933,200,2.934,10300,2.937,10000,2.947,4400,2.95,10000,2.953,2800,2.955,10000,2.96,4000,2.966,100,2.968,5500
2020-08-05 11:06:16.510,2.931,10000.0,2.954,2.9271979999999997,2.936,2.962,2.931,20000,2.93,10000,2.928,10000,2.927,14000,2.926,39700,2.925,2000,2.923,3000,2.921,2000,2.92,5100,2.918,1000,2.933,200,2.934,10300,2.938,10000,2.947,4400,2.95,10000,2.953,2800,2.955,10000,2.96,4000,2.966,100,2.968,5500
2020-08-05 11:06:37.210,2.931,20000.0,2.954,2.927301,2.937,2.962,2.93,10000,2.928,10000,2.927,14000,2.926,39700,2.925,2000,2.923,3000,2.921,2000,2.92,5100,2.918,1000,2.916,1000,2.931,3900,2.933,200,2.934,10300,2.938,10000,2.947,4400,2.95,10000,2.953,2800,2.955,10000,2.96,4000,2.966,100
2020-08-05 11:07:34.760,2.931,3900.0,2.954,2.92732,2.936,2.962,2.931,26100,2.93,10000,2.928,10000,2.927,14000,2.926,39700,2.925,2000,2.923,3000,2.921,2000,2.92,5100,2.918,1000,2.933,200,2.934,10300,2.947,4400,2.95,10000,2.953,2800,2.955,10000,2.96,4000,2.966,100,2.968,5500,2.969,21000
2020-08-05 11:09:19.590,2.931,8300.0,2.954,2.9273599999999997,2.936,2.962,2.931,17800,2.93,10000,2.929,10000,2.928,10000,2.927,14000,2.926,39700,2.925,2000,2.923,3000,2.921,2000,2.92,5100,2.933,200,2.934,10300,2.947,4400,2.95,10000,2.953,2800,2.955,10000,2.96,4000,2.966,100,2.968,5500,2.969,21000
2020-08-05 11:09:58.470,2.931,1200.0,2.954,2.927366,2.938,2.962,2.931,16600,2.93,10000,2.929,10000,2.928,10000,2.927,14000,2.926,39700,2.925,2000,2.923,3000,2.921,2000,2.92,5100,2.933,200,2.934,10300,2.947,4400,2.95,10000,2.953,2800,2.955,10000,2.96,9000,2.966,100,2.968,5500,2.969,21000
2020-08-05 11:11:37.000,2.933,200.0,2.954,2.927368,2.94,2.962,2.933,1800,2.932,10000,2.931,16600,2.93,20000,2.929,10000,2.928,10000,2.927,4000,2.926,29700,2.925,2000,2.923,3000,2.934,10300,2.947,4400,2.95,10100,2.953,2800,2.955,10000,2.96,9000,2.966,100,2.968,5500,2.969,21000,2.97,1500
2020-08-05 11:12:05.440,2.933,1800.0,2.954,2.927381,2.94,2.962,2.932,10000,2.931,16600,2.93,20000,2.927,4000,2.926,29700,2.925,2000,2.923,3000,2.921,2000,2.92,5100,2.918,1000,2.934,10300,2.947,4400,2.95,10100,2.953,2800,2.955,10000,2.96,9000,2.966,100,2.968,5500,2.969,21000,2.97,1500
2020-08-05 11:21:22.270,2.934,12400.0,2.954,2.927485,2.94,2.962,2.934,17600,2.932,15100,2.93,10000,2.927,14000,2.925,2000,2.923,8000,2.921,2000,2.92,5100,2.918,1000,2.916,1000,2.947,4400,2.95,10100,2.953,2800,2.955,10000,2.96,9000,2.968,5500,2.969,21000,2.97,1500,2.978,4900,2.99,2000
2020-08-05 11:24:21.940,2.947,4400.0,2.954,2.927595,2.946,2.962,2.947,5600,2.938,30000,2.937,10000,2.936,37200,2.935,10000,2.934,22600,2.933,200,2.932,15100,2.93,10000,2.925,2000,2.95,20100,2.952,6000,2.953,2800,2.955,10000,2.96,9000,2.968,5500,2.969,21000,2.97,1500,2.978,4900,2.99,2000
2020-08-05 11:24:35.030,2.95,5100.0,2.954,2.927742,2.947,2.962,2.947,5600,2.938,30000,2.937,10000,2.936,37200,2.935,10000,2.934,22600,2.933,200,2.932,1000,2.93,10000,2.925,2000,2.95,15000,2.952,6000,2.953,2800,2.955,10000,2.96,9000,2.968,5500,2.969,21000,2.97,1500,2.978,4900,2.99,2000
2020-08-05 11:27:13.370,2.95,2300.0,2.954,2.927807,2.948,2.962,2.948,14100,2.947,5600,2.946,3000,2.938,30000,2.937,10000,2.936,37200,2.935,10000,2.934,22600,2.933,200,2.932,1000,2.95,57700,2.952,16000,2.953,12800,2.955,10000,2.96,9000,2.968,5500,2.969,21000,2.97,1500,2.978,4900,2.99,2000
2020-08-05 11:27:41.610,2.948,2000.0,2.954,2.927858,2.948,2.962,2.948,12100,2.947,5600,2.946,3000,2.938,30000,2.937,10000,2.936,37200,2.935,10000,2.934,22600,2.933,200,2.932,1000,2.95,57700,2.952,16000,2.953,12800,2.955,10000,2.96,9000,2.968,5500,2.969,21000,2.97,1500,2.978,4900,2.99,2000
2020-08-05 13:00:00.930,2.947,1600.0,2.954,2.9279,2.951,2.962,2.949,100,2.948,10000,2.947,5000,2.946,15100,2.943,10000,2.942,10000,2.939,3200,2.936,7200,2.934,5000,2.933,200,2.95,57700,2.953,12800,2.954,10000,2.96,9000,2.968,5500,2.969,21000,2.97,1500,2.978,4900,2.99,2000,2.995,10000
2020-08-05 13:00:04.730,2.948,18000.0,2.954,2.928375,2.951,2.962,2.948,2400,2.947,5000,2.946,15100,2.943,10000,2.942,10000,2.939,3200,2.936,7200,2.934,5000,2.933,200,2.932,1000,2.95,47400,2.953,12800,2.954,10000,2.96,9000,2.968,5500,2.969,21000,2.97,1500,2.978,4900,2.99,2000,2.995,10000
2020-08-05 13:00:15.030,2.948,2400.0,2.954,2.928433,2.952,2.962,2.947,5000,2.946,15100,2.943,10000,2.942,10000,2.939,3200,2.936,7200,2.934,5000,2.933,200,2.932,1000,2.93,10000,2.95,47400,2.953,12800,2.954,10000,2.96,9000,2.968,5500,2.969,21000,2.97,1500,2.978,4900,2.99,2000,2.995,10000
2020-08-05 13:01:09.160,2.947,5000.0,2.954,2.928548,2.945,2.962,2.946,15100,2.943,10000,2.942,10000,2.939,3200,2.936,7200,2.934,5000,2.933,200,2.932,1000,2.93,10000,2.928,3000,2.947,35500,2.95,47400,2.951,11100,2.953,12800,2.954,10000,2.96,6000,2.968,5500,2.969,21000,2.97,1500,2.978,4900
2020-08-05 13:01:44.220,2.946,3000.0,2.954,2.9286119999999998,2.946,2.962,2.939,3200,2.936,7200,2.934,5000,2.933,200,2.932,1000,2.93,10000,2.928,3000,2.927,600,2.925,2000,2.924,2000,2.946,1900,2.947,35500,2.949,30000,2.95,47400,2.951,11100,2.953,12800,2.954,10000,2.96,6000,2.968,5500,2.969,21000
2020-08-05 13:03:15.510,2.943,800.0,2.954,2.928626,2.947,2.962,2.939,3200,2.938,10000,2.936,19300,2.934,5000,2.933,200,2.932,1000,2.928,3000,2.927,600,2.925,2000,2.924,2000,2.943,19200,2.946,6800,2.947,35500,2.948,10000,2.95,47400,2.951,1100,2.953,2800,2.96,6000,2.968,5500,2.969,21000
2020-08-05 13:04:05.210,2.939,1500.0,2.954,2.928645,2.946,2.962,2.939,1700,2.936,29300,2.934,5000,2.933,200,2.932,1000,2.928,3000,2.927,600,2.925,2000,2.924,2000,2.923,5000,2.943,22200,2.946,6800,2.947,35500,2.948,10000,2.95,47400,2.951,1100,2.953,2800,2.96,6000,2.968,5500,2.969,21000
2020-08-05 13:13:22.840,2.939,2200.0,2.954,2.928673,2.945,2.962,2.939,15300,2.938,10000,2.937,10000,2.936,25300,2.935,800,2.934,5000,2.933,200,2.932,1000,2.928,3000,2.927,600,2.943,22200,2.946,6800,2.947,35500,2.948,10000,2.95,47400,2.951,1100,2.953,2800,2.96,6500,2.968,5500,2.969,21000
2020-08-05 13:17:04.740,2.943,10000.0,2.954,2.928846,2.945,2.962,2.94,10000,2.939,15300,2.936,25300,2.935,10800,2.934,5000,2.933,200,2.932,1000,2.928,3000,2.927,600,2.925,2000,2.943,12200,2.946,6800,2.947,45500,2.948,10000,2.95,47400,2.951,1100,2.953,2800,2.96,6500,2.968,5500,2.969,21000
2020-08-05 13:17:05.720,2.94,100.0,2.954,2.928847,2.945,2.962,2.94,9900,2.939,15300,2.936,25300,2.935,10800,2.934,5000,2.933,200,2.932,1000,2.928,3000,2.927,600,2.925,2000,2.943,12200,2.946,6800,2.947,45500,2.948,10000,2.95,47400,2.951,1100,2.953,2800,2.96,6500,2.968,5500,2.969,21000
2020-08-05 13:17:54.890,2.94,9000.0,2.954,2.9289669999999997,2.947,2.962,2.94,900,2.939,17400,2.938,10000,2.936,13200,2.935,10800,2.934,5000,2.933,200,2.932,1000,2.928,3000,2.927,600,2.943,12200,2.946,6800,2.947,35500,2.95,47400,2.951,1100,2.953,2800,2.96,6500,2.968,5500,2.969,21000,2.97,11500
2020-08-05 13:19:35.000,2.942,100.0,2.954,2.9289680000000002,2.947,2.962,2.94,3500,2.939,27400,2.938,10000,2.936,3200,2.935,800,2.934,5000,2.933,200,2.932,1000,2.928,3000,2.927,600,2.942,4800,2.943,12200,2.944,100,2.946,1900,2.95,52400,2.951,1100,2.953,2800,2.96,6500,2.968,5500,2.969,21000
2020-08-05 13:19:58.830,2.942,100.0,2.954,2.92897,2.947,2.962,2.94,3500,2.939,29400,2.938,10000,2.936,3200,2.935,800,2.934,5000,2.933,200,2.932,1000,2.928,3000,2.927,600,2.942,4700,2.943,3000,2.944,100,2.946,1900,2.95,52600,2.951,1100,2.953,2800,2.96,6500,2.968,5500,2.969,21000
2020-08-05 13:22:18.550,2.939,2400.0,2.954,2.928998,2.942,2.962,2.939,15000,2.936,3200,2.935,10800,2.934,5000,2.933,200,2.932,1000,2.928,3000,2.927,600,2.925,2000,2.924,3000,2.942,11300,2.943,3000,2.944,100,2.946,1900,2.95,52600,2.951,1100,2.953,2800,2.96,6500,2.968,5500,2.969,21000
2020-08-05 13:22:28.900,2.939,4400.0,2.954,2.92905,2.941,2.962,2.939,10600,2.936,3200,2.935,10800,2.934,5000,2.933,200,2.932,1000,2.928,3000,2.927,600,2.925,2000,2.924,3000,2.942,11300,2.943,3000,2.944,100,2.946,1900,2.95,52600,2.951,1100,2.953,2800,2.96,6500,2.968,5500,2.969,21000
2020-08-05 13:22:58.010,2.939,1800.0,2.954,2.929071,2.941,2.962,2.939,8800,2.936,3200,2.935,10800,2.934,5000,2.933,200,2.932,1000,2.928,3000,2.927,600,2.925,2000,2.924,3000,2.942,11300,2.943,3000,2.944,100,2.946,1900,2.95,52600,2.951,1100,2.953,2800,2.96,6500,2.968,5500,2.969,21000
2020-08-05 13:23:22.300,2.939,8800.0,2.954,2.929174,2.94,2.962,2.936,3200,2.935,10800,2.934,5000,2.933,200,2.932,1000,2.928,3000,2.927,600,2.925,2000,2.924,3000,2.923,5000,2.939,26700,2.94,6600,2.942,4700,2.943,13000,2.944,100,2.946,1900,2.95,52600,2.951,1100,2.953,2800,2.96,6500
2020-08-05 13:25:26.150,2.935,800.0,2.954,2.929179,2.935,2.962,2.934,5000,2.933,200,2.932,1000,2.928,3000,2.927,600,2.925,2000,2.924,3000,2.923,5000,2.92,5100,2.918,1000,2.935,3800,2.939,6600,2.94,6600,2.943,13000,2.944,100,2.95,52600,2.951,1100,2.953,2800,2.96,6500,2.968,5500
2020-08-05 13:25:35.530,2.934,5000.0,2.954,2.929207,2.934,2.962,2.933,200,2.932,1000,2.928,3000,2.927,600,2.925,2000,2.924,3000,2.923,5000,2.92,5100,2.918,1000,2.916,1000,2.934,1700,2.935,3800,2.939,6600,2.94,6600,2.943,3000,2.944,100,2.95,52600,2.951,1100,2.953,2800,2.96,6500
2020-08-05 13:26:23.030,2.933,200.0,2.954,2.929208,2.934,2.962,2.932,1000,2.928,3000,2.927,600,2.925,2000,2.924,3000,2.923,5000,2.92,5100,2.918,1000,2.916,1000,2.912,11000,2.933,600,2.934,3300,2.935,3800,2.939,6600,2.94,6600,2.943,3000,2.944,100,2.95,52600,2.951,1100,2.953,2800
2020-08-05 13:26:40.010,2.932,1000.0,2.954,2.929211,2.934,2.962,2.928,3000,2.927,600,2.925,2000,2.924,3000,2.923,5000,2.92,5100,2.918,1000,2.916,1000,2.912,11000,2.91,6200,2.932,12100,2.934,3300,2.939,6600,2.94,6600,2.943,3000,2.944,100,2.95,52600,2.951,1100,2.953,2800,2.96,6500
2020-08-05 13:26:45.840,2.928,3000.0,2.954,2.929207,2.934,2.962,2.927,600,2.925,2000,2.924,3000,2.923,5000,2.92,5100,2.918,1000,2.916,1000,2.912,11000,2.91,6200,2.909,7800,2.928,800,2.932,12100,2.934,3300,2.939,6600,2.94,6600,2.943,3000,2.944,100,2.95,52600,2.951,1100,2.953,2800
2020-08-05 13:28:32.070,2.927,600.0,2.954,2.929205,2.935,2.962,2.925,2000,2.924,3000,2.923,5000,2.92,5100,2.918,1000,2.916,1000,2.912,11000,2.91,16200,2.909,7800,2.908,4000,2.927,11500,2.928,800,2.934,3300,2.939,6600,2.94,6600,2.943,3000,2.944,100,2.95,52600,2.951,1100,2.953,2800
2020-08-05 13:28:36.310,2.927,11500.0,2.954,2.929176,2.935,2.962,2.927,18500,2.925,2000,2.924,3000,2.923,5000,2.92,5100,2.918,1000,2.916,1000,2.912,11000,2.91,16200,2.909,7800,2.928,800,2.934,3300,2.939,6600,2.94,6600,2.943,3000,2.944,100,2.95,52600,2.951,1100,2.953,2800,2.96,6500
2020-08-05 13:29:29.490,2.928,800.0,2.954,2.929175,2.936,2.962,2.928,29200,2.927,18500,2.925,2000,2.924,3000,2.923,5000,2.92,5100,2.918,1000,2.916,1000,2.912,11000,2.91,16200,2.934,3300,2.939,6600,2.94,6600,2.943,3000,2.944,100,2.95,52600,2.951,1100,2.953,2800,2.96,6500,2.968,5500
2020-08-05 13:31:35.260,2.93,6600.0,2.954,2.929182,2.938,2.962,2.93,23400,2.928,3400,2.927,21100,2.926,3400,2.925,2000,2.924,3000,2.923,5000,2.92,5100,2.918,1000,2.916,1000,2.934,3300,2.939,6600,2.943,3000,2.944,100,2.95,52600,2.951,1100,2.953,2800,2.96,6500,2.968,5500,2.969,21000
2020-08-05 13:32:22.310,2.93,1500.0,2.954,2.929183,2.937,2.962,2.93,500,2.928,3400,2.927,21100,2.926,3400,2.925,2000,2.924,3000,2.923,5000,2.92,5100,2.918,1000,2.916,1000,2.934,3300,2.939,6600,2.943,3000,2.944,100,2.95,52600,2.951,1100,2.953,2800,2.96,6500,2.968,5500,2.969,21000
2020-08-05 13:33:39.780,2.93,200.0,2.954,2.929183,2.935,2.962,2.93,1300,2.928,3400,2.927,18500,2.926,3400,2.925,2000,2.924,3000,2.923,5000,2.92,5100,2.918,1000,2.916,1000,2.934,3300,2.939,6600,2.943,3000,2.944,100,2.95,52600,2.951,1100,2.953,2800,2.96,6500,2.968,5500,2.969,21000
2020-08-05 13:35:27.150,2.93,300.0,2.954,2.929183,2.934,2.962,2.927,18500,2.926,13400,2.925,2000,2.924,3000,2.923,5000,2.92,5100,2.918,1000,2.916,1000,2.912,11000,2.911,100,2.93,5100,2.933,6100,2.934,3300,2.939,6600,2.943,3000,2.944,100,2.95,52600,2.951,1100,2.953,2800,2.96,6500
2020-08-05 13:35:28.180,2.93,200.0,2.954,2.9291840000000002,2.934,2.962,2.927,18500,2.926,13400,2.925,2000,2.924,3000,2.923,5000,2.92,5100,2.918,1000,2.916,1000,2.912,11000,2.911,100,2.93,4900,2.933,6100,2.934,3300,2.939,6600,2.943,3000,2.944,100,2.95,52600,2.951,1100,2.953,2800,2.96,6500
2020-08-05 13:36:01.140,2.93,500.0,2.954,2.9291840000000002,2.934,2.962,2.927,28500,2.926,13400,2.925,2000,2.924,3000,2.923,5000,2.92,5100,2.918,1000,2.916,1000,2.912,11000,2.911,100,2.93,4400,2.933,6100,2.934,3300,2.938,10000,2.939,6600,2.943,3000,2.944,100,2.95,52600,2.951,1100,2.953,2800
2020-08-05 13:36:55.970,2.93,500.0,2.954,2.9291840000000002,2.935,2.962,2.927,28500,2.926,13400,2.925,2000,2.924,3000,2.923,5000,2.92,5100,2.918,1000,2.916,1000,2.912,11000,2.911,100,2.93,4900,2.933,6100,2.934,3300,2.938,10000,2.939,6600,2.943,3000,2.944,100,2.95,52600,2.951,1100,2.953,2800
2020-08-05 13:37:57.600,2.93,200.0,2.954,2.929185,2.935,2.962,2.927,28500,2.926,13400,2.925,2000,2.924,3000,2.923,5000,2.92,5600,2.918,1000,2.916,1000,2.912,11000,2.911,100,2.93,4700,2.933,6100,2.934,3300,2.938,10000,2.939,6600,2.943,3000,2.944,100,2.95,52600,2.951,1100,2.953,2800
2020-08-05 13:38:44.500,2.927,800.0,2.954,2.929183,2.936,2.962,2.927,28000,2.926,13400,2.925,2000,2.924,3000,2.923,5000,2.92,5600,2.918,1000,2.916,1000,2.912,11000,2.911,100,2.93,21300,2.934,3300,2.938,10000,2.939,6600,2.943,3000,2.95,52600,2.951,1100,2.953,2800,2.96,6500,2.968,5500
2020-08-05 13:38:49.910,2.927,6100.0,2.954,2.929168,2.936,2.962,2.927,21900,2.926,13400,2.925,2000,2.924,3000,2.923,5000,2.92,5600,2.918,1000,2.916,1000,2.912,11000,2.911,100,2.93,21300,2.934,3300,2.938,10000,2.939,6600,2.943,3000,2.95,52600,2.951,1100,2.953,2800,2.96,6500,2.968,5500
2020-08-05 13:39:20.400,2.927,1000.0,2.954,2.9291650000000002,2.937,2.962,2.927,20900,2.926,13400,2.925,2000,2.924,3000,2.923,5000,2.92,5600,2.918,1000,2.916,1000,2.912,11000,2.911,100,2.93,21300,2.934,3300,2.939,6600,2.943,3000,2.95,52600,2.951,1100,2.953,2800,2.96,6500,2.968,5500,2.969,21000
2020-08-05 13:39:22.520,2.93,21300.0,2.954,2.929185,2.937,2.962,2.93,8700,2.927,20900,2.926,13400,2.925,2000,2.924,3000,2.923,5000,2.92,5600,2.918,1000,2.916,1000,2.912,11000,2.934,3300,2.939,6600,2.943,3000,2.95,52600,2.951,1100,2.953,2800,2.96,6500,2.968,5500,2.969,21000,2.97,11500
2020-08-05 13:41:20.480,2.933,3300.0,2.954,2.929198,2.94,2.962,2.933,2700,2.93,10000,2.928,3400,2.927,10900,2.926,3400,2.925,2000,2.924,3000,2.923,5000,2.92,5600,2.918,1000,2.934,3300,2.943,3000,2.95,52600,2.951,1100,2.953,2800,2.96,6500,2.968,5500,2.969,21000,2.97,11500,2.99,2000
2020-08-05 13:41:50.100,2.933,1000.0,2.954,2.929203,2.942,2.962,2.933,1800,2.93,10000,2.928,3400,2.927,10900,2.926,3400,2.925,2000,2.924,3000,2.923,5000,2.92,5600,2.918,1000,2.934,3300,2.943,3000,2.95,52600,2.951,1100,2.953,2800,2.96,6500,2.968,5500,2.969,21000,2.97,11500,2.99,2000
2020-08-05 13:44:29.160,2.933,5200.0,2.954,2.929224,2.94,2.962,2.932,10000,2.93,10000,2.928,3400,2.927,10900,2.925,2000,2.924,3000,2.923,5000,2.92,5600,2.918,1000,2.916,1000,2.933,4800,2.934,3300,2.943,3000,2.949,5100,2.95,52600,2.951,1100,2.953,2800,2.96,6500,2.968,5500,2.969,21000
2020-08-05 13:44:59.290,2.932,4800.0,2.954,2.9292380000000002,2.94,2.962,2.932,5200,2.931,10000,2.93,10000,2.928,3400,2.927,10900,2.925,2000,2.924,3000,2.923,5000,2.92,5600,2.918,1000,2.934,3300,2.943,3000,2.949,5100,2.95,52600,2.951,1100,2.953,2800,2.96,6500,2.968,5500,2.969,21000,2.97,11500
2020-08-05 13:45:52.540,2.931,6600.0,2.954,2.92925,2.939,2.962,2.931,3400,2.93,10000,2.929,3400,2.928,3400,2.927,10900,2.925,2000,2.924,3000,2.923,5000,2.92,5600,2.918,1000,2.934,3300,2.943,3000,2.949,5100,2.95,52600,2.951,1100,2.953,2800,2.96,6500,2.968,5500,2.969,21000,2.97,11500
2020-08-05 13:48:01.650,2.934,8300.0,2.954,2.929292,2.941,2.962,2.934,21700,2.932,40000,2.931,3400,2.93,10000,2.929,3400,2.928,4400,2.927,10900,2.925,2000,2.924,3000,2.923,5000,2.943,3000,2.949,5100,2.95,52600,2.951,1100,2.953,2800,2.96,6500,2.968,5500,2.969,21000,2.97,11500,2.99,2000
2020-08-05 13:51:31.510,2.933,3400.0,2.954,2.929305,2.942,2.962,2.933,1300,2.932,40000,2.931,3400,2.93,10000,2.929,3400,2.928,4400,2.927,10900,2.925,2000,2.924,3000,2.923,5000,2.937,2700,2.938,23000,2.939,3300,2.943,3000,2.944,6000,2.946,10000,2.949,5100,2.95,52600,2.951,1100,2.953,2800
2020-08-05 13:54:17.720,2.933,1800.0,2.954,2.929312,2.938,2.962,2.932,40000,2.931,3400,2.93,10000,2.929,3400,2.928,4400,2.927,10900,2.925,2000,2.924,3000,2.923,5000,2.92,5600,2.933,1500,2.937,2700,2.938,23000,2.942,10000,2.943,3000,2.944,7000,2.949,5100,2.95,52600,2.951,1100,2.953,2800
2020-08-05 13:54:37.420,2.933,1500.0,2.954,2.929318,2.939,2.962,2.933,28500,2.932,40000,2.931,3400,2.93,10000,2.929,3400,2.928,4400,2.927,10900,2.925,2000,2.924,3000,2.923,5000,2.937,2700,2.938,23000,2.942,10000,2.943,3000,2.944,7000,2.949,5100,2.95,52600,2.951,1100,2.953,2800,2.96,6500
2020-08-05 13:55:02.460,2.937,100.0,2.954,2.929319,2.938,2.962,2.932,40000,2.931,3400,2.93,10000,2.929,3400,2.928,4400,2.927,10900,2.925,2000,2.924,3000,2.923,5000,2.92,5600,2.937,2600,2.938,23000,2.942,10000,2.943,3000,2.944,7000,2.949,5100,2.95,52600,2.951,1100,2.953,2800,2.96,6500
2020-08-05 13:59:38.630,2.937,2600.0,2.954,2.9293400000000003,2.936,2.962,2.937,7400,2.931,3400,2.93,20800,2.929,3400,2.928,1000,2.927,300,2.925,2000,2.924,3000,2.923,5000,2.92,5600,2.938,23000,2.94,10000,2.942,10000,2.943,3000,2.944,7000,2.946,1300,2.949,5100,2.95,52600,2.951,1100,2.953,2800
2020-08-05 13:59:49.490,2.937,7400.0,2.954,2.929399,2.936,2.962,2.93,10800,2.928,1000,2.927,300,2.925,2000,2.924,3000,2.923,5000,2.92,5600,2.918,1000,2.916,2000,2.915,2000,2.937,22600,2.938,23000,2.94,10000,2.942,10000,2.943,3000,2.944,7000,2.946,1300,2.949,5100,2.95,52600,2.951,1100
2020-08-05 13:59:58.560,2.937,8400.0,2.954,2.929464,2.936,2.962,2.93,10800,2.928,1000,2.927,300,2.925,2000,2.924,3000,2.923,5000,2.92,5600,2.918,1000,2.916,2000,2.915,2000,2.937,14200,2.938,23000,2.94,10000,2.942,10000,2.943,3000,2.944,7000,2.946,1300,2.949,5100,2.95,52600,2.951,1100
2020-08-05 14:00:53.910,2.93,6800.0,2.954,2.929468,2.934,2.962,2.93,4000,2.928,1000,2.927,10300,2.925,2000,2.924,3000,2.923,5000,2.92,5600,2.918,1000,2.916,2000,2.915,2000,2.937,40000,2.938,23000,2.94,10000,2.942,10000,2.943,3000,2.944,7000,2.946,1300,2.949,5100,2.95,52600,2.951,1100
2020-08-05 14:01:43.260,2.93,4000.0,2.954,2.9294700000000002,2.933,2.962,2.928,1000,2.927,300,2.925,2000,2.924,3000,2.923,5000,2.92,5600,2.918,1000,2.916,2000,2.915,2000,2.912,11000,2.93,4000,2.937,40000,2.938,23000,2.94,10000,2.942,10000,2.943,3000,2.944,7000,2.946,1300,2.949,5100,2.95,52600
2020-08-05 14:02:13.090,2.93,500.0,2.954,2.9294700000000002,2.934,2.962,2.928,1000,2.927,300,2.925,2000,2.924,3000,2.923,5000,2.92,5600,2.918,1000,2.916,2000,2.915,2000,2.912,11000,2.93,3500,2.937,40000,2.938,23000,2.94,10000,2.942,10000,2.943,3000,2.944,7000,2.946,1300,2.949,5100,2.95,52600
2020-08-05 14:02:48.940,2.93,100.0,2.954,2.9294700000000002,2.934,2.962,2.928,1000,2.927,300,2.925,2000,2.924,3000,2.923,5000,2.92,5600,2.918,1000,2.916,2000,2.915,2000,2.912,11000,2.93,3400,2.935,10000,2.937,40000,2.938,23000,2.943,3000,2.944,7000,2.946,1300,2.949,5100,2.95,52600,2.951,1100
2020-08-05 14:03:01.870,2.928,1000.0,2.954,2.9294689999999997,2.934,2.962,2.927,300,2.925,2000,2.924,3000,2.923,5000,2.92,5600,2.918,1000,2.916,2000,2.915,2000,2.912,11000,2.911,100,2.93,3400,2.935,10000,2.937,40000,2.938,23000,2.943,3000,2.944,7000,2.946,1300,2.949,5100,2.95,52600,2.951,1100
2020-08-05 14:04:37.850,2.929,200.0,2.954,2.9294689999999997,2.935,2.962,2.928,284200,2.927,300,2.925,12000,2.924,3000,2.923,5000,2.92,5600,2.918,1000,2.916,2000,2.915,2000,2.912,11000,2.929,19800,2.93,3400,2.937,40000,2.938,23000,2.943,3000,2.944,7000,2.946,1300,2.95,52600,2.951,1100,2.953,2800
2020-08-05 14:04:58.900,2.929,2000.0,2.954,2.929468,2.937,2.962,2.928,284200,2.927,10300,2.925,12000,2.924,3000,2.923,5000,2.92,5600,2.918,1000,2.916,2000,2.915,2000,2.912,11000,2.929,17800,2.93,3400,2.937,40000,2.938,23000,2.943,3000,2.944,7000,2.946,1300,2.95,52600,2.951,1100,2.953,2800
2020-08-05 14:05:01.580,2.929,9800.0,2.954,2.929463,2.937,2.962,2.928,284200,2.927,10300,2.925,12000,2.924,3000,2.923,5000,2.92,5600,2.918,1000,2.916,2000,2.915,2000,2.912,11000,2.929,8000,2.93,3400,2.937,40000,2.938,23000,2.943,3000,2.944,7000,2.946,1300,2.95,52600,2.951,1100,2.953,2800
2020-08-05 14:05:02.200,2.929,1400.0,2.954,2.929463,2.937,2.962,2.928,284200,2.927,10300,2.925,12000,2.924,3000,2.923,5000,2.92,5600,2.918,1000,2.916,2000,2.915,2000,2.912,11000,2.929,6600,2.93,3400,2.937,40000,2.938,23000,2.943,3000,2.944,7000,2.946,1300,2.95,52600,2.951,1100,2.953,2800
2020-08-05 14:05:08.610,2.929,6600.0,2.954,2.9294599999999997,2.937,2.962,2.929,277600,2.927,10300,2.925,12000,2.924,3000,2.923,5000,2.92,5600,2.918,1000,2.916,2000,2.915,2000,2.912,11000,2.93,3400,2.937,40000,2.938,23000,2.943,3000,2.944,7000,2.946,1300,2.95,52600,2.951,1100,2.953,2800,2.96,6500
2020-08-05 14:05:38.300,2.93,33400.0,2.954,2.929477,2.938,2.962,2.93,244200,2.927,10300,2.925,12000,2.924,3000,2.923,5000,2.92,5600,2.918,1000,2.916,2000,2.915,2000,2.912,11000,2.937,40000,2.938,23000,2.943,3000,2.944,7000,2.946,1300,2.95,52600,2.951,1100,2.953,2800,2.96,6500,2.968,5500
2020-08-05 14:07:45.860,2.931,2000.0,2.954,2.92948,2.939,2.962,2.931,8100,2.93,244200,2.927,400,2.925,2000,2.924,3000,2.923,5000,2.92,5600,2.918,1000,2.916,2000,2.915,2000,2.938,23000,2.943,3000,2.944,7000,2.946,1300,2.95,52600,2.951,1100,2.953,2800,2.96,6500,2.968,5500,2.969,21000
2020-08-05 14:13:29.480,2.934,1000.0,2.954,2.929484,2.933,2.962,2.934,6000,2.933,100,2.931,15800,2.93,3700,2.927,400,2.925,2000,2.924,3000,2.923,5000,2.92,5600,2.918,1000,2.936,30000,2.937,5000,2.938,23000,2.942,10000,2.943,3000,2.944,7000,2.946,1300,2.95,52600,2.951,1100,2.953,2800
2020-08-05 14:14:36.170,2.934,5000.0,2.954,2.929506,2.934,2.962,2.934,1000,2.933,100,2.931,15800,2.93,3700,2.927,400,2.925,2000,2.924,3000,2.923,5000,2.92,5600,2.918,1000,2.936,30000,2.938,23000,2.942,10000,2.943,3000,2.944,7000,2.946,1300,2.949,4900,2.95,52600,2.951,1100,2.953,2800
2020-08-05 14:15:52.970,2.934,300.0,2.954,2.929507,2.936,2.962,2.934,1100,2.933,100,2.931,7700,2.93,3700,2.927,400,2.925,2000,2.924,3000,2.923,5000,2.92,5600,2.918,1000,2.938,23000,2.943,3000,2.944,7000,2.946,6300,2.949,4900,2.95,52600,2.951,1100,2.953,2800,2.954,2000,2.96,6500
2020-08-05 14:19:15.990,2.934,1100.0,2.954,2.929512,2.934,2.962,2.933,100,2.931,7700,2.93,5000,2.927,400,2.925,2000,2.924,3000,2.923,5000,2.92,5600,2.918,1000,2.916,2000,2.937,30000,2.938,23000,2.939,10000,2.943,3000,2.944,7000,2.946,6300,2.949,4900,2.95,52600,2.951,1100,2.953,2800
2020-08-05 14:19:24.310,2.937,5000.0,2.954,2.929547,2.934,2.962,2.933,100,2.931,7700,2.93,5000,2.927,400,2.925,2000,2.924,3000,2.923,5000,2.92,5600,2.918,1000,2.916,2000,2.937,25000,2.938,23000,2.939,10000,2.943,3000,2.944,7000,2.946,6300,2.949,4900,2.95,52600,2.951,1100,2.953,2800
2020-08-05 14:20:13.130,2.933,100.0,2.954,2.929548,2.934,2.962,2.931,7700,2.93,5000,2.927,400,2.925,2000,2.924,3000,2.923,5000,2.92,5600,2.918,1000,2.916,3000,2.915,2000,2.937,25000,2.938,23000,2.939,10000,2.943,3000,2.944,7000,2.946,6300,2.949,4900,2.95,52600,2.951,1100,2.953,2800
2020-08-05 14:24:08.690,2.931,100.0,2.954,2.929548,2.938,2.962,2.931,13500,2.93,5000,2.928,10000,2.927,10400,2.925,2000,2.924,3000,2.923,5000,2.92,5600,2.918,1000,2.916,3000,2.937,5000,2.938,23000,2.94,8700,2.943,3000,2.944,7000,2.946,6300,2.949,4900,2.95,52600,2.951,1100,2.953,2800
2020-08-05 14:26:10.370,2.932,400.0,2.954,2.929549,2.94,2.962,2.932,32800,2.931,13500,2.93,15000,2.928,10000,2.927,10400,2.925,2000,2.924,3000,2.923,5000,2.92,5600,2.918,1000,2.936,5000,2.937,26000,2.938,23000,2.939,10000,2.94,8700,2.943,3000,2.944,7000,2.946,6300,2.949,4900,2.95,52600
2020-08-05 14:28:40.670,2.932,2000.0,2.954,2.929553,2.938,2.962,2.932,32800,2.931,13500,2.93,15000,2.929,10000,2.928,10000,2.927,400,2.925,2000,2.924,3000,2.923,5000,2.92,5600,2.933,1600,2.936,5000,2.937,26000,2.938,23000,2.94,8700,2.943,3000,2.944,7000,2.946,6300,2.949,4900,2.95,52600
2020-08-05 14:29:19.930,2.933,1600.0,2.954,2.929559,2.94,2.962,2.933,242600,2.932,32800,2.931,13500,2.93,5000,2.929,10000,2.928,10000,2.927,400,2.925,2000,2.924,3000,2.923,5000,2.936,5000,2.937,26000,2.938,23000,2.94,8700,2.943,3000,2.944,7000,2.946,6300,2.949,4900,2.95,52600,2.951,1100
2020-08-05 14:32:19.330,2.933,100.0,2.954,2.929559,2.941,2.962,2.933,242500,2.932,32800,2.931,13500,2.93,15000,2.929,13400,2.928,10000,2.927,400,2.925,2000,2.924,3000,2.923,5000,2.936,5000,2.937,26000,2.938,23000,2.94,8700,2.941,10000,2.943,3000,2.944,7000,2.946,6300,2.949,4900,2.95,52600
2020-08-05 14:33:17.800,2.936,200.0,2.954,2.92956,2.94,2.962,2.933,242500,2.932,32800,2.931,13500,2.93,15000,2.929,13400,2.928,10000,2.927,400,2.925,2000,2.924,3000,2.923,5000,2.936,4800,2.937,26000,2.938,23000,2.94,8700,2.943,3000,2.944,7000,2.946,6300,2.949,4900,2.95,52600,2.951,1100
2020-08-05 14:33:51.700,2.933,400.0,2.954,2.9295619999999998,2.941,2.962,2.933,242100,2.932,32800,2.931,13500,2.93,15000,2.929,13400,2.928,10000,2.927,400,2.925,2000,2.924,3000,2.923,5000,2.936,4800,2.937,26000,2.938,23000,2.94,8700,2.943,3000,2.944,7000,2.946,6300,2.949,4900,2.95,52600,2.951,1100
2020-08-05 14:33:54.860,2.936,2000.0,2.954,2.929574,2.94,2.962,2.933,242100,2.932,32800,2.931,13500,2.93,15000,2.929,13400,2.928,10000,2.927,400,2.925,2000,2.924,3000,2.923,5000,2.936,2800,2.937,26000,2.938,23000,2.94,8700,2.943,3000,2.944,7000,2.946,6300,2.949,4900,2.95,52600,2.951,1100
2020-08-05 14:34:16.110,2.933,4100.0,2.954,2.9295869999999997,2.941,2.962,2.933,238000,2.932,32800,2.931,13500,2.93,15000,2.929,13400,2.928,10000,2.927,400,2.925,2000,2.924,3000,2.923,5000,2.936,2800,2.937,26000,2.938,23000,2.94,8700,2.943,3000,2.944,7000,2.946,6300,2.949,4900,2.95,52600,2.951,1100
2020-08-05 14:34:20.700,2.933,6700.0,2.954,2.929608,2.941,2.962,2.933,231300,2.932,32800,2.931,13500,2.93,15000,2.929,13400,2.928,10000,2.927,400,2.925,2000,2.924,3000,2.923,5000,2.936,2800,2.937,26000,2.938,23000,2.94,8700,2.943,3000,2.944,7000,2.946,6300,2.949,4900,2.95,52600,2.951,1100
2020-08-05 14:34:32.900,2.933,4000.0,2.954,2.929621,2.941,2.962,2.933,227300,2.932,32800,2.931,13500,2.93,15000,2.929,13400,2.928,10000,2.927,400,2.925,2000,2.924,3000,2.923,5000,2.936,2800,2.937,26000,2.938,23000,2.94,8700,2.943,3000,2.944,7000,2.946,6300,2.949,4900,2.95,52600,2.951,1100
2020-08-05 14:34:46.470,2.933,1700.0,2.954,2.929626,2.941,2.962,2.933,225600,2.932,32800,2.931,13500,2.93,15000,2.929,13400,2.928,10000,2.927,400,2.925,2000,2.924,3000,2.923,5000,2.936,2800,2.937,26000,2.938,23000,2.94,8700,2.943,3000,2.944,7000,2.946,6300,2.949,4900,2.95,52600,2.951,1100
2020-08-05 14:37:26.580,2.932,2800.0,2.954,2.929632,2.937,2.962,2.931,13500,2.93,15000,2.929,13400,2.928,10000,2.927,400,2.925,2000,2.924,3000,2.923,5000,2.92,5600,2.918,1000,2.932,107200,2.936,2800,2.937,26000,2.938,33000,2.94,8700,2.943,3000,2.944,6000,2.946,6300,2.949,8000,2.95,52600
2020-08-05 14:38:27.530,2.931,1000.0,2.954,2.929634,2.937,2.962,2.931,12500,2.93,35000,2.929,3400,2.927,10400,2.925,2000,2.924,3000,2.923,5000,2.92,5600,2.918,1000,2.916,3000,2.932,107200,2.936,2800,2.937,26000,2.938,33000,2.94,8700,2.943,3000,2.944,6000,2.946,6300,2.949,8000,2.95,52600
2020-08-05 14:38:29.390,2.931,2100.0,2.954,2.929636,2.936,2.962,2.931,10400,2.93,35000,2.929,3400,2.927,10400,2.925,2000,2.924,3000,2.923,5000,2.92,5600,2.918,1000,2.916,3000,2.932,107200,2.936,2800,2.937,26000,2.938,33000,2.94,8700,2.943,3000,2.944,6000,2.946,6300,2.949,8000,2.95,52600
2020-08-05 14:38:59.080,2.931,1000.0,2.954,2.929638,2.936,2.962,2.931,9100,2.93,35000,2.929,3400,2.927,10400,2.925,2000,2.924,3000,2.923,5000,2.92,5600,2.918,1000,2.916,3000,2.932,107200,2.936,2800,2.937,26000,2.938,33000,2.94,8700,2.943,3000,2.944,6000,2.946,6300,2.949,8000,2.95,52600
2020-08-05 14:40:09.190,2.931,2600.0,2.954,2.929641,2.937,2.962,2.931,7000,2.93,5000,2.929,4400,2.928,40000,2.927,10400,2.925,2000,2.924,3000,2.923,5000,2.92,5600,2.918,1000,2.932,107200,2.936,2800,2.937,26000,2.938,33000,2.94,8700,2.943,3000,2.944,6000,2.946,6300,2.949,8000,2.95,52600
2020-08-05 14:40:37.280,2.932,107200.0,2.954,2.929853,2.938,2.962,2.932,118400,2.931,7000,2.93,5000,2.929,6400,2.928,40000,2.927,10400,2.925,2000,2.924,3000,2.923,5000,2.92,5600,2.936,2800,2.937,26000,2.938,33000,2.94,8700,2.943,3000,2.944,6000,2.946,6300,2.949,8000,2.95,52600,2.951,1100
2020-08-05 14:42:16.270,2.936,1000.0,2.954,2.9298580000000003,2.938,2.962,2.932,118400,2.931,7000,2.93,5000,2.929,8400,2.928,40000,2.927,10400,2.925,2000,2.924,3000,2.923,5000,2.92,5600,2.936,1800,2.937,26000,2.938,33000,2.939,10000,2.94,8700,2.943,3000,2.944,6000,2.946,6300,2.949,8000,2.95,52600
2020-08-05 14:45:18.900,2.932,1500.0,2.954,2.9298610000000003,2.941,2.962,2.932,118200,2.931,7000,2.93,5000,2.929,8400,2.928,30000,2.927,400,2.925,2000,2.924,3000,2.923,5000,2.92,5600,2.936,2800,2.937,26000,2.938,23000,2.94,8700,2.943,3000,2.944,6000,2.946,6300,2.949,8000,2.95,52600,2.951,1100
2020-08-05 14:46:03.130,2.937,28800.0,2.954,2.930026,2.942,2.962,2.937,88100,2.932,1300,2.931,7000,2.93,5000,2.929,8400,2.928,30000,2.927,400,2.925,2000,2.924,3000,2.923,5000,2.938,23000,2.94,8700,2.943,3000,2.944,6000,2.946,6300,2.949,8000,2.95,52600,2.951,1100,2.953,2800,2.954,2000
2020-08-05 14:46:07.690,2.938,23000.0,2.954,2.930173,2.942,2.962,2.938,65100,2.932,1300,2.931,7000,2.93,5000,2.929,8400,2.928,30000,2.927,400,2.925,2000,2.924,3000,2.923,5000,2.94,8700,2.943,3000,2.944,6000,2.946,6300,2.949,8000,2.95,52600,2.951,1100,2.953,2800,2.954,2000,2.958,3100
2020-08-05 14:51:00.480,2.938,3000.0,2.954,2.930192,2.944,2.962,2.938,1100,2.937,3200,2.936,30000,2.934,10000,2.933,65100,2.932,1300,2.931,1100,2.93,5000,2.929,7400,2.928,30000,2.94,18700,2.943,3000,2.944,6000,2.946,6300,2.949,8000,2.95,55600,2.951,1100,2.953,2800,2.954,2000,2.958,3100
2020-08-05 14:51:32.410,2.94,18700.0,2.954,2.9303369999999997,2.944,2.962,2.94,46400,2.938,1100,2.937,3200,2.936,30000,2.934,10000,2.932,1300,2.931,1100,2.93,5000,2.929,7400,2.928,30000,2.943,3000,2.944,6000,2.946,6300,2.949,8000,2.95,55600,2.951,1100,2.953,2800,2.954,2000,2.958,3100,2.96,1500
2020-08-05 14:51:50.960,2.938,500.0,2.954,2.93034,2.944,2.962,2.938,47000,2.937,3200,2.936,30000,2.934,10000,2.932,1300,2.931,1100,2.93,5000,2.929,7400,2.928,30000,2.927,100,2.943,3000,2.944,6000,2.946,6300,2.949,8000,2.95,55600,2.951,1100,2.953,2800,2.954,2000,2.958,3100,2.96,1500
2020-08-05 14:53:52.880,2.943,2000.0,2.954,2.930359,2.945,2.962,2.939,500,2.938,47000,2.937,3200,2.936,30000,2.934,10000,2.932,1300,2.931,1100,2.93,5000,2.929,5400,2.928,30000,2.943,2000,2.944,6000,2.946,6300,2.949,38000,2.95,55600,2.951,1100,2.953,2800,2.954,2000,2.958,3100,2.96,1500
2020-08-05 14:54:02.960,2.943,2000.0,2.954,2.9303790000000003,2.945,2.962,2.943,1000,2.939,500,2.938,47000,2.937,3200,2.936,30000,2.934,10000,2.932,1300,2.931,1100,2.93,5000,2.929,5400,2.944,6000,2.946,6300,2.949,38000,2.95,55600,2.951,1100,2.953,2800,2.954,2000,2.958,3100,2.96,1500,2.969,20000
2020-08-05 14:54:23.960,2.943,1000.0,2.954,2.930389,2.945,2.962,2.939,500,2.938,47000,2.937,3200,2.936,30000,2.934,10000,2.932,1300,2.931,1100,2.93,5000,2.929,5400,2.928,30000,2.943,9000,2.944,6000,2.946,6300,2.949,38000,2.95,61600,2.951,1100,2.953,2800,2.954,2000,2.958,3100,2.96,1500
2020-08-05 14:54:28.470,2.944,15000.0,2.954,2.930541,2.944,2.962,2.944,43000,2.939,500,2.938,47000,2.937,3200,2.936,30000,2.934,10000,2.932,1300,2.931,1100,2.93,1300,2.929,5400,2.946,6300,2.949,38000,2.95,61600,2.951,1100,2.953,2800,2.954,2000,2.958,3100,2.96,1500,2.969,20000,2.97,11500
2020-08-05 14:55:16.560,2.946,18300.0,2.954,2.930757,2.944,2.962,2.946,28100,2.944,43000,2.939,500,2.938,600,2.937,3200,2.936,30000,2.934,10000,2.932,1300,2.931,1100,2.93,1300,2.949,38000,2.95,61600,2.951,1100,2.953,2800,2.954,2000,2.958,3100,2.96,1500,2.969,20000,2.97,11500,2.995,10000
2020-08-05 14:55:22.580,2.946,28100.0,2.954,2.931077,2.944,2.962,2.944,43000,2.939,500,2.938,600,2.937,3200,2.936,30000,2.934,10000,2.932,1300,2.931,1100,2.93,1300,2.929,3400,2.946,44600,2.949,38000,2.95,61600,2.951,1100,2.953,2800,2.954,2000,2.958,3100,2.96,1500,2.97,11500,2.995,10000
2020-08-05 14:55:37.860,2.944,3200.0,2.954,2.931108,2.944,2.962,2.944,39800,2.939,500,2.938,600,2.937,3200,2.936,30000,2.934,10000,2.932,1300,2.931,1100,2.93,1300,2.929,3400,2.946,44600,2.949,38000,2.95,61600,2.951,1100,2.953,2800,2.954,2000,2.958,3100,2.96,1500,2.97,11500,2.995,10000
2020-08-05 14:56:06.360,2.946,3200.0,2.954,2.9311439999999997,2.945,2.962,2.946,1800,2.944,39800,2.939,500,2.938,600,2.937,3200,2.936,30000,2.934,10000,2.932,1300,2.931,1100,2.93,1300,2.949,38000,2.95,61600,2.951,1100,2.953,2800,2.954,2000,2.958,3100,2.96,1500,2.97,11500,2.995,10000,2.998,5000
2020-08-05 14:57:55.910,2.948,2100.0,2.954,2.9311700000000003,2.945,2.962,2.948,7900,2.947,500,2.946,4800,2.945,600,2.939,500,2.938,600,2.937,3200,2.934,10000,2.932,1300,2.931,1100,2.949,38000,2.95,61600,2.951,1100,2.953,2800,2.954,2000,2.955,1000,2.958,3100,2.96,1500,2.97,11500,2.995,10000
2020-08-05 14:58:02.210,2.948,7900.0,2.954,2.931268,2.945,2.962,2.947,500,2.946,4800,2.945,600,2.938,600,2.937,3200,2.934,10000,2.932,1300,2.931,1100,2.93,1300,2.929,3400,2.948,33500,2.949,38000,2.95,61600,2.951,1100,2.953,2800,2.954,2000,2.955,1000,2.958,3100,2.96,1500,2.97,11500
2020-08-05 14:58:39.380,2.946,5300.0,2.954,2.931326,2.945,2.962,2.945,600,2.938,600,2.937,3200,2.934,10000,2.932,1300,2.931,1100,2.93,1300,2.929,3400,2.927,100,2.925,2000,2.946,24700,2.948,33500,2.949,8000,2.95,61600,2.951,1100,2.953,2800,2.954,2000,2.955,1000,2.958,3100,2.96,1500
2020-08-05 14:59:13.710,2.945,600.0,2.954,2.931332,2.945,2.962,2.938,600,2.937,3200,2.934,10000,2.932,1300,2.931,1100,2.93,1300,2.929,3400,2.927,100,2.925,2000,2.924,3000,2.945,57600,2.946,20000,2.947,800,2.949,8000,2.95,61600,2.951,1100,2.953,2800,2.954,2000,2.955,1000,2.958,3100
