Datetime,Price,Volume
2020-09-21 09:25:00.250,3.411,500
2020-09-21 09:25:00.250,3.411,1200
2020-09-21 09:25:00.250,3.411,400
2020-09-21 09:25:00.250,3.411,64600
2020-09-21 09:25:00.250,3.411,20300
2020-09-21 09:25:00.250,3.411,3700
2020-09-21 09:25:00.250,3.411,300
2020-09-21 09:25:00.250,3.411,8400
2020-09-21 09:25:00.250,3.411,1000
2020-09-21 09:25:00.250,3.411,400
2020-09-21 09:25:00.250,3.411,300
2020-09-21 09:25:00.250,3.411,600
2020-09-21 09:25:00.250,3.411,2700
2020-09-21 09:25:00.250,3.411,4600
2020-09-21 09:25:00.250,3.411,1200
2020-09-21 09:25:00.250,3.411,1800
2020-09-21 09:25:00.250,3.411,600
2020-09-21 09:25:00.250,3.411,400
2020-09-21 09:25:00.250,3.411,6000
2020-09-21 09:25:00.250,3.411,7900
2020-09-21 09:25:00.250,3.411,1000
2020-09-21 09:25:00.250,3.411,1000
2020-09-21 09:25:00.250,3.411,1000
2020-09-21 09:25:00.250,3.411,200
2020-09-21 09:25:00.250,3.411,3900
2020-09-21 09:25:00.250,3.411,1100
2020-09-21 09:25:00.250,3.411,600
2020-09-21 09:25:00.250,3.411,300
2020-09-21 09:25:00.250,3.411,21000
2020-09-21 09:25:00.250,3.411,300
2020-09-21 09:25:00.250,3.411,5000
2020-09-21 09:25:00.250,3.411,10000
2020-09-21 09:25:00.250,3.411,50000
2020-09-21 09:25:00.250,3.411,1000
2020-09-21 09:25:00.250,3.411,3000
2020-09-21 09:25:00.250,3.411,34000
2020-09-21 09:25:00.250,3.411,18400
2020-09-21 09:25:00.250,3.411,1000
2020-09-21 09:25:00.250,3.411,55100
2020-09-21 09:25:00.250,3.411,11800
2020-09-21 09:25:00.250,3.411,16200
2020-09-21 09:25:00.250,3.411,5000
2020-09-21 09:25:00.250,3.411,1000
2020-09-21 09:25:00.250,3.411,6600
2020-09-21 09:25:00.250,3.411,3900
2020-09-21 09:25:00.250,3.411,20100
2020-09-21 09:25:00.250,3.411,7900
2020-09-21 09:25:00.250,3.411,10400
2020-09-21 09:25:00.250,3.411,13900
2020-09-21 09:25:00.250,3.411,100
2020-09-21 09:25:00.250,3.411,1000
2020-09-21 09:25:00.250,3.411,400
2020-09-21 09:25:00.250,3.411,8500
2020-09-21 09:25:00.250,3.411,4200
2020-09-21 09:25:00.250,3.411,1400
2020-09-21 09:25:00.250,3.411,10000
2020-09-21 09:25:00.250,3.411,10000
2020-09-21 09:25:00.250,3.411,20000
2020-09-21 09:25:00.250,3.411,500
2020-09-21 09:25:00.250,3.411,14500
2020-09-21 09:25:00.250,3.411,8700
2020-09-21 09:25:00.250,3.411,13000
2020-09-21 09:25:00.250,3.411,46300
2020-09-21 09:25:00.250,3.411,5000
2020-09-21 09:25:00.250,3.411,48700
2020-09-21 09:25:00.250,3.411,2700
2020-09-21 09:25:00.250,3.411,25000
2020-09-21 09:25:00.250,3.411,60000
2020-09-21 09:25:00.250,3.411,50000
2020-09-21 09:25:00.250,3.411,26700
2020-09-21 09:25:00.250,3.411,100000
2020-09-21 09:25:00.250,3.411,193700
2020-09-21 09:25:00.250,3.411,10000
2020-09-21 09:25:00.250,3.411,347100
2020-09-21 09:25:00.250,3.411,28500
2020-09-21 09:25:00.250,3.411,4000
2020-09-21 09:25:00.250,3.411,6900
2020-09-21 09:25:00.250,3.411,3000
2020-09-21 09:25:00.250,3.411,5000
2020-09-21 09:25:00.250,3.411,117300
2020-09-21 09:25:00.250,3.411,5300
2020-09-21 09:25:00.250,3.411,10600
2020-09-21 09:25:00.250,3.411,4000
2020-09-21 09:25:00.250,3.411,120000
2020-09-21 09:25:00.250,3.411,80000
2020-09-21 09:25:00.250,3.411,4300
2020-09-21 09:25:00.250,3.411,13500
2020-09-21 09:25:00.250,3.411,10000
2020-09-21 09:25:00.250,3.411,10000
2020-09-21 09:25:00.250,3.411,100000
2020-09-21 09:25:00.250,3.411,30500
2020-09-21 09:25:00.250,3.411,50000
2020-09-21 09:25:00.250,3.411,25000
2020-09-21 09:25:00.250,3.411,10300
2020-09-21 09:25:00.250,3.411,30000
2020-09-21 09:25:00.250,3.411,8900
2020-09-21 09:25:00.250,3.411,6300
2020-09-21 09:25:00.250,3.411,10000
2020-09-21 09:25:00.250,3.411,4500
2020-09-21 09:25:00.250,3.411,134700
2020-09-21 09:25:00.250,3.411,1600
2020-09-21 09:25:00.250,3.411,9000
2020-09-21 09:25:00.250,3.411,43500
2020-09-21 09:25:00.250,3.411,10000
2020-09-21 09:25:00.250,3.411,4200
2020-09-21 09:25:00.250,3.411,10000
2020-09-21 09:25:00.250,3.411,8200
2020-09-21 09:25:00.250,3.411,1200
2020-09-21 09:25:00.250,3.411,4000
2020-09-21 09:25:00.250,3.411,100
2020-09-21 09:25:00.250,3.411,3000
2020-09-21 09:25:00.250,3.411,1400
2020-09-21 09:25:00.250,3.411,2000
2020-09-21 09:25:00.250,3.411,200
2020-09-21 09:25:00.250,3.411,2000
2020-09-21 09:25:00.250,3.411,300
2020-09-21 09:25:00.250,3.411,1400
2020-09-21 09:25:00.250,3.411,2400
2020-09-21 09:25:00.250,3.411,7200
2020-09-21 09:25:00.250,3.411,2000
2020-09-21 09:25:00.250,3.411,100
2020-09-21 09:25:00.250,3.411,100
2020-09-21 09:25:00.250,3.411,5000
2020-09-21 09:25:00.250,3.411,100
2020-09-21 09:25:00.250,3.411,5000
2020-09-21 09:25:00.250,3.411,700
2020-09-21 09:25:00.250,3.411,300
2020-09-21 09:25:00.250,3.411,800
2020-09-21 09:25:00.250,3.411,100
2020-09-21 09:25:00.250,3.411,3000
2020-09-21 09:25:00.250,3.411,300
2020-09-21 09:25:00.250,3.411,400
2020-09-21 09:25:00.250,3.411,10200
2020-09-21 09:25:00.250,3.411,1500
2020-09-21 09:25:00.250,3.411,5000
2020-09-21 09:25:00.250,3.411,1000
2020-09-21 09:25:00.250,3.411,30000
2020-09-21 09:25:00.250,3.411,10000
2020-09-21 09:25:00.250,3.411,9000
2020-09-21 09:25:00.250,3.411,1000
2020-09-21 09:25:00.250,3.411,500
2020-09-21 09:25:00.250,3.411,6500
2020-09-21 09:25:00.250,3.411,6300
2020-09-21 09:25:00.250,3.411,1800
2020-09-21 09:25:00.250,3.411,1400
2020-09-21 09:25:00.250,3.411,16000
2020-09-21 09:25:00.250,3.411,100
2020-09-21 09:25:00.250,3.411,100
2020-09-21 09:25:00.250,3.411,100
2020-09-21 09:25:00.250,3.411,100
2020-09-21 09:25:00.250,3.411,100
2020-09-21 09:25:00.250,3.411,100
2020-09-21 09:25:00.250,3.411,800
2020-09-21 09:25:00.250,3.411,100
2020-09-21 09:25:00.250,3.411,100
2020-09-21 09:25:00.250,3.411,100
2020-09-21 09:25:00.250,3.411,100
2020-09-21 09:25:00.250,3.411,900
2020-09-21 09:25:00.250,3.411,1200
2020-09-21 09:25:00.250,3.411,200
2020-09-21 09:25:00.250,3.411,100
2020-09-21 09:25:00.250,3.411,1000
2020-09-21 09:25:00.250,3.411,500
2020-09-21 09:25:00.250,3.411,1500
2020-09-21 09:25:00.250,3.411,100
2020-09-21 09:25:00.250,3.411,400
2020-09-21 09:25:00.250,3.411,100
2020-09-21 09:25:00.250,3.411,7800
2020-09-21 09:25:00.250,3.411,2300
2020-09-21 09:25:00.250,3.411,7000
2020-09-21 09:25:00.250,3.411,1000
2020-09-21 09:25:00.250,3.411,600
2020-09-21 09:25:00.250,3.411,1500
2020-09-21 09:25:00.250,3.411,5100
2020-09-21 09:25:00.250,3.411,100
2020-09-21 09:25:00.250,3.411,100
2020-09-21 09:25:00.250,3.411,100
2020-09-21 09:25:00.250,3.411,1000
2020-09-21 09:25:00.250,3.411,200
2020-09-21 09:25:00.250,3.411,11900
2020-09-21 09:25:00.250,3.411,5300
2020-09-21 09:25:00.250,3.411,2500
2020-09-21 09:25:00.250,3.411,500
2020-09-21 09:25:00.250,3.411,500
2020-09-21 09:25:00.250,3.411,400
2020-09-21 09:25:00.250,3.411,700
2020-09-21 09:25:00.250,3.411,8900
2020-09-21 09:25:00.250,3.411,1000
2020-09-21 09:25:00.250,3.411,2000
2020-09-21 09:25:00.250,3.411,500
2020-09-21 09:25:00.250,3.411,500
2020-09-21 09:25:00.250,3.411,9000
2020-09-21 09:25:00.250,3.411,56100
2020-09-21 09:25:00.250,3.411,200
2020-09-21 09:25:00.250,3.411,800
2020-09-21 09:25:00.250,3.411,10000
2020-09-21 09:25:00.250,3.411,200
2020-09-21 09:25:00.250,3.411,1000
2020-09-21 09:25:00.250,3.411,22400
2020-09-21 09:25:00.250,3.411,31700
2020-09-21 09:25:00.250,3.411,14500
2020-09-21 09:25:00.250,3.411,119400
2020-09-21 09:25:00.250,3.411,6000
2020-09-21 09:25:00.250,3.411,7000
2020-09-21 09:25:00.250,3.411,1000
2020-09-21 09:25:00.250,3.411,7000
2020-09-21 09:25:00.250,3.411,22000
2020-09-21 09:25:00.250,3.411,50000
2020-09-21 09:25:00.250,3.411,176500
2020-09-21 09:25:00.250,3.411,211100
2020-09-21 09:25:00.250,3.411,100
2020-09-21 09:25:00.250,3.411,200
2020-09-21 09:25:00.250,3.411,100
2020-09-21 09:25:00.250,3.411,7500
2020-09-21 09:25:00.250,3.411,5000
2020-09-21 09:25:00.250,3.411,5000
2020-09-21 09:25:00.250,3.411,2000
2020-09-21 09:25:00.250,3.411,10000
2020-09-21 09:25:00.250,3.411,1000
2020-09-21 09:25:00.250,3.411,100
2020-09-21 09:25:00.250,3.411,5300
2020-09-21 09:25:00.250,3.411,5000
2020-09-21 09:25:00.250,3.411,2000
2020-09-21 09:25:00.250,3.411,2000
2020-09-21 09:25:00.250,3.411,4600
2020-09-21 09:25:00.250,3.411,4000
2020-09-21 09:25:00.250,3.411,6800
2020-09-21 09:25:00.250,3.411,5000
2020-09-21 09:25:00.250,3.411,2500
2020-09-21 09:25:00.250,3.411,3500
2020-09-21 09:25:00.250,3.411,2200
2020-09-21 09:25:00.250,3.411,800
2020-09-21 09:25:00.250,3.411,400
2020-09-21 09:25:00.250,3.411,100
2020-09-21 09:25:00.250,3.411,1500
2020-09-21 09:25:00.250,3.411,500
2020-09-21 09:25:00.250,3.411,1000
2020-09-21 09:25:00.250,3.411,1000
2020-09-21 09:25:00.250,3.411,59700
2020-09-21 09:25:00.250,3.411,600
2020-09-21 09:25:00.250,3.411,2000
2020-09-21 09:25:00.250,3.411,10000
2020-09-21 09:25:00.250,3.411,100
2020-09-21 09:25:00.250,3.411,400
2020-09-21 09:25:00.250,3.411,600
2020-09-21 09:25:00.250,3.411,200
2020-09-21 09:25:00.250,3.411,1000
2020-09-21 09:25:00.250,3.411,200
2020-09-21 09:25:00.250,3.411,500
2020-09-21 09:25:00.250,3.411,100
2020-09-21 09:25:00.250,3.411,22600
2020-09-21 09:25:00.250,3.411,19000
2020-09-21 09:25:00.250,3.411,1900
2020-09-21 09:25:00.250,3.411,3200
2020-09-21 09:25:00.250,3.411,4400
2020-09-21 09:25:00.250,3.411,500
2020-09-21 09:25:00.250,3.411,300
2020-09-21 09:25:00.250,3.411,100
2020-09-21 09:25:00.250,3.411,600
2020-09-21 09:25:00.250,3.411,20000
2020-09-21 09:25:00.250,3.411,1000
2020-09-21 09:25:00.250,3.411,2500
2020-09-21 09:25:00.250,3.411,300
2020-09-21 09:25:00.250,3.411,26200
2020-09-21 09:25:00.250,3.411,30000
2020-09-21 09:25:00.250,3.411,3000
2020-09-21 09:25:00.250,3.411,8000
2020-09-21 09:25:00.250,3.411,13000
2020-09-21 09:25:00.250,3.411,14600
2020-09-21 09:25:00.250,3.411,5200
2020-09-21 09:25:00.250,3.411,800
2020-09-21 09:25:00.250,3.411,4200
2020-09-21 09:25:00.250,3.411,200
2020-09-21 09:25:00.250,3.411,3000
2020-09-21 09:25:00.250,3.411,1000
2020-09-21 09:25:00.250,3.411,30000
2020-09-21 09:25:00.250,3.411,300
2020-09-21 09:25:00.250,3.411,400
2020-09-21 09:25:00.250,3.411,900
2020-09-21 09:25:00.250,3.411,4100
2020-09-21 09:25:00.250,3.411,5300
2020-09-21 09:25:00.250,3.411,2000
2020-09-21 09:25:00.250,3.411,700
2020-09-21 09:25:00.250,3.411,600
2020-09-21 09:25:00.250,3.411,400
2020-09-21 09:25:00.250,3.411,4600
2020-09-21 09:25:00.250,3.411,5400
2020-09-21 09:25:00.250,3.411,1000
2020-09-21 09:25:00.250,3.411,15000
2020-09-21 09:25:00.250,3.411,700
2020-09-21 09:25:00.250,3.411,400
2020-09-21 09:25:00.250,3.411,7500
2020-09-21 09:25:00.250,3.411,500
2020-09-21 09:25:00.250,3.411,100
2020-09-21 09:25:00.250,3.411,4400
2020-09-21 09:25:00.250,3.411,400
2020-09-21 09:25:00.250,3.411,2600
2020-09-21 09:25:00.250,3.411,5000
2020-09-21 09:25:00.250,3.411,30000
2020-09-21 09:25:00.250,3.411,10000
2020-09-21 09:25:00.250,3.411,50000
2020-09-21 09:25:00.250,3.411,28300
2020-09-21 09:25:00.250,3.411,600
2020-09-21 09:25:00.250,3.411,20000
2020-09-21 09:25:00.250,3.411,600
2020-09-21 09:25:00.250,3.411,2900
2020-09-21 09:25:00.250,3.411,1
2020-09-21 09:25:00.250,3.411,2100
2020-09-21 09:25:00.250,3.411,1900
2020-09-21 09:25:00.250,3.411,10000
2020-09-21 09:25:00.250,3.411,1000
2020-09-21 09:25:00.250,3.411,12099
2020-09-21 09:25:00.250,3.411,40901
2020-09-21 09:25:00.250,3.411,3000
2020-09-21 09:25:00.250,3.411,3000
2020-09-21 09:25:00.250,3.411,400
2020-09-21 09:25:00.250,3.411,2699
2020-09-21 09:25:00.250,3.411,10000
2020-09-21 09:25:00.250,3.411,47401
2020-09-21 09:25:00.250,3.411,3000
2020-09-21 09:25:00.250,3.411,2400
2020-09-21 09:25:00.250,3.411,100
2020-09-21 09:25:00.250,3.411,31699
2020-09-21 09:25:00.250,3.411,100
2020-09-21 09:25:00.250,3.411,5801
2020-09-21 09:25:00.250,3.411,10000
2020-09-21 09:25:00.250,3.411,1000
2020-09-21 09:25:00.250,3.411,95899
2020-09-21 09:25:00.250,3.411,3000
2020-09-21 09:25:00.250,3.411,2000
2020-09-21 09:25:00.250,3.411,2000
2020-09-21 09:25:00.250,3.411,10000
2020-09-21 09:25:00.250,3.411,20000
2020-09-21 09:25:00.250,3.411,20000
2020-09-21 09:25:00.250,3.411,1500
2020-09-21 09:25:00.250,3.411,2800
2020-09-21 09:25:00.250,3.411,216901
2020-09-21 09:25:00.250,3.411,24300
2020-09-21 09:25:00.250,3.411,40000
2020-09-21 09:25:00.250,3.411,30000
2020-09-21 09:25:00.250,3.411,5000
2020-09-21 09:25:00.250,3.411,1500
2020-09-21 09:25:00.250,3.411,200
2020-09-21 09:25:00.250,3.411,100
2020-09-21 09:25:00.250,3.411,11400
2020-09-21 09:25:00.250,3.411,30000
2020-09-21 09:25:00.250,3.411,1900
2020-09-21 09:25:00.250,3.411,263300
2020-09-21 09:25:00.250,3.411,24300
2020-09-21 09:25:00.250,3.411,300000
2020-09-21 09:25:00.250,3.411,100
2020-09-21 09:25:00.250,3.411,18800
2020-09-21 09:25:00.250,3.411,100
2020-09-21 09:25:00.250,3.411,32099
2020-09-21 09:25:00.250,3.411,17901
2020-09-21 09:25:00.250,3.411,7200
2020-09-21 09:25:00.250,3.411,5000
2020-09-21 09:25:00.250,3.411,12399
2020-09-21 09:25:00.250,3.411,78601
2020-09-21 09:25:00.250,3.411,3300
2020-09-21 09:25:00.250,3.411,10000
2020-09-21 09:25:00.250,3.411,4900
2020-09-21 09:25:00.250,3.411,69199
2020-09-21 09:25:00.250,3.411,10000
2020-09-21 09:25:00.250,3.411,1400
2020-09-21 09:25:00.250,3.411,1000
2020-09-21 09:25:00.250,3.411,1500
2020-09-21 09:25:00.250,3.411,3000
2020-09-21 09:25:00.250,3.411,2301
2020-09-21 09:25:00.250,3.411,699
2020-09-21 09:25:00.250,3.411,2000
2020-09-21 09:25:00.250,3.411,2301
2020-09-21 09:25:00.250,3.411,12199
2020-09-21 09:25:00.250,3.411,16300
2020-09-21 09:25:00.250,3.411,5300
2020-09-21 09:25:00.250,3.411,66201
2020-09-21 09:25:00.250,3.411,13799
2020-09-21 09:25:00.250,3.411,3801
2020-09-21 09:30:00.020,3.412,400
2020-09-21 09:30:00.020,3.412,100
2020-09-21 09:30:00.020,3.412,6000
2020-09-21 09:30:00.020,3.412,3500
2020-09-21 09:30:00.090,3.412,2900
2020-09-21 09:30:00.270,3.411,6199
2020-09-21 09:30:00.270,3.411,10000
2020-09-21 09:30:00.270,3.411,72301
2020-09-21 09:30:00.310,3.412,20000
2020-09-21 09:30:00.390,3.411,20000
2020-09-21 09:30:00.390,3.412,3600
2020-09-21 09:30:00.390,3.412,4000
2020-09-21 09:30:00.390,3.412,3000
2020-09-21 09:30:00.490,3.412,61100
2020-09-21 09:30:00.490,3.412,32600
2020-09-21 09:30:00.490,3.412,30000
2020-09-21 09:30:00.490,3.412,30100
2020-09-21 09:30:00.490,3.411,57699
2020-09-21 09:30:00.490,3.411,200
2020-09-21 09:30:00.490,3.411,63600
2020-09-21 09:30:00.490,3.411,4000
2020-09-21 09:30:00.490,3.411,6200
2020-09-21 09:30:00.490,3.411,17500
2020-09-21 09:30:00.490,3.411,71500
2020-09-21 09:30:00.490,3.411,150000
2020-09-21 09:30:00.490,3.411,100
2020-09-21 09:30:00.490,3.411,1000
2020-09-21 09:30:00.490,3.411,10000
2020-09-21 09:30:00.490,3.411,58000
2020-09-21 09:30:00.490,3.411,36401
2020-09-21 09:30:00.490,3.411,500
2020-09-21 09:30:00.600,3.411,3000
2020-09-21 09:30:00.600,3.411,13200
2020-09-21 09:30:00.710,3.413,500
2020-09-21 09:30:00.710,3.413,100
2020-09-21 09:30:00.710,3.413,400
2020-09-21 09:30:00.710,3.413,100
2020-09-21 09:30:00.710,3.413,500
2020-09-21 09:30:00.710,3.412,500
2020-09-21 09:30:00.710,3.412,500
2020-09-21 09:30:00.710,3.412,1200
2020-09-21 09:30:00.830,3.413,6100
2020-09-21 09:30:00.830,3.413,2600
2020-09-21 09:30:00.830,3.412,1800
2020-09-21 09:30:00.830,3.412,2000
2020-09-21 09:30:00.830,3.412,200
2020-09-21 09:30:00.830,3.411,6899
2020-09-21 09:30:00.830,3.411,2000
2020-09-21 09:30:00.830,3.411,2101
2020-09-21 09:30:00.830,3.411,1000
2020-09-21 09:30:00.830,3.413,2400
2020-09-21 09:30:00.830,3.413,600
2020-09-21 09:30:00.940,3.412,5000
2020-09-21 09:30:00.940,3.412,7100
2020-09-21 09:30:00.940,3.412,2900
2020-09-21 09:30:00.940,3.412,10000
2020-09-21 09:30:00.940,3.412,10000
2020-09-21 09:30:00.940,3.412,20000
2020-09-21 09:30:00.940,3.412,300
2020-09-21 09:30:00.940,3.412,400
2020-09-21 09:30:00.940,3.412,500
2020-09-21 09:30:00.940,3.411,4100
2020-09-21 09:30:00.940,3.411,2000
2020-09-21 09:30:00.940,3.411,49799
2020-09-21 09:30:00.940,3.411,4300
2020-09-21 09:30:00.940,3.411,12000
2020-09-21 09:30:00.940,3.411,400
2020-09-21 09:30:00.940,3.411,10000
2020-09-21 09:30:00.940,3.411,400
2020-09-21 09:30:00.940,3.411,14700
2020-09-21 09:30:00.940,3.411,1000
2020-09-21 09:30:00.940,3.411,500
2020-09-21 09:30:01.060,3.411,9100
2020-09-21 09:30:01.060,3.411,4800
2020-09-21 09:30:01.060,3.411,3000
2020-09-21 09:30:01.060,3.411,2000
2020-09-21 09:30:01.060,3.411,1000
2020-09-21 09:30:01.190,3.411,2000
2020-09-21 09:30:01.190,3.411,30500
2020-09-21 09:30:01.190,3.411,5000
2020-09-21 09:30:01.190,3.411,3000
2020-09-21 09:30:01.300,3.411,3000
2020-09-21 09:30:01.300,3.411,10000
2020-09-21 09:30:01.300,3.411,100
2020-09-21 09:30:01.300,3.411,2000
2020-09-21 09:30:01.300,3.411,500
2020-09-21 09:30:01.300,3.411,500
2020-09-21 09:30:01.430,3.411,30000
2020-09-21 09:30:01.430,3.411,200
2020-09-21 09:30:01.430,3.411,9000
2020-09-21 09:30:01.430,3.411,100
2020-09-21 09:30:01.430,3.411,100
2020-09-21 09:30:01.570,3.411,5000
2020-09-21 09:30:01.570,3.41,300
2020-09-21 09:30:01.570,3.411,1000
2020-09-21 09:30:01.570,3.411,99601
2020-09-21 09:30:01.570,3.411,6400
2020-09-21 09:30:01.570,3.411,100
2020-09-21 09:30:01.570,3.411,200
2020-09-21 09:30:01.570,3.411,10000
2020-09-21 09:30:01.570,3.411,50000
2020-09-21 09:30:01.570,3.411,200
2020-09-21 09:30:01.570,3.411,2400
2020-09-21 09:30:01.570,3.411,400
2020-09-21 09:30:01.570,3.411,3600
2020-09-21 09:30:01.570,3.412,100
2020-09-21 09:30:01.570,3.413,200
2020-09-21 09:30:01.570,3.413,1000
2020-09-21 09:30:01.570,3.413,3000
2020-09-21 09:30:01.570,3.413,700
2020-09-21 09:30:01.680,3.412,1900
2020-09-21 09:30:01.680,3.412,8100
2020-09-21 09:30:01.680,3.412,1000
2020-09-21 09:30:01.680,3.411,900
2020-09-21 09:30:01.680,3.412,1700
2020-09-21 09:30:01.680,3.412,3000
2020-09-21 09:30:01.680,3.412,5300
2020-09-21 09:30:01.680,3.412,3400
2020-09-21 09:30:01.680,3.412,200
2020-09-21 09:30:01.680,3.413,200
2020-09-21 09:30:01.680,3.412,100000
2020-09-21 09:30:01.800,3.412,52700
2020-09-21 09:30:01.800,3.413,9100
2020-09-21 09:30:01.800,3.413,900
2020-09-21 09:30:01.800,3.413,100
2020-09-21 09:30:01.800,3.413,10000
2020-09-21 09:30:01.800,3.413,8900
2020-09-21 09:30:01.800,3.414,200
2020-09-21 09:30:01.800,3.414,3800
2020-09-21 09:30:01.800,3.414,600
2020-09-21 09:30:01.800,3.414,10000
2020-09-21 09:30:01.800,3.414,400
2020-09-21 09:30:01.800,3.414,1000
2020-09-21 09:30:01.800,3.414,100
2020-09-21 09:30:01.930,3.414,14900
2020-09-21 09:30:01.930,3.414,5100
2020-09-21 09:30:01.930,3.414,100
2020-09-21 09:30:01.930,3.415,3100
2020-09-21 09:30:01.930,3.415,600
2020-09-21 09:30:01.930,3.415,1000
2020-09-21 09:30:01.930,3.415,500
2020-09-21 09:30:01.930,3.415,700
2020-09-21 09:30:01.930,3.414,2000
2020-09-21 09:30:02.040,3.414,32200
2020-09-21 09:30:02.040,3.413,4000
2020-09-21 09:30:02.170,3.412,3100
2020-09-21 09:30:02.170,3.413,100
2020-09-21 09:30:02.300,3.413,100000
2020-09-21 09:30:02.300,3.412,137000
2020-09-21 09:30:02.300,3.412,100
2020-09-21 09:30:02.300,3.412,10000
2020-09-21 09:30:02.300,3.412,2900
2020-09-21 09:30:02.300,3.412,2800
2020-09-21 09:30:02.300,3.412,4500
2020-09-21 09:30:02.300,3.413,158400
2020-09-21 09:30:02.410,3.412,200
2020-09-21 09:30:02.410,3.413,20000
2020-09-21 09:30:02.410,3.412,5300
2020-09-21 09:30:02.410,3.412,200
2020-09-21 09:30:02.410,3.412,86300
2020-09-21 09:30:02.410,3.412,3000
2020-09-21 09:30:02.410,3.412,2400
2020-09-21 09:30:02.410,3.412,24700
2020-09-21 09:30:02.520,3.412,10000
2020-09-21 09:30:02.520,3.412,1000
2020-09-21 09:30:02.520,3.412,1000
2020-09-21 09:30:02.710,3.413,97900
2020-09-21 09:30:02.710,3.412,24300
2020-09-21 09:30:02.710,3.412,33400
2020-09-21 09:30:02.760,3.412,3000
2020-09-21 09:30:02.880,3.413,25000
2020-09-21 09:30:02.990,3.412,1000
2020-09-21 09:30:02.990,3.413,62400
2020-09-21 09:30:02.990,3.413,2100
2020-09-21 09:30:02.990,3.413,78600
2020-09-21 09:30:02.990,3.413,3100
2020-09-21 09:30:02.990,3.414,3100
2020-09-21 09:30:02.990,3.414,10000
2020-09-21 09:30:02.990,3.415,400
2020-09-21 09:30:02.990,3.415,1000
2020-09-21 09:30:02.990,3.415,100
2020-09-21 09:30:02.990,3.415,1000
2020-09-21 09:30:02.990,3.415,100
2020-09-21 09:30:02.990,3.415,100
2020-09-21 09:30:02.990,3.415,100
2020-09-21 09:30:02.990,3.415,100
2020-09-21 09:30:02.990,3.415,600
2020-09-21 09:30:02.990,3.415,10000
2020-09-21 09:30:02.990,3.415,53200
2020-09-21 09:30:02.990,3.415,400
2020-09-21 09:30:02.990,3.415,1000
2020-09-21 09:30:02.990,3.415,39900
2020-09-21 09:30:02.990,3.415,2200
2020-09-21 09:30:02.990,3.415,4000
2020-09-21 09:30:02.990,3.415,1000
2020-09-21 09:30:02.990,3.415,1500
2020-09-21 09:30:02.990,3.415,24000
2020-09-21 09:30:02.990,3.415,300
2020-09-21 09:30:02.990,3.415,300000
2020-09-21 09:30:03.110,3.413,3900
2020-09-21 09:30:03.110,3.415,65700
2020-09-21 09:30:03.110,3.414,1000
2020-09-21 09:30:03.110,3.413,9000
2020-09-21 09:30:03.110,3.413,2100
2020-09-21 09:30:03.110,3.412,47900
2020-09-21 09:30:03.110,3.412,10100
2020-09-21 09:30:03.110,3.415,3000
2020-09-21 09:30:03.230,3.413,200
2020-09-21 09:30:03.230,3.412,300
2020-09-21 09:30:03.230,3.413,12500
2020-09-21 09:30:03.230,3.415,6000
2020-09-21 09:30:03.340,3.415,8000
2020-09-21 09:30:03.340,3.413,9000
2020-09-21 09:30:03.450,3.413,9000
2020-09-21 09:30:03.450,3.413,3000
2020-09-21 09:30:03.450,3.413,1000
2020-09-21 09:30:03.580,3.413,3100
2020-09-21 09:30:03.580,3.413,300
2020-09-21 09:30:03.580,3.415,93000
2020-09-21 09:30:03.580,3.415,2100
2020-09-21 09:30:03.580,3.415,4900
2020-09-21 09:30:03.580,3.415,100
2020-09-21 09:30:03.580,3.415,2900
2020-09-21 09:30:03.700,3.414,1000
2020-09-21 09:30:03.860,3.414,100000
2020-09-21 09:30:03.860,3.414,300
2020-09-21 09:30:03.860,3.414,14400
2020-09-21 09:30:03.990,3.414,2000
2020-09-21 09:30:04.050,3.415,200
2020-09-21 09:30:04.050,3.415,1500
2020-09-21 09:30:04.050,3.415,1300
2020-09-21 09:30:04.050,3.414,28700
2020-09-21 09:30:04.050,3.413,121300
2020-09-21 09:30:04.050,3.413,140800
2020-09-21 09:30:04.050,3.413,9200
2020-09-21 09:30:04.050,3.414,6000
2020-09-21 09:30:04.050,3.415,1800
2020-09-21 09:30:04.050,3.415,3900
2020-09-21 09:30:04.050,3.413,800
2020-09-21 09:30:04.050,3.413,200
2020-09-21 09:30:04.050,3.413,300
2020-09-21 09:30:04.050,3.413,19800
2020-09-21 09:30:04.050,3.413,10000
2020-09-21 09:30:04.050,3.412,4300
2020-09-21 09:30:04.050,3.412,40000
2020-09-21 09:30:04.050,3.412,500
2020-09-21 09:30:04.050,3.412,500
2020-09-21 09:30:04.050,3.412,16300
2020-09-21 09:30:04.050,3.412,1400
2020-09-21 09:30:04.050,3.412,8600
2020-09-21 09:30:04.050,3.412,1500
2020-09-21 09:30:04.050,3.412,10000
2020-09-21 09:30:04.050,3.412,400
2020-09-21 09:30:04.050,3.412,2500
2020-09-21 09:30:04.170,3.413,1200
2020-09-21 09:30:04.280,3.414,5000
2020-09-21 09:30:04.280,3.413,2000
2020-09-21 09:30:04.380,3.414,95000
2020-09-21 09:30:04.380,3.415,6100
2020-09-21 09:30:04.380,3.415,600
2020-09-21 09:30:04.380,3.415,100
2020-09-21 09:30:04.380,3.416,600
2020-09-21 09:30:04.380,3.416,58000
2020-09-21 09:30:04.380,3.416,200
2020-09-21 09:30:04.380,3.416,4200
2020-09-21 09:30:04.380,3.416,1000
2020-09-21 09:30:04.380,3.416,500
2020-09-21 09:30:04.380,3.416,5000
2020-09-21 09:30:04.380,3.416,3600
2020-09-21 09:30:04.380,3.416,5000
2020-09-21 09:30:04.380,3.416,10000
2020-09-21 09:30:04.380,3.416,29900
2020-09-21 09:30:04.380,3.416,5000
2020-09-21 09:30:04.380,3.416,75200
2020-09-21 09:30:04.380,3.413,1000
2020-09-21 09:30:04.440,3.416,14700
2020-09-21 09:30:04.440,3.416,20000
2020-09-21 09:30:04.440,3.416,10000
2020-09-21 09:30:04.440,3.416,100
2020-09-21 09:30:04.440,3.416,3000
2020-09-21 09:30:04.440,3.417,1200
2020-09-21 09:30:04.440,3.417,10000
2020-09-21 09:30:04.440,3.417,6700
2020-09-21 09:30:04.440,3.417,500
2020-09-21 09:30:04.440,3.417,1000
2020-09-21 09:30:04.440,3.417,16800
2020-09-21 09:30:04.440,3.417,30000
2020-09-21 09:30:04.440,3.417,2500
2020-09-21 09:30:04.440,3.417,100
2020-09-21 09:30:04.440,3.417,10000
2020-09-21 09:30:04.440,3.417,6000
2020-09-21 09:30:04.440,3.417,5000
2020-09-21 09:30:04.440,3.417,2100
2020-09-21 09:30:04.440,3.417,1000
2020-09-21 09:30:04.440,3.417,3100
2020-09-21 09:30:04.440,3.417,3100
2020-09-21 09:30:04.490,3.418,100
2020-09-21 09:30:04.490,3.418,200
2020-09-21 09:30:04.490,3.418,400
2020-09-21 09:30:04.490,3.418,200
2020-09-21 09:30:04.490,3.418,300
2020-09-21 09:30:04.490,3.418,1000
2020-09-21 09:30:04.490,3.418,800
2020-09-21 09:30:04.490,3.417,500
2020-09-21 09:30:04.530,3.418,2200
2020-09-21 09:30:04.530,3.418,100
2020-09-21 09:30:04.530,3.418,5000
2020-09-21 09:30:04.530,3.418,2100
2020-09-21 09:30:04.630,3.417,3000
2020-09-21 09:30:04.710,3.418,600
2020-09-21 09:30:04.710,3.417,700
2020-09-21 09:30:04.880,3.418,12100
2020-09-21 09:30:04.880,3.418,2000
2020-09-21 09:30:04.880,3.418,1500
2020-09-21 09:30:04.880,3.418,10000
2020-09-21 09:30:04.880,3.418,5900
2020-09-21 09:30:04.880,3.418,2000
2020-09-21 09:30:04.880,3.418,300
2020-09-21 09:30:04.880,3.418,20000
2020-09-21 09:30:04.880,3.418,4500
2020-09-21 09:30:04.880,3.418,10000
2020-09-21 09:30:04.880,3.418,200
2020-09-21 09:30:04.880,3.418,2000
2020-09-21 09:30:04.880,3.418,1000
2020-09-21 09:30:04.880,3.418,29700
2020-09-21 09:30:04.920,3.416,6000
2020-09-21 09:30:04.920,3.413,18300
2020-09-21 09:30:05.040,3.418,3500
2020-09-21 09:30:05.390,3.413,100
2020-09-21 09:30:05.510,3.413,7400
2020-09-21 09:30:05.510,3.413,1900
2020-09-21 09:30:05.510,3.413,1000
2020-09-21 09:30:05.510,3.413,10000
2020-09-21 09:30:05.510,3.413,600
2020-09-21 09:30:05.510,3.413,9400
2020-09-21 09:30:05.590,3.414,13000
2020-09-21 09:30:05.590,3.415,1000
2020-09-21 09:30:05.590,3.416,1000
2020-09-21 09:30:05.770,3.415,100
2020-09-21 09:30:05.770,3.415,100
2020-09-21 09:30:05.810,3.415,5000
2020-09-21 09:30:06.000,3.415,1000
2020-09-21 09:30:06.040,3.416,1000
2020-09-21 09:30:06.080,3.416,8000
2020-09-21 09:30:06.080,3.418,16800
2020-09-21 09:30:06.080,3.418,5000
2020-09-21 09:30:06.080,3.418,1000
2020-09-21 09:30:06.080,3.419,3000
2020-09-21 09:30:06.080,3.419,400
2020-09-21 09:30:06.080,3.419,100
2020-09-21 09:30:06.080,3.419,1000
2020-09-21 09:30:06.080,3.419,1000
2020-09-21 09:30:06.080,3.419,1000
2020-09-21 09:30:06.080,3.419,2700
2020-09-21 09:30:06.080,3.419,7300
2020-09-21 09:30:06.080,3.419,1000
2020-09-21 09:30:06.080,3.419,300
2020-09-21 09:30:06.080,3.419,1000
2020-09-21 09:30:06.080,3.419,1000
2020-09-21 09:30:06.080,3.419,500
2020-09-21 09:30:06.080,3.419,7600
2020-09-21 09:30:06.080,3.419,6000
2020-09-21 09:30:06.080,3.419,200
2020-09-21 09:30:06.080,3.419,3000
2020-09-21 09:30:06.080,3.419,1000
2020-09-21 09:30:06.080,3.419,10000
2020-09-21 09:30:06.080,3.419,1100
2020-09-21 09:30:06.340,3.418,5000
2020-09-21 09:30:06.450,3.417,29800
2020-09-21 09:30:06.490,3.417,100000
2020-09-21 09:30:06.530,3.419,900
2020-09-21 09:30:06.530,3.419,2500
2020-09-21 09:30:06.530,3.419,6800
2020-09-21 09:30:06.810,3.417,20000
2020-09-21 09:30:06.900,3.417,10000
2020-09-21 09:30:06.900,3.417,12200
2020-09-21 09:30:06.980,3.417,1000
2020-09-21 09:30:07.030,3.417,1000
2020-09-21 09:30:07.030,3.417,50000
2020-09-21 09:30:07.110,3.417,20000
2020-09-21 09:30:07.110,3.417,1500
2020-09-21 09:30:07.290,3.417,100
2020-09-21 09:30:07.370,3.417,600
2020-09-21 09:30:07.370,3.418,80000
2020-09-21 09:30:07.400,3.418,50000
2020-09-21 09:30:07.480,3.418,5700
2020-09-21 09:30:07.480,3.418,100
2020-09-21 09:30:07.480,3.418,200
2020-09-21 09:30:07.560,3.418,500
2020-09-21 09:30:07.760,3.418,20000
2020-09-21 09:30:07.790,3.418,143500
2020-09-21 09:30:07.790,3.417,29400
2020-09-21 09:30:07.960,3.417,10000
2020-09-21 09:30:07.960,3.417,1200
2020-09-21 09:30:08.170,3.417,13200
2020-09-21 09:30:08.170,3.417,40000
2020-09-21 09:30:08.170,3.417,300
2020-09-21 09:30:08.170,3.416,40000
2020-09-21 09:30:08.170,3.415,800
2020-09-21 09:30:08.170,3.415,7000
2020-09-21 09:30:08.170,3.415,98700
2020-09-21 09:30:08.740,3.415,100
2020-09-21 09:30:08.810,3.415,500
2020-09-21 09:30:08.990,3.415,5000
2020-09-21 09:30:09.160,3.418,300
2020-09-21 09:30:09.160,3.418,295700
2020-09-21 09:30:09.360,3.415,3500
2020-09-21 09:30:09.360,3.415,15000
2020-09-21 09:30:09.650,3.416,148900
2020-09-21 09:30:09.650,3.415,1000
2020-09-21 09:30:09.920,3.415,500
2020-09-21 09:30:09.980,3.415,3200
2020-09-21 09:30:10.150,3.415,15000
2020-09-21 09:30:10.150,3.415,2000
2020-09-21 09:30:10.180,3.415,1500
2020-09-21 09:30:10.460,3.415,1100
2020-09-21 09:30:10.790,3.416,60000
2020-09-21 09:30:11.310,3.415,1000
2020-09-21 09:30:11.440,3.415,1500
2020-09-21 09:30:11.920,3.416,1300
2020-09-21 09:30:11.920,3.416,6400
2020-09-21 09:30:11.920,3.416,292300
2020-09-21 09:30:11.980,3.415,2900
2020-09-21 09:30:12.100,3.416,141300
2020-09-21 09:30:12.130,3.415,3000
2020-09-21 09:30:12.200,3.415,5000
2020-09-21 09:30:12.370,3.415,73300
2020-09-21 09:30:12.470,3.415,1400
2020-09-21 09:30:12.920,3.415,64800
2020-09-21 09:30:12.920,3.415,11100
2020-09-21 09:30:12.920,3.415,4000
2020-09-21 09:30:12.920,3.415,120100
2020-09-21 09:30:14.340,3.416,40000
2020-09-21 09:30:14.810,3.416,40000
2020-09-21 09:30:14.840,3.416,30000
2020-09-21 09:30:14.840,3.416,30000
2020-09-21 09:30:14.870,3.416,40000
2020-09-21 09:30:14.870,3.416,20000
2020-09-21 09:30:14.870,3.416,20000
2020-09-21 09:30:15.190,3.415,2900
2020-09-21 09:30:15.440,3.415,10000
2020-09-21 09:30:15.600,3.415,110000
2020-09-21 09:30:15.980,3.416,236400
2020-09-21 09:30:15.980,3.416,5400
2020-09-21 09:30:15.980,3.416,200
2020-09-21 09:30:15.980,3.417,58000
2020-09-21 09:30:16.160,3.417,300000
2020-09-21 09:30:16.710,3.415,500
2020-09-21 09:30:16.740,3.415,47800
2020-09-21 09:30:16.880,3.415,3000
2020-09-21 09:30:17.040,3.415,5700
2020-09-21 09:30:17.040,3.415,9700
2020-09-21 09:30:17.410,3.416,300
2020-09-21 09:30:18.280,3.416,5000
2020-09-21 09:30:18.370,3.416,4000
2020-09-21 09:30:18.370,3.416,400
2020-09-21 09:30:18.500,3.416,20000
2020-09-21 09:30:19.260,3.416,10000
2020-09-21 09:30:19.530,3.416,300
2020-09-21 09:30:19.530,3.416,300000
2020-09-21 09:30:19.530,3.415,83500
2020-09-21 09:30:19.530,3.415,20800
2020-09-21 09:30:20.060,3.416,34000
2020-09-21 09:30:20.480,3.417,2000
2020-09-21 09:30:21.070,3.416,101
2020-09-21 09:30:21.260,3.416,3000
2020-09-21 09:30:21.610,3.416,10000
2020-09-21 09:30:21.780,3.416,10000
2020-09-21 09:30:21.870,3.417,10000
2020-09-21 09:30:22.000,3.416,1500
2020-09-21 09:30:22.610,3.416,1399
2020-09-21 09:30:22.610,3.416,58600
2020-09-21 09:30:22.790,3.416,12500
2020-09-21 09:30:22.820,3.415,3100
2020-09-21 09:30:22.850,3.415,16900
2020-09-21 09:30:23.240,3.416,600
2020-09-21 09:30:23.430,3.416,1000
2020-09-21 09:30:23.900,3.416,60000
2020-09-21 09:30:24.280,3.416,15200
2020-09-21 09:30:24.310,3.416,2200
2020-09-21 09:30:24.430,3.416,38400
2020-09-21 09:30:24.630,3.414,7000
2020-09-21 09:30:24.700,3.416,900
2020-09-21 09:30:24.740,3.416,58600
2020-09-21 09:30:25.280,3.416,100
2020-09-21 09:30:25.410,3.416,3000
2020-09-21 09:30:25.440,3.415,6000
2020-09-21 09:30:25.710,3.415,5000
2020-09-21 09:30:25.890,3.416,600000
2020-09-21 09:30:25.980,3.415,49000
2020-09-21 09:30:26.340,3.415,1000
2020-09-21 09:30:26.340,3.416,19000
2020-09-21 09:30:26.340,3.416,28201
2020-09-21 09:30:26.340,3.416,800
2020-09-21 09:30:26.340,3.416,300
2020-09-21 09:30:26.340,3.416,10699
2020-09-21 09:30:26.520,3.416,30000
2020-09-21 09:30:26.650,3.415,1700
2020-09-21 09:30:27.030,3.415,7500
2020-09-21 09:30:27.150,3.416,22900
2020-09-21 09:30:27.260,3.416,281401
2020-09-21 09:30:27.260,3.416,15400
2020-09-21 09:30:27.360,3.416,20000
2020-09-21 09:30:27.640,3.417,78300
2020-09-21 09:30:27.750,3.417,296000
2020-09-21 09:30:28.550,3.417,24900
2020-09-21 09:30:28.770,3.417,10000
2020-09-21 09:30:28.920,3.416,100000
2020-09-21 09:30:29.020,3.416,5000
2020-09-21 09:30:29.480,3.416,13400
2020-09-21 09:30:29.480,3.416,164799
2020-09-21 09:30:29.480,3.416,24300
2020-09-21 09:30:29.480,3.415,901
2020-09-21 09:30:29.760,3.415,1100
2020-09-21 09:30:30.710,3.416,500
2020-09-21 09:30:30.710,3.416,6000
2020-09-21 09:30:30.970,3.417,6100
2020-09-21 09:30:31.050,3.417,114700
2020-09-21 09:30:31.050,3.417,50000
2020-09-21 09:30:31.050,3.417,2500
2020-09-21 09:30:31.050,3.417,100
2020-09-21 09:30:31.050,3.418,132700
2020-09-21 09:30:31.750,3.417,1700
2020-09-21 09:30:31.750,3.417,10000
2020-09-21 09:30:31.750,3.416,8300
2020-09-21 09:30:32.050,3.416,1500
2020-09-21 09:30:32.890,3.418,19800
2020-09-21 09:30:33.020,3.417,5000
2020-09-21 09:30:33.080,3.417,5000
2020-09-21 09:30:33.080,3.416,6500
2020-09-21 09:30:33.730,3.417,30000
2020-09-21 09:30:33.730,3.418,30300
2020-09-21 09:30:33.730,3.418,144500
2020-09-21 09:30:33.730,3.418,75900
2020-09-21 09:30:33.730,3.418,10000
2020-09-21 09:30:33.730,3.418,9300
2020-09-21 09:30:34.140,3.416,10000
2020-09-21 09:30:34.350,3.416,3000
2020-09-21 09:30:34.530,3.418,90700
2020-09-21 09:30:34.530,3.418,509300
2020-09-21 09:30:34.750,3.417,20000
2020-09-21 09:30:34.790,3.417,30000
2020-09-21 09:30:34.860,3.417,200
2020-09-21 09:30:35.190,3.417,2000
2020-09-21 09:30:35.280,3.417,30000
2020-09-21 09:30:35.280,3.417,30000
2020-09-21 09:30:35.740,3.417,2200
2020-09-21 09:30:36.350,3.417,30000
2020-09-21 09:30:36.820,3.417,30000
2020-09-21 09:30:36.820,3.418,40000
2020-09-21 09:30:36.820,3.418,40000
2020-09-21 09:30:37.010,3.417,8800
2020-09-21 09:30:37.200,3.417,15000
2020-09-21 09:30:37.380,3.417,30000
2020-09-21 09:30:37.380,3.418,40000
2020-09-21 09:30:37.410,3.417,42900
2020-09-21 09:30:37.410,3.417,5000
2020-09-21 09:30:37.810,3.417,23900
2020-09-21 09:30:37.810,3.417,6100
2020-09-21 09:30:38.020,3.417,53900
2020-09-21 09:30:38.020,3.417,2000
2020-09-21 09:30:38.020,3.417,73300
2020-09-21 09:30:38.020,3.417,600
2020-09-21 09:30:38.130,3.417,15300
2020-09-21 09:30:38.780,3.417,60000
2020-09-21 09:30:39.280,3.416,30000
2020-09-21 09:30:39.560,3.417,28300
2020-09-21 09:30:39.850,3.417,10000
2020-09-21 09:30:40.040,3.416,4800
2020-09-21 09:30:40.200,3.416,87800
2020-09-21 09:30:40.200,3.416,32400
2020-09-21 09:30:40.200,3.417,4000
2020-09-21 09:30:40.380,3.417,3000
2020-09-21 09:30:40.570,3.417,4500
2020-09-21 09:30:41.150,3.416,39300
2020-09-21 09:30:41.180,3.416,20000
2020-09-21 09:30:41.570,3.417,26800
2020-09-21 09:30:41.780,3.417,300000
2020-09-21 09:30:42.060,3.417,1400
2020-09-21 09:30:42.420,3.417,2500
2020-09-21 09:30:42.830,3.417,2000
2020-09-21 09:30:42.920,3.417,900
2020-09-21 09:30:43.980,3.417,50000
2020-09-21 09:30:43.980,3.417,50000
2020-09-21 09:30:43.980,3.417,30000
2020-09-21 09:30:43.980,3.417,50000
2020-09-21 09:30:43.980,3.417,10000
2020-09-21 09:30:43.980,3.417,50000
2020-09-21 09:30:43.980,3.417,50000
2020-09-21 09:30:44.350,3.417,21500
2020-09-21 09:30:44.350,3.417,8500
2020-09-21 09:30:44.680,3.417,5000
2020-09-21 09:30:44.750,3.416,700
2020-09-21 09:30:44.860,3.417,36500
2020-09-21 09:30:44.860,3.417,1000
2020-09-21 09:30:44.860,3.417,5000
2020-09-21 09:30:44.860,3.417,500
2020-09-21 09:30:44.860,3.417,1500
2020-09-21 09:30:44.860,3.417,5500
2020-09-21 09:30:45.010,3.417,9900
2020-09-21 09:30:45.010,3.418,50000
2020-09-21 09:30:45.010,3.418,10000
2020-09-21 09:30:45.170,3.416,800
2020-09-21 09:30:46.380,3.417,1000
2020-09-21 09:30:46.680,3.417,17200
2020-09-21 09:30:46.750,3.417,200
2020-09-21 09:30:46.770,3.417,11600
2020-09-21 09:30:46.770,3.417,3000
2020-09-21 09:30:46.770,3.416,36600
2020-09-21 09:30:46.770,3.416,47600
2020-09-21 09:30:48.140,3.419,3200
2020-09-21 09:30:48.140,3.419,20000
2020-09-21 09:30:48.140,3.419,26800
2020-09-21 09:30:48.140,3.419,20000
2020-09-21 09:30:48.370,3.418,3000
2020-09-21 09:30:48.430,3.419,3200
2020-09-21 09:30:48.430,3.419,5100
2020-09-21 09:30:48.430,3.419,6800
2020-09-21 09:30:48.430,3.419,500
2020-09-21 09:30:48.430,3.419,5000
2020-09-21 09:30:48.430,3.419,9400
2020-09-21 09:30:48.430,3.419,600
2020-09-21 09:30:48.430,3.419,29400
2020-09-21 09:30:48.430,3.419,20000
2020-09-21 09:30:48.430,3.419,30000
2020-09-21 09:30:48.430,3.419,30000
2020-09-21 09:30:48.430,3.419,30000
2020-09-21 09:30:48.430,3.419,30000
2020-09-21 09:30:48.430,3.419,30000
2020-09-21 09:30:49.630,3.419,100000
2020-09-21 09:30:49.660,3.418,30500
2020-09-21 09:30:49.910,3.418,266500
2020-09-21 09:30:49.910,3.418,4200
2020-09-21 09:30:50.210,3.418,55800
2020-09-21 09:30:50.350,3.418,23400
2020-09-21 09:30:50.780,3.417,47200
2020-09-21 09:30:50.780,3.417,3000
2020-09-21 09:30:50.780,3.417,2000
2020-09-21 09:30:50.780,3.417,900
2020-09-21 09:30:50.780,3.417,800
2020-09-21 09:30:50.780,3.417,1100
2020-09-21 09:30:50.780,3.417,148700
2020-09-21 09:30:51.220,3.418,50000
2020-09-21 09:30:51.220,3.418,50000
2020-09-21 09:30:51.220,3.418,50000
2020-09-21 09:30:51.220,3.418,40000
2020-09-21 09:30:51.220,3.418,50000
2020-09-21 09:30:51.220,3.418,30000
2020-09-21 09:30:51.220,3.418,30000
2020-09-21 09:30:51.220,3.418,50000
2020-09-21 09:30:51.220,3.418,10000
2020-09-21 09:30:51.220,3.418,50000
2020-09-21 09:30:51.220,3.418,20000
2020-09-21 09:30:51.220,3.418,10000
2020-09-21 09:30:51.220,3.418,40000
2020-09-21 09:30:51.220,3.418,50000
2020-09-21 09:30:51.220,3.418,50000
2020-09-21 09:30:51.220,3.418,50000
2020-09-21 09:30:51.220,3.418,20000
2020-09-21 09:30:51.280,3.418,3600
2020-09-21 09:30:51.790,3.417,1000
2020-09-21 09:30:51.790,3.418,7800
2020-09-21 09:30:52.160,3.417,30000
2020-09-21 09:30:53.240,3.418,100
2020-09-21 09:30:53.700,3.417,39400
2020-09-21 09:30:53.820,3.417,300
2020-09-21 09:30:53.820,3.418,16700
2020-09-21 09:30:54.060,3.417,1000
2020-09-21 09:30:54.180,3.418,50000
2020-09-21 09:30:54.180,3.418,50000
2020-09-21 09:30:54.180,3.418,10000
2020-09-21 09:30:54.620,3.418,10000
2020-09-21 09:30:55.170,3.418,5000
2020-09-21 09:30:55.450,3.417,79600
2020-09-21 09:30:55.450,3.417,1000
2020-09-21 09:30:55.450,3.417,60000
2020-09-21 09:30:55.450,3.417,29200
2020-09-21 09:30:55.450,3.417,5000
2020-09-21 09:30:55.450,3.417,30000
2020-09-21 09:30:55.450,3.417,100000
2020-09-21 09:30:55.450,3.417,10000
2020-09-21 09:30:55.480,3.416,4500
2020-09-21 09:30:56.100,3.417,58700
2020-09-21 09:30:56.130,3.417,1100
2020-09-21 09:30:56.730,3.417,60000
2020-09-21 09:30:56.930,3.417,20000
2020-09-21 09:30:57.160,3.417,40000
2020-09-21 09:30:57.160,3.417,50000
2020-09-21 09:30:57.160,3.417,50000
2020-09-21 09:30:57.160,3.417,50000
2020-09-21 09:30:57.160,3.417,50000
2020-09-21 09:30:57.160,3.417,40000
2020-09-21 09:30:57.160,3.417,50000
2020-09-21 09:30:57.160,3.417,50000
2020-09-21 09:30:57.160,3.417,20000
2020-09-21 09:30:57.160,3.417,30000
2020-09-21 09:30:57.160,3.417,15400
2020-09-21 09:30:57.160,3.417,24600
2020-09-21 09:30:58.000,3.417,17500
2020-09-21 09:30:58.100,3.416,24000
2020-09-21 09:30:58.100,3.416,1400
2020-09-21 09:30:58.100,3.416,3000
2020-09-21 09:30:58.100,3.416,27400
2020-09-21 09:30:58.100,3.416,1000
2020-09-21 09:30:58.100,3.416,500
2020-09-21 09:30:58.100,3.416,6000
2020-09-21 09:30:58.100,3.416,600
2020-09-21 09:30:58.100,3.416,36100
2020-09-21 09:30:58.680,3.417,81600
2020-09-21 09:30:58.680,3.417,500
2020-09-21 09:30:58.680,3.417,3000
2020-09-21 09:30:58.680,3.418,2300
2020-09-21 09:30:58.840,3.416,600
2020-09-21 09:30:59.290,3.418,10000
2020-09-21 09:30:59.380,3.418,3000
2020-09-21 09:30:59.440,3.416,10000
2020-09-21 09:30:59.440,3.416,20000
2020-09-21 09:30:59.570,3.418,2300
2020-09-21 09:30:59.570,3.418,700
2020-09-21 09:30:59.750,3.417,3000
2020-09-21 09:30:59.750,3.416,27000
2020-09-21 09:31:00.090,3.418,50000
2020-09-21 09:31:00.130,3.417,2900
2020-09-21 09:31:00.130,3.417,2000
2020-09-21 09:31:00.190,3.417,1100
2020-09-21 09:31:00.190,3.418,900
2020-09-21 09:31:00.220,3.418,50000
2020-09-21 09:31:00.220,3.418,50000
2020-09-21 09:31:00.220,3.418,10000
2020-09-21 09:31:00.380,3.416,13000
2020-09-21 09:31:00.910,3.415,5000
2020-09-21 09:31:00.910,3.415,5000
2020-09-21 09:31:00.910,3.415,2000
2020-09-21 09:31:00.910,3.415,2000
2020-09-21 09:31:00.910,3.415,3000
2020-09-21 09:31:00.910,3.415,13000
2020-09-21 09:31:01.200,3.417,2900
2020-09-21 09:31:01.200,3.418,100
2020-09-21 09:31:01.740,3.416,1900
2020-09-21 09:31:01.740,3.417,2200
2020-09-21 09:31:02.040,3.418,15000
2020-09-21 09:31:02.310,3.417,18000
2020-09-21 09:31:02.340,3.417,30000
2020-09-21 09:31:02.460,3.418,23300
2020-09-21 09:31:02.460,3.418,200
2020-09-21 09:31:02.460,3.418,7200
2020-09-21 09:31:02.460,3.418,4500
2020-09-21 09:31:02.460,3.418,300
2020-09-21 09:31:02.460,3.418,64500
2020-09-21 09:31:02.490,3.417,2000
2020-09-21 09:31:02.520,3.417,5900
2020-09-21 09:31:02.680,3.417,22000
2020-09-21 09:31:03.140,3.416,30000
2020-09-21 09:31:03.140,3.416,10000
2020-09-21 09:31:03.200,3.416,5000
2020-09-21 09:31:03.300,3.416,3000
2020-09-21 09:31:03.390,3.416,2000
2020-09-21 09:31:03.390,3.417,700
2020-09-21 09:31:04.280,3.416,809200
2020-09-21 09:31:04.700,3.416,500
2020-09-21 09:31:04.760,3.415,157500
2020-09-21 09:31:04.760,3.415,10000
2020-09-21 09:31:04.760,3.415,20000
2020-09-21 09:31:04.760,3.415,20000
2020-09-21 09:31:04.760,3.415,60000
2020-09-21 09:31:04.830,3.415,300000
2020-09-21 09:31:05.020,3.415,138700
2020-09-21 09:31:05.420,3.415,40000
2020-09-21 09:31:05.820,3.415,60000
2020-09-21 09:31:05.820,3.415,2000
2020-09-21 09:31:05.910,3.415,5000
2020-09-21 09:31:06.370,3.414,43000
2020-09-21 09:31:06.370,3.414,5300
2020-09-21 09:31:06.370,3.414,50600
2020-09-21 09:31:06.710,3.414,6400
2020-09-21 09:31:06.920,3.415,20000
2020-09-21 09:31:07.410,3.415,2000
2020-09-21 09:31:07.540,3.415,3000
2020-09-21 09:31:08.430,3.415,30000
2020-09-21 09:31:09.620,3.415,3000
2020-09-21 09:31:10.410,3.415,29100
2020-09-21 09:31:10.410,3.415,10900
2020-09-21 09:31:10.410,3.414,13700
2020-09-21 09:31:10.590,3.415,10000
2020-09-21 09:31:10.730,3.414,700
2020-09-21 09:31:10.890,3.414,7400
2020-09-21 09:31:10.950,3.415,9100
2020-09-21 09:31:10.950,3.415,900
2020-09-21 09:31:11.170,3.414,4000
2020-09-21 09:31:11.450,3.415,800
2020-09-21 09:31:11.900,3.414,8000
2020-09-21 09:31:11.990,3.415,300
2020-09-21 09:31:11.990,3.414,100
2020-09-21 09:31:12.220,3.415,50000
2020-09-21 09:31:12.220,3.415,50000
2020-09-21 09:31:12.220,3.415,50000
2020-09-21 09:31:12.220,3.415,50000
2020-09-21 09:31:12.220,3.415,50000
2020-09-21 09:31:12.220,3.415,50000
2020-09-21 09:31:12.220,3.415,40000
2020-09-21 09:31:12.220,3.415,50000
2020-09-21 09:31:12.220,3.415,50000
2020-09-21 09:31:12.220,3.415,50000
2020-09-21 09:31:12.220,3.415,50000
2020-09-21 09:31:12.220,3.415,40000
2020-09-21 09:31:12.220,3.415,30000
2020-09-21 09:31:12.220,3.415,50000
2020-09-21 09:31:12.220,3.415,10000
2020-09-21 09:31:12.220,3.415,50000
2020-09-21 09:31:12.350,3.415,178000
2020-09-21 09:31:12.350,3.415,2000
2020-09-21 09:31:12.350,3.415,100
2020-09-21 09:31:12.350,3.416,29200
2020-09-21 09:31:12.350,3.416,800
2020-09-21 09:31:12.350,3.416,10000
2020-09-21 09:31:12.420,3.416,1700
2020-09-21 09:31:12.480,3.416,78200
2020-09-21 09:31:12.480,3.414,209100
2020-09-21 09:31:12.480,3.414,2500
2020-09-21 09:31:12.480,3.414,100
2020-09-21 09:31:12.480,3.414,100
2020-09-21 09:31:12.480,3.414,100
2020-09-21 09:31:12.480,3.414,100
2020-09-21 09:31:12.480,3.414,100
2020-09-21 09:31:12.480,3.414,100
2020-09-21 09:31:12.480,3.414,100
2020-09-21 09:31:12.480,3.414,100
2020-09-21 09:31:12.480,3.414,100
2020-09-21 09:31:12.480,3.414,100
2020-09-21 09:31:12.480,3.414,100
2020-09-21 09:31:12.480,3.414,100
2020-09-21 09:31:12.480,3.414,100
2020-09-21 09:31:12.480,3.414,100
2020-09-21 09:31:12.480,3.414,100
2020-09-21 09:31:12.480,3.414,100
2020-09-21 09:31:12.480,3.414,100
2020-09-21 09:31:12.480,3.414,100
2020-09-21 09:31:12.480,3.414,100
2020-09-21 09:31:12.480,3.414,100
2020-09-21 09:31:12.480,3.414,100
2020-09-21 09:31:12.480,3.414,100
2020-09-21 09:31:12.480,3.414,100
2020-09-21 09:31:12.480,3.414,100
2020-09-21 09:31:12.480,3.414,100
2020-09-21 09:31:12.480,3.414,100
2020-09-21 09:31:12.480,3.414,100
2020-09-21 09:31:12.480,3.414,100
2020-09-21 09:31:12.480,3.414,100
2020-09-21 09:31:12.480,3.414,100
2020-09-21 09:31:12.480,3.414,100
2020-09-21 09:31:12.480,3.414,100
2020-09-21 09:31:12.480,3.414,100
2020-09-21 09:31:12.480,3.414,100
2020-09-21 09:31:12.480,3.414,100
2020-09-21 09:31:12.480,3.414,100
2020-09-21 09:31:12.480,3.414,100
2020-09-21 09:31:12.480,3.414,100
2020-09-21 09:31:12.480,3.414,100
2020-09-21 09:31:12.480,3.414,100
2020-09-21 09:31:12.480,3.414,100
2020-09-21 09:31:12.480,3.414,100
2020-09-21 09:31:12.480,3.414,100
2020-09-21 09:31:12.480,3.414,100
2020-09-21 09:31:12.480,3.414,100
2020-09-21 09:31:12.480,3.414,100
2020-09-21 09:31:12.480,3.414,100
2020-09-21 09:31:12.480,3.414,100
2020-09-21 09:31:12.480,3.414,100
2020-09-21 09:31:12.480,3.414,100
2020-09-21 09:31:12.480,3.414,100
2020-09-21 09:31:12.480,3.414,100
2020-09-21 09:31:12.480,3.414,100
2020-09-21 09:31:12.480,3.414,100
2020-09-21 09:31:12.480,3.414,100
2020-09-21 09:31:12.480,3.414,100
2020-09-21 09:31:12.480,3.414,100
2020-09-21 09:31:12.480,3.414,100
2020-09-21 09:31:12.480,3.414,100
2020-09-21 09:31:12.480,3.414,100
2020-09-21 09:31:12.480,3.414,100
2020-09-21 09:31:12.480,3.414,100
2020-09-21 09:31:12.480,3.414,100
2020-09-21 09:31:12.480,3.414,100
2020-09-21 09:31:12.480,3.414,100
2020-09-21 09:31:12.480,3.414,100
2020-09-21 09:31:12.480,3.414,100
2020-09-21 09:31:12.480,3.414,100
2020-09-21 09:31:12.480,3.414,100
2020-09-21 09:31:12.480,3.414,100
2020-09-21 09:31:12.480,3.414,100
2020-09-21 09:31:12.480,3.414,100
2020-09-21 09:31:12.480,3.414,100
2020-09-21 09:31:12.480,3.414,100
2020-09-21 09:31:12.480,3.414,100
2020-09-21 09:31:12.480,3.414,100
2020-09-21 09:31:12.480,3.414,100
2020-09-21 09:31:12.480,3.414,100
2020-09-21 09:31:12.480,3.414,100
2020-09-21 09:31:12.480,3.414,100
2020-09-21 09:31:12.480,3.414,100
2020-09-21 09:31:12.480,3.414,100
2020-09-21 09:31:12.480,3.414,100
2020-09-21 09:31:12.480,3.414,100
2020-09-21 09:31:12.480,3.414,100
2020-09-21 09:31:12.480,3.414,100
2020-09-21 09:31:12.480,3.414,100
2020-09-21 09:31:12.480,3.414,100
2020-09-21 09:31:12.480,3.414,100
2020-09-21 09:31:12.480,3.414,100
2020-09-21 09:31:12.480,3.414,3000
2020-09-21 09:31:12.480,3.414,200
2020-09-21 09:31:12.480,3.414,400
2020-09-21 09:31:12.480,3.414,1500
2020-09-21 09:31:12.480,3.414,20000
2020-09-21 09:31:12.480,3.414,60000
2020-09-21 09:31:12.480,3.414,30000
2020-09-21 09:31:12.480,3.414,30000
2020-09-21 09:31:12.480,3.414,40000
2020-09-21 09:31:13.060,3.414,10000
2020-09-21 09:31:13.340,3.414,6100
2020-09-21 09:31:13.370,3.415,1000
2020-09-21 09:31:13.530,3.415,2900
2020-09-21 09:31:13.530,3.413,4100
2020-09-21 09:31:13.530,3.413,29300
2020-09-21 09:31:13.530,3.413,10000
2020-09-21 09:31:13.530,3.413,10000
2020-09-21 09:31:13.530,3.413,10000
2020-09-21 09:31:13.530,3.413,3000
2020-09-21 09:31:13.530,3.413,4000
2020-09-21 09:31:13.530,3.413,3000
2020-09-21 09:31:13.530,3.413,2000
2020-09-21 09:31:13.530,3.413,1000
2020-09-21 09:31:13.530,3.413,20000
2020-09-21 09:31:13.530,3.413,300000
2020-09-21 09:31:13.530,3.413,40000
2020-09-21 09:31:13.530,3.413,40000
2020-09-21 09:31:13.530,3.413,30000
2020-09-21 09:31:13.530,3.413,30000
2020-09-21 09:31:13.850,3.413,60000
2020-09-21 09:31:13.970,3.412,7500
2020-09-21 09:31:13.970,3.412,1000
2020-09-21 09:31:13.970,3.412,1300
2020-09-21 09:31:14.430,3.412,3700
2020-09-21 09:31:14.430,3.412,6300
2020-09-21 09:31:14.620,3.413,100
2020-09-21 09:31:14.680,3.413,600
2020-09-21 09:31:14.680,3.414,4400
2020-09-21 09:31:14.770,3.414,500
2020-09-21 09:31:14.770,3.414,5700
2020-09-21 09:31:14.770,3.414,1800
2020-09-21 09:31:15.050,3.414,9000
2020-09-21 09:31:15.410,3.414,200
2020-09-21 09:31:15.470,3.414,100
2020-09-21 09:31:15.810,3.414,42700
2020-09-21 09:31:15.810,3.414,7300
2020-09-21 09:31:15.810,3.415,1500
2020-09-21 09:31:15.810,3.416,4000
2020-09-21 09:31:15.810,3.416,4500
2020-09-21 09:31:16.410,3.415,3000
2020-09-21 09:31:16.470,3.415,5000
2020-09-21 09:31:16.660,3.415,2000
2020-09-21 09:31:16.660,3.414,1500
2020-09-21 09:31:16.660,3.413,14200
2020-09-21 09:31:16.690,3.415,3300
2020-09-21 09:31:17.100,3.416,500
2020-09-21 09:31:17.100,3.416,237700
2020-09-21 09:31:17.100,3.417,61800
2020-09-21 09:31:17.500,3.415,30000
2020-09-21 09:31:17.870,3.415,27400
2020-09-21 09:31:17.870,3.415,29600
2020-09-21 09:31:18.000,3.415,5000
2020-09-21 09:31:18.090,3.415,2800
2020-09-21 09:31:18.190,3.417,10000
2020-09-21 09:31:18.800,3.415,3000
2020-09-21 09:31:18.880,3.416,700
2020-09-21 09:31:18.880,3.417,9300
2020-09-21 09:31:19.030,3.415,9000
2020-09-21 09:31:19.160,3.415,63300
2020-09-21 09:31:19.350,3.415,48900
2020-09-21 09:31:19.350,3.415,21500
2020-09-21 09:31:19.630,3.415,56200
2020-09-21 09:31:19.630,3.415,10000
2020-09-21 09:31:19.630,3.415,13000
2020-09-21 09:31:19.630,3.415,71100
2020-09-21 09:31:19.760,3.415,15000
2020-09-21 09:31:20.090,3.416,18600
2020-09-21 09:31:20.090,3.415,213900
2020-09-21 09:31:20.090,3.415,3200
2020-09-21 09:31:20.090,3.415,10000
2020-09-21 09:31:20.090,3.415,10000
2020-09-21 09:31:20.090,3.414,2900
2020-09-21 09:31:20.280,3.414,20000
2020-09-21 09:31:20.690,3.414,2500
2020-09-21 09:31:20.710,3.413,1000
2020-09-21 09:31:21.030,3.414,18900
2020-09-21 09:31:21.030,3.415,24100
2020-09-21 09:31:21.560,3.415,700
2020-09-21 09:31:21.660,3.414,3500
2020-09-21 09:31:22.100,3.414,6500
2020-09-21 09:31:22.100,3.413,2000
2020-09-21 09:31:22.100,3.413,58600
2020-09-21 09:31:22.100,3.412,3700
2020-09-21 09:31:22.100,3.412,1000
2020-09-21 09:31:22.100,3.412,28200
2020-09-21 09:31:22.260,3.415,1600
2020-09-21 09:31:22.830,3.412,25700
2020-09-21 09:31:22.830,3.412,500
2020-09-21 09:31:22.830,3.412,3800
2020-09-21 09:31:24.090,3.414,3000
2020-09-21 09:31:24.090,3.412,6200
2020-09-21 09:31:24.090,3.412,2500
2020-09-21 09:31:24.090,3.412,200
2020-09-21 09:31:24.150,3.415,20000
2020-09-21 09:31:24.150,3.415,30000
2020-09-21 09:31:24.150,3.415,13900
2020-09-21 09:31:24.150,3.415,100
2020-09-21 09:31:24.150,3.415,200
2020-09-21 09:31:24.150,3.415,1000
2020-09-21 09:31:24.150,3.415,14800
2020-09-21 09:31:24.150,3.415,15200
2020-09-21 09:31:24.150,3.415,14800
2020-09-21 09:31:24.150,3.415,30000
2020-09-21 09:31:24.860,3.414,300
2020-09-21 09:31:25.100,3.413,7000
2020-09-21 09:31:25.100,3.413,5000
2020-09-21 09:31:25.290,3.413,500
2020-09-21 09:31:25.580,3.412,29800
2020-09-21 09:31:25.580,3.412,11400
2020-09-21 09:31:25.580,3.412,200
2020-09-21 09:31:25.580,3.412,8600
2020-09-21 09:31:25.730,3.413,1000
2020-09-21 09:31:25.730,3.413,6300
2020-09-21 09:31:25.880,3.413,1300
2020-09-21 09:31:25.940,3.413,6300
2020-09-21 09:31:26.990,3.413,30000
2020-09-21 09:31:27.430,3.413,1000
2020-09-21 09:31:27.900,3.413,20000
2020-09-21 09:31:28.140,3.414,2900
2020-09-21 09:31:28.230,3.413,5000
2020-09-21 09:31:28.730,3.413,500
2020-09-21 09:31:28.860,3.413,39500
2020-09-21 09:31:28.860,3.413,50000
2020-09-21 09:31:28.920,3.414,4500
2020-09-21 09:31:30.180,3.414,2600
2020-09-21 09:31:30.180,3.414,27000
2020-09-21 09:31:30.180,3.414,400
2020-09-21 09:31:30.300,3.413,5400
2020-09-21 09:31:30.780,3.413,44600
2020-09-21 09:31:30.810,3.413,1000
2020-09-21 09:31:31.300,3.413,1000
2020-09-21 09:31:32.140,3.412,15200
2020-09-21 09:31:32.140,3.412,10000
2020-09-21 09:31:32.140,3.412,9600
2020-09-21 09:31:32.350,3.413,1000
2020-09-21 09:31:32.350,3.413,40000
2020-09-21 09:31:32.380,3.413,12400
2020-09-21 09:31:32.380,3.413,7600
2020-09-21 09:31:32.380,3.413,10000
2020-09-21 09:31:32.440,3.413,1800
2020-09-21 09:31:32.440,3.413,200
2020-09-21 09:31:32.440,3.413,4100
2020-09-21 09:31:32.440,3.414,3900
2020-09-21 09:31:33.190,3.413,21100
2020-09-21 09:31:33.390,3.413,2000
2020-09-21 09:31:33.770,3.413,8000
2020-09-21 09:31:33.800,3.414,5700
2020-09-21 09:31:33.800,3.414,1500
2020-09-21 09:31:33.800,3.414,3500
2020-09-21 09:31:33.990,3.415,800
2020-09-21 09:31:33.990,3.415,9200
2020-09-21 09:31:34.020,3.414,10000
2020-09-21 09:31:34.200,3.414,600
2020-09-21 09:31:34.700,3.414,1000
2020-09-21 09:31:34.840,3.415,800
2020-09-21 09:31:34.840,3.415,29000
2020-09-21 09:31:34.840,3.415,19100
2020-09-21 09:31:34.880,3.415,52000
2020-09-21 09:31:34.880,3.415,300
2020-09-21 09:31:35.020,3.415,1000
2020-09-21 09:31:35.630,3.415,6000
2020-09-21 09:31:36.090,3.415,191800
2020-09-21 09:31:36.090,3.415,200
2020-09-21 09:31:36.090,3.414,208000
2020-09-21 09:31:36.120,3.414,69700
2020-09-21 09:31:36.120,3.414,59700
2020-09-21 09:31:37.610,3.415,5000
2020-09-21 09:31:37.990,3.415,34900
2020-09-21 09:31:37.990,3.415,3300
2020-09-21 09:31:37.990,3.414,28800
2020-09-21 09:31:38.140,3.414,800
2020-09-21 09:31:38.270,3.414,91500
2020-09-21 09:31:40.320,3.414,10000
2020-09-21 09:31:41.960,3.414,100000
2020-09-21 09:31:42.670,3.414,9200
2020-09-21 09:31:42.670,3.414,9700
2020-09-21 09:31:42.840,3.414,600
2020-09-21 09:31:43.300,3.414,3000
2020-09-21 09:31:43.480,3.414,4000
2020-09-21 09:31:44.210,3.414,2500
2020-09-21 09:31:44.240,3.414,30200
2020-09-21 09:31:44.240,3.414,800
2020-09-21 09:31:44.240,3.414,17500
2020-09-21 09:31:44.240,3.414,9300
2020-09-21 09:31:44.500,3.414,1800
2020-09-21 09:31:44.500,3.414,3400
2020-09-21 09:31:44.600,3.413,2000
2020-09-21 09:31:44.630,3.414,2000
2020-09-21 09:31:45.160,3.414,1700
2020-09-21 09:31:45.160,3.414,28300
2020-09-21 09:31:45.160,3.414,10000
2020-09-21 09:31:45.160,3.414,20000
2020-09-21 09:31:45.160,3.414,30000
2020-09-21 09:31:45.160,3.414,30000
2020-09-21 09:31:46.890,3.414,1000
2020-09-21 09:31:47.470,3.414,1000
2020-09-21 09:31:47.470,3.413,1000
2020-09-21 09:31:47.470,3.413,2000
2020-09-21 09:31:47.470,3.413,2000
2020-09-21 09:31:47.640,3.413,2300
2020-09-21 09:31:47.640,3.413,3900
2020-09-21 09:31:47.640,3.413,1000
2020-09-21 09:31:47.850,3.413,2000
2020-09-21 09:31:48.120,3.413,30000
2020-09-21 09:31:48.460,3.412,400
2020-09-21 09:31:48.460,3.412,5600
2020-09-21 09:31:48.650,3.413,300
2020-09-21 09:31:49.170,3.412,23300
2020-09-21 09:31:49.230,3.413,16000
2020-09-21 09:31:49.330,3.414,14600
2020-09-21 09:31:49.660,3.414,10100
2020-09-21 09:31:50.040,3.412,33100
2020-09-21 09:31:50.110,3.414,5000
2020-09-21 09:31:50.110,3.414,1500
2020-09-21 09:31:50.110,3.414,36300
2020-09-21 09:31:50.110,3.414,2000
2020-09-21 09:31:50.110,3.414,5700
2020-09-21 09:31:50.500,3.414,400
2020-09-21 09:31:50.530,3.414,3000
2020-09-21 09:31:51.740,3.414,700
2020-09-21 09:31:51.740,3.414,3000
2020-09-21 09:31:53.020,3.412,30000
2020-09-21 09:31:53.460,3.414,2000
2020-09-21 09:31:53.590,3.414,284000
2020-09-21 09:31:53.620,3.414,246100
2020-09-21 09:31:54.100,3.413,6700
2020-09-21 09:31:54.720,3.413,5000
2020-09-21 09:31:55.060,3.413,500
2020-09-21 09:31:56.870,3.414,300
2020-09-21 09:31:56.870,3.414,20000
2020-09-21 09:31:56.870,3.414,20000
2020-09-21 09:31:57.060,3.413,14000
2020-09-21 09:31:57.060,3.413,96800
2020-09-21 09:31:57.120,3.414,50000
2020-09-21 09:31:57.120,3.414,50000
2020-09-21 09:31:57.190,3.414,30000
2020-09-21 09:31:57.190,3.414,30000
2020-09-21 09:31:57.190,3.414,30000
2020-09-21 09:31:57.190,3.414,50000
2020-09-21 09:31:57.190,3.414,10000
2020-09-21 09:31:57.190,3.414,50000
2020-09-21 09:31:57.190,3.414,23900
2020-09-21 09:31:57.190,3.414,6100
2020-09-21 09:31:57.190,3.414,30000
2020-09-21 09:31:57.190,3.414,20000
2020-09-21 09:31:57.190,3.414,20000
2020-09-21 09:31:57.190,3.414,30000
2020-09-21 09:31:57.190,3.414,30000
2020-09-21 09:31:57.190,3.414,1000
2020-09-21 09:31:57.190,3.414,50000
2020-09-21 09:31:57.190,3.414,30000
2020-09-21 09:31:57.190,3.414,50000
2020-09-21 09:31:57.190,3.414,30000
2020-09-21 09:31:57.190,3.414,30000
2020-09-21 09:31:57.190,3.414,30000
2020-09-21 09:31:57.190,3.414,10000
2020-09-21 09:31:57.190,3.414,50000
2020-09-21 09:31:57.190,3.414,30000
2020-09-21 09:31:57.190,3.414,30000
2020-09-21 09:31:57.190,3.414,50000
2020-09-21 09:31:57.190,3.414,50000
2020-09-21 09:31:57.190,3.414,10000
2020-09-21 09:31:57.250,3.414,30000
2020-09-21 09:31:57.250,3.414,50000
2020-09-21 09:31:57.250,3.414,30000
2020-09-21 09:31:57.250,3.414,30000
2020-09-21 09:31:57.250,3.414,30000
2020-09-21 09:31:57.250,3.414,50000
2020-09-21 09:31:57.250,3.414,30000
2020-09-21 09:31:57.250,3.414,50000
2020-09-21 09:31:57.250,3.414,13900
2020-09-21 09:31:57.250,3.414,16100
2020-09-21 09:31:57.250,3.414,20900
2020-09-21 09:31:57.250,3.414,9100
2020-09-21 09:31:57.250,3.414,10900
2020-09-21 09:31:57.250,3.414,9500
2020-09-21 09:31:57.250,3.414,9600
2020-09-21 09:31:57.250,3.414,20000
2020-09-21 09:31:57.250,3.414,400
2020-09-21 09:31:57.250,3.414,1300
2020-09-21 09:31:57.250,3.414,28300
2020-09-21 09:31:57.250,3.414,30000
2020-09-21 09:31:57.250,3.414,30000
2020-09-21 09:31:57.250,3.414,20000
2020-09-21 09:31:57.250,3.414,30000
2020-09-21 09:31:57.250,3.414,50000
2020-09-21 09:31:57.250,3.414,30000
2020-09-21 09:31:57.250,3.414,30000
2020-09-21 09:31:57.250,3.414,10000
2020-09-21 09:31:57.250,3.414,50000
2020-09-21 09:31:59.210,3.414,1000
2020-09-21 09:31:59.240,3.413,15000
2020-09-21 09:31:59.240,3.414,6200
2020-09-21 09:31:59.240,3.414,4000
2020-09-21 09:31:59.240,3.414,4000
2020-09-21 09:31:59.240,3.414,3800
2020-09-21 09:31:59.240,3.414,900
2020-09-21 09:31:59.240,3.415,1100
2020-09-21 09:31:59.340,3.415,10000
2020-09-21 09:31:59.960,3.414,4000
2020-09-21 09:32:00.580,3.414,13800
2020-09-21 09:32:00.930,3.415,50000
2020-09-21 09:32:00.930,3.415,30000
2020-09-21 09:32:00.990,3.414,1000
2020-09-21 09:32:01.020,3.414,1200
2020-09-21 09:32:01.200,3.413,400
2020-09-21 09:32:01.230,3.414,2000
2020-09-21 09:32:01.350,3.413,500
2020-09-21 09:32:01.450,3.413,161100
2020-09-21 09:32:01.450,3.413,3000
2020-09-21 09:32:01.450,3.413,1000
2020-09-21 09:32:01.450,3.413,20000
2020-09-21 09:32:01.450,3.413,7000
2020-09-21 09:32:01.450,3.413,20000
2020-09-21 09:32:01.450,3.413,5700
2020-09-21 09:32:01.900,3.413,3000
2020-09-21 09:32:02.000,3.413,1000
2020-09-21 09:32:02.090,3.413,78200
2020-09-21 09:32:02.160,3.413,100
2020-09-21 09:32:02.690,3.413,25900
2020-09-21 09:32:02.790,3.414,16800
2020-09-21 09:32:02.790,3.414,300
2020-09-21 09:32:02.790,3.414,2000
2020-09-21 09:32:02.790,3.414,900
2020-09-21 09:32:02.880,3.414,19100
2020-09-21 09:32:02.880,3.414,900
2020-09-21 09:32:02.920,3.413,1000
2020-09-21 09:32:03.190,3.414,50000
2020-09-21 09:32:03.250,3.413,600
2020-09-21 09:32:03.250,3.414,10000
2020-09-21 09:32:03.250,3.414,50000
2020-09-21 09:32:03.250,3.414,10000
2020-09-21 09:32:03.250,3.414,20000
2020-09-21 09:32:03.250,3.414,50000
2020-09-21 09:32:03.250,3.414,50000
2020-09-21 09:32:03.380,3.413,42500
2020-09-21 09:32:03.750,3.414,3000
2020-09-21 09:32:05.200,3.414,20000
2020-09-21 09:32:05.240,3.414,20000
2020-09-21 09:32:05.450,3.413,10000
2020-09-21 09:32:06.240,3.414,16200
2020-09-21 09:32:06.240,3.414,5000
2020-09-21 09:32:06.240,3.414,8800
2020-09-21 09:32:06.240,3.414,8600
2020-09-21 09:32:06.240,3.414,41400
2020-09-21 09:32:06.240,3.414,30000
2020-09-21 09:32:06.240,3.414,30000
2020-09-21 09:32:06.240,3.414,50000
2020-09-21 09:32:06.570,3.414,1000
2020-09-21 09:32:06.700,3.413,100
2020-09-21 09:32:06.700,3.413,1900
2020-09-21 09:32:06.700,3.413,1000
2020-09-21 09:32:07.750,3.413,7100
2020-09-21 09:32:07.750,3.413,17200
2020-09-21 09:32:08.970,3.413,100
2020-09-21 09:32:09.780,3.414,20000
2020-09-21 09:32:10.240,3.413,2700
2020-09-21 09:32:10.240,3.413,600
2020-09-21 09:32:10.240,3.413,5000
2020-09-21 09:32:10.240,3.413,39700
2020-09-21 09:32:10.400,3.413,3500
2020-09-21 09:32:11.200,3.413,1000
2020-09-21 09:32:11.290,3.414,20000
2020-09-21 09:32:11.320,3.413,5000
2020-09-21 09:32:12.090,3.413,200
2020-09-21 09:32:12.300,3.413,50600
2020-09-21 09:32:13.110,3.413,9800
2020-09-21 09:32:13.110,3.414,4100
2020-09-21 09:32:14.300,3.413,20000
2020-09-21 09:32:14.330,3.413,20000
2020-09-21 09:32:14.400,3.413,10000
2020-09-21 09:32:14.400,3.413,100
2020-09-21 09:32:14.400,3.413,100
2020-09-21 09:32:14.400,3.413,29800
2020-09-21 09:32:14.860,3.412,4100
2020-09-21 09:32:14.930,3.413,10000
2020-09-21 09:32:15.050,3.413,1000
2020-09-21 09:32:15.200,3.413,50000
2020-09-21 09:32:15.200,3.413,50000
2020-09-21 09:32:15.200,3.413,50000
2020-09-21 09:32:15.200,3.413,10000
2020-09-21 09:32:15.200,3.413,50000
2020-09-21 09:32:17.290,3.413,20000
2020-09-21 09:32:17.290,3.413,20000
2020-09-21 09:32:17.410,3.412,37200
2020-09-21 09:32:17.510,3.413,6100
2020-09-21 09:32:17.540,3.413,300
2020-09-21 09:32:17.880,3.412,10000
2020-09-21 09:32:18.180,3.413,2800
2020-09-21 09:32:18.180,3.413,7200
2020-09-21 09:32:19.680,3.412,100
2020-09-21 09:32:19.680,3.413,2800
2020-09-21 09:32:19.680,3.413,2000
2020-09-21 09:32:19.680,3.413,500
2020-09-21 09:32:19.680,3.413,100
2020-09-21 09:32:19.680,3.413,200
2020-09-21 09:32:19.680,3.413,3000
2020-09-21 09:32:19.680,3.413,3000
2020-09-21 09:32:19.900,3.412,11400
2020-09-21 09:32:20.380,3.412,10400
2020-09-21 09:32:20.800,3.413,500
2020-09-21 09:32:20.800,3.412,1400
2020-09-21 09:32:21.190,3.413,2500
2020-09-21 09:32:21.190,3.413,12200
2020-09-21 09:32:21.190,3.413,1000
2020-09-21 09:32:21.190,3.413,14300
2020-09-21 09:32:21.190,3.413,20000
2020-09-21 09:32:21.280,3.412,9800
2020-09-21 09:32:21.430,3.412,500
2020-09-21 09:32:21.850,3.412,624900
2020-09-21 09:32:21.960,3.412,4900
2020-09-21 09:32:22.420,3.412,193200
2020-09-21 09:32:22.420,3.412,1100
2020-09-21 09:32:22.420,3.412,10000
2020-09-21 09:32:22.420,3.412,50000
2020-09-21 09:32:22.420,3.412,5000
2020-09-21 09:32:22.420,3.412,100
2020-09-21 09:32:22.420,3.412,20000
2020-09-21 09:32:22.420,3.412,277400
2020-09-21 09:32:22.420,3.412,10000
2020-09-21 09:32:22.420,3.412,10000
2020-09-21 09:32:22.420,3.412,1500
2020-09-21 09:32:22.420,3.412,10000
2020-09-21 09:32:22.420,3.412,10000
2020-09-21 09:32:22.420,3.412,33200
2020-09-21 09:32:22.420,3.412,200
2020-09-21 09:32:22.420,3.412,3100
2020-09-21 09:32:22.420,3.412,500
2020-09-21 09:32:22.420,3.412,500
2020-09-21 09:32:22.420,3.412,1000
2020-09-21 09:32:22.420,3.412,600
2020-09-21 09:32:22.420,3.412,600
2020-09-21 09:32:22.420,3.412,1000
2020-09-21 09:32:22.420,3.412,11900
2020-09-21 09:32:22.420,3.412,12700
2020-09-21 09:32:22.420,3.412,10000
2020-09-21 09:32:22.420,3.412,500
2020-09-21 09:32:22.420,3.412,3000
2020-09-21 09:32:22.420,3.412,10000
2020-09-21 09:32:22.420,3.412,10000
2020-09-21 09:32:22.420,3.412,10000
2020-09-21 09:32:22.420,3.412,40000
2020-09-21 09:32:22.420,3.412,10000
2020-09-21 09:32:22.420,3.412,10000
2020-09-21 09:32:22.420,3.412,10000
2020-09-21 09:32:22.420,3.412,50000
2020-09-21 09:32:22.420,3.412,10000
2020-09-21 09:32:22.420,3.412,600
2020-09-21 09:32:22.420,3.412,20000
2020-09-21 09:32:22.420,3.412,15900
2020-09-21 09:32:22.420,3.412,5000
2020-09-21 09:32:22.420,3.412,10000
2020-09-21 09:32:22.420,3.412,10000
2020-09-21 09:32:22.420,3.412,1400
2020-09-21 09:32:22.450,3.412,2400
2020-09-21 09:32:22.730,3.412,2700
2020-09-21 09:32:22.730,3.412,1000
2020-09-21 09:32:22.730,3.412,3000
2020-09-21 09:32:22.730,3.412,1500
2020-09-21 09:32:22.730,3.412,1000
2020-09-21 09:32:22.730,3.412,40800
2020-09-21 09:32:22.730,3.412,3000
2020-09-21 09:32:23.080,3.412,100
2020-09-21 09:32:23.690,3.413,200
2020-09-21 09:32:23.830,3.413,15400
2020-09-21 09:32:23.830,3.413,100
2020-09-21 09:32:23.830,3.413,4500
2020-09-21 09:32:24.210,3.413,5500
2020-09-21 09:32:24.210,3.413,44500
2020-09-21 09:32:24.210,3.413,5500
2020-09-21 09:32:24.210,3.413,4500
2020-09-21 09:32:24.210,3.413,50000
2020-09-21 09:32:24.210,3.413,50000
2020-09-21 09:32:24.210,3.413,50000
2020-09-21 09:32:24.210,3.413,10000
2020-09-21 09:32:24.210,3.413,50000
2020-09-21 09:32:24.210,3.413,50000
2020-09-21 09:32:24.210,3.413,50000
2020-09-21 09:32:24.210,3.413,10000
2020-09-21 09:32:24.210,3.413,40000
2020-09-21 09:32:24.210,3.413,50000
2020-09-21 09:32:24.210,3.413,20000
2020-09-21 09:32:24.210,3.413,50000
2020-09-21 09:32:24.210,3.413,30000
2020-09-21 09:32:24.210,3.413,50000
2020-09-21 09:32:24.210,3.413,50000
2020-09-21 09:32:24.210,3.413,50000
2020-09-21 09:32:24.210,3.413,40000
2020-09-21 09:32:24.280,3.412,161700
2020-09-21 09:32:24.280,3.412,30000
2020-09-21 09:32:24.280,3.412,500
2020-09-21 09:32:24.280,3.412,1000
2020-09-21 09:32:24.280,3.412,10000
2020-09-21 09:32:24.280,3.412,2000
2020-09-21 09:32:24.280,3.412,4000
2020-09-21 09:32:24.280,3.412,1000
2020-09-21 09:32:24.280,3.412,300000
2020-09-21 09:32:24.280,3.412,20000
2020-09-21 09:32:24.280,3.412,296000
2020-09-21 09:32:24.310,3.412,10000
2020-09-21 09:32:24.400,3.412,1000
2020-09-21 09:32:25.080,3.412,62800
2020-09-21 09:32:25.080,3.412,1500
2020-09-21 09:32:25.080,3.413,195500
2020-09-21 09:32:25.080,3.413,4000
2020-09-21 09:32:25.110,3.413,200000
2020-09-21 09:32:25.440,3.413,5200
2020-09-21 09:32:25.910,3.413,10000
2020-09-21 09:32:26.180,3.413,1300
2020-09-21 09:32:26.680,3.413,70000
2020-09-21 09:32:27.180,3.414,3500
2020-09-21 09:32:27.180,3.414,22500
2020-09-21 09:32:27.180,3.414,10000
2020-09-21 09:32:27.180,3.414,5900
2020-09-21 09:32:27.180,3.414,8100
2020-09-21 09:32:27.180,3.414,50000
2020-09-21 09:32:27.180,3.414,50000
2020-09-21 09:32:27.180,3.414,50000
2020-09-21 09:32:27.180,3.414,50000
2020-09-21 09:32:27.180,3.414,41900
2020-09-21 09:32:27.180,3.414,300
2020-09-21 09:32:27.180,3.414,7800
2020-09-21 09:32:27.180,3.414,50000
2020-09-21 09:32:27.180,3.414,50000
2020-09-21 09:32:27.180,3.414,50000
2020-09-21 09:32:27.180,3.414,50000
2020-09-21 09:32:27.180,3.414,40000
2020-09-21 09:32:27.180,3.414,50000
2020-09-21 09:32:27.180,3.414,20000
2020-09-21 09:32:27.180,3.414,50000
2020-09-21 09:32:27.180,3.414,50000
2020-09-21 09:32:27.180,3.414,50000
2020-09-21 09:32:27.180,3.414,50000
2020-09-21 09:32:27.180,3.414,50000
2020-09-21 09:32:27.180,3.414,40000
2020-09-21 09:32:27.180,3.414,50000
2020-09-21 09:32:27.180,3.414,30000
2020-09-21 09:32:27.700,3.413,500
2020-09-21 09:32:27.890,3.413,200
2020-09-21 09:32:28.580,3.414,1200
2020-09-21 09:32:28.910,3.413,1000
2020-09-21 09:32:29.100,3.413,48000
2020-09-21 09:32:29.100,3.413,20000
2020-09-21 09:32:29.100,3.413,600000
2020-09-21 09:32:29.100,3.413,200000
2020-09-21 09:32:29.190,3.412,5000
2020-09-21 09:32:29.500,3.412,1000
2020-09-21 09:32:29.890,3.412,5000
2020-09-21 09:32:30.200,3.413,30000
2020-09-21 09:32:30.200,3.413,2000
2020-09-21 09:32:30.200,3.413,28000
2020-09-21 09:32:30.200,3.413,10000
2020-09-21 09:32:30.200,3.413,20000
2020-09-21 09:32:30.200,3.413,30000
2020-09-21 09:32:30.200,3.413,40000
2020-09-21 09:32:30.200,3.413,30000
2020-09-21 09:32:30.200,3.413,50000
2020-09-21 09:32:30.200,3.413,50000
2020-09-21 09:32:30.200,3.413,30000
2020-09-21 09:32:30.200,3.413,50000
2020-09-21 09:32:30.200,3.413,10000
2020-09-21 09:32:30.200,3.413,30000
2020-09-21 09:32:30.200,3.413,30000
2020-09-21 09:32:30.200,3.413,50000
2020-09-21 09:32:30.200,3.413,20000
2020-09-21 09:32:30.200,3.413,30000
2020-09-21 09:32:30.200,3.413,10000
2020-09-21 09:32:30.200,3.413,50000
2020-09-21 09:32:30.200,3.413,50000
2020-09-21 09:32:30.200,3.413,50000
2020-09-21 09:32:30.200,3.413,30000
2020-09-21 09:32:30.200,3.413,40000
2020-09-21 09:32:30.200,3.413,50000
2020-09-21 09:32:30.200,3.413,50000
2020-09-21 09:32:30.200,3.413,50000
2020-09-21 09:32:30.200,3.413,12000
2020-09-21 09:32:30.200,3.413,38000
2020-09-21 09:32:30.200,3.413,50000
2020-09-21 09:32:30.200,3.413,30000
2020-09-21 09:32:30.200,3.413,40000
2020-09-21 09:32:30.200,3.413,10000
2020-09-21 09:32:30.200,3.413,30000
2020-09-21 09:32:30.200,3.413,50000
2020-09-21 09:32:30.200,3.413,40000
2020-09-21 09:32:30.380,3.413,5000
2020-09-21 09:32:30.380,3.413,3000
2020-09-21 09:32:31.070,3.412,5000
2020-09-21 09:32:31.110,3.412,4000
2020-09-21 09:32:31.110,3.412,400
2020-09-21 09:32:31.110,3.412,1000
2020-09-21 09:32:31.780,3.411,26199
2020-09-21 09:32:31.780,3.411,2801
2020-09-21 09:32:32.390,3.412,20000
2020-09-21 09:32:32.600,3.411,2199
2020-09-21 09:32:32.600,3.411,4801
2020-09-21 09:32:33.190,3.412,5000
2020-09-21 09:32:33.190,3.412,45000
2020-09-21 09:32:33.190,3.412,50000
2020-09-21 09:32:33.190,3.412,40000
2020-09-21 09:32:33.190,3.412,50000
2020-09-21 09:32:33.190,3.412,50000
2020-09-21 09:32:33.730,3.412,59200
2020-09-21 09:32:33.730,3.412,1100
2020-09-21 09:32:33.730,3.412,100
2020-09-21 09:32:33.730,3.412,9800
2020-09-21 09:32:34.180,3.412,500
2020-09-21 09:32:34.280,3.413,3500
2020-09-21 09:32:36.030,3.412,3200
2020-09-21 09:32:36.890,3.412,9000
2020-09-21 09:32:36.890,3.412,136900
2020-09-21 09:32:36.890,3.411,199
2020-09-21 09:32:36.890,3.411,12700
2020-09-21 09:32:36.890,3.411,100
2020-09-21 09:32:36.890,3.411,89300
2020-09-21 09:32:36.890,3.411,1400
2020-09-21 09:32:36.890,3.411,23000
2020-09-21 09:32:36.890,3.411,5000
2020-09-21 09:32:36.890,3.411,20000
2020-09-21 09:32:36.890,3.411,5000
2020-09-21 09:32:36.890,3.411,6401
2020-09-21 09:32:37.010,3.412,10000
2020-09-21 09:32:39.210,3.412,21700
2020-09-21 09:32:39.210,3.412,100
2020-09-21 09:32:39.210,3.412,261500
2020-09-21 09:32:40.010,3.411,8499
2020-09-21 09:32:40.010,3.411,1501
2020-09-21 09:32:40.130,3.411,3499
2020-09-21 09:32:40.130,3.411,200
2020-09-21 09:32:40.130,3.411,100000
2020-09-21 09:32:40.130,3.411,12000
2020-09-21 09:32:40.130,3.411,5000
2020-09-21 09:32:40.130,3.411,1000
2020-09-21 09:32:40.130,3.411,100
2020-09-21 09:32:40.130,3.411,10000
2020-09-21 09:32:40.130,3.411,3000
2020-09-21 09:32:41.370,3.411,18200
2020-09-21 09:32:41.520,3.41,2000
2020-09-21 09:32:41.710,3.411,14200
2020-09-21 09:32:42.190,3.411,4400
2020-09-21 09:32:42.470,3.41,7700
2020-09-21 09:32:42.470,3.41,1000
2020-09-21 09:32:42.470,3.41,2600
2020-09-21 09:32:42.470,3.41,1000
2020-09-21 09:32:42.470,3.41,2000
2020-09-21 09:32:42.470,3.41,1000
2020-09-21 09:32:42.470,3.41,1000
2020-09-21 09:32:42.470,3.41,100
2020-09-21 09:32:42.470,3.41,1000
2020-09-21 09:32:42.470,3.41,500
2020-09-21 09:32:42.470,3.41,2100
2020-09-21 09:32:44.000,3.411,10000
2020-09-21 09:32:45.000,3.411,200
2020-09-21 09:32:45.600,3.411,1100
2020-09-21 09:32:45.920,3.41,17900
2020-09-21 09:32:45.920,3.41,5000
2020-09-21 09:32:45.920,3.41,3000
2020-09-21 09:32:45.920,3.41,7000
2020-09-21 09:32:45.920,3.41,10000
2020-09-21 09:32:45.920,3.41,100
2020-09-21 09:32:45.920,3.41,100
2020-09-21 09:32:45.920,3.41,8000
2020-09-21 09:32:45.920,3.41,2900
2020-09-21 09:32:45.920,3.41,10600
2020-09-21 09:32:45.920,3.41,10000
2020-09-21 09:32:45.920,3.41,3500
2020-09-21 09:32:45.920,3.41,500
2020-09-21 09:32:45.920,3.41,3000
2020-09-21 09:32:45.920,3.41,5000
2020-09-21 09:32:45.920,3.41,5000
2020-09-21 09:32:45.920,3.41,3000
2020-09-21 09:32:45.920,3.41,8000
2020-09-21 09:32:45.920,3.41,5000
2020-09-21 09:32:45.920,3.41,1000
2020-09-21 09:32:45.920,3.41,30000
2020-09-21 09:32:45.920,3.41,8900
2020-09-21 09:32:45.920,3.41,8200
2020-09-21 09:32:45.920,3.41,700
2020-09-21 09:32:45.920,3.41,2700
2020-09-21 09:32:45.920,3.41,500
2020-09-21 09:32:45.920,3.41,2900
2020-09-21 09:32:45.920,3.41,4100
2020-09-21 09:32:46.120,3.41,500
2020-09-21 09:32:46.510,3.41,19500
2020-09-21 09:32:46.570,3.41,75900
2020-09-21 09:32:46.570,3.41,10000
2020-09-21 09:32:46.570,3.41,5000
2020-09-21 09:32:46.570,3.41,600
2020-09-21 09:32:46.570,3.41,10000
2020-09-21 09:32:46.570,3.41,5000
2020-09-21 09:32:46.570,3.41,100
2020-09-21 09:32:47.290,3.409,100
2020-09-21 09:32:47.290,3.409,200
2020-09-21 09:32:47.290,3.409,100
2020-09-21 09:32:47.290,3.409,5000
2020-09-21 09:32:47.290,3.409,200
2020-09-21 09:32:47.290,3.409,100
2020-09-21 09:32:47.290,3.409,100
2020-09-21 09:32:47.290,3.409,100
2020-09-21 09:32:47.290,3.409,300
2020-09-21 09:32:47.290,3.409,100
2020-09-21 09:32:47.290,3.409,200
2020-09-21 09:32:47.290,3.409,8800
2020-09-21 09:32:47.290,3.409,100
2020-09-21 09:32:47.290,3.409,1000
2020-09-21 09:32:47.290,3.409,1000
2020-09-21 09:32:47.290,3.409,100
2020-09-21 09:32:47.290,3.409,2500
2020-09-21 09:32:47.450,3.41,9000
2020-09-21 09:32:47.800,3.41,6300
2020-09-21 09:32:48.040,3.41,2400
2020-09-21 09:32:48.160,3.41,50000
2020-09-21 09:32:48.160,3.41,50000
2020-09-21 09:32:48.160,3.41,50000
2020-09-21 09:32:48.160,3.41,50000
2020-09-21 09:32:48.160,3.41,50000
2020-09-21 09:32:48.160,3.41,10000
2020-09-21 09:32:48.160,3.41,50000
2020-09-21 09:32:48.870,3.41,100
2020-09-21 09:32:49.040,3.41,30000
2020-09-21 09:32:49.040,3.41,30000
2020-09-21 09:32:49.040,3.41,30000
2020-09-21 09:32:49.040,3.41,30000
2020-09-21 09:32:49.040,3.41,30000
2020-09-21 09:32:49.040,3.41,20000
2020-09-21 09:32:49.040,3.41,30000
2020-09-21 09:32:49.040,3.41,30000
2020-09-21 09:32:49.040,3.41,10000
2020-09-21 09:32:49.420,3.41,90000
2020-09-21 09:32:49.730,3.41,1000
2020-09-21 09:32:50.190,3.41,21300
2020-09-21 09:32:50.220,3.41,900
2020-09-21 09:32:50.310,3.409,500
2020-09-21 09:32:50.310,3.409,4500
2020-09-21 09:32:50.550,3.409,3000
2020-09-21 09:32:50.860,3.41,3800
2020-09-21 09:32:51.210,3.41,50000
2020-09-21 09:32:51.210,3.41,50000
2020-09-21 09:32:51.210,3.41,8600
2020-09-21 09:32:51.210,3.41,1500
2020-09-21 09:32:51.210,3.41,29900
2020-09-21 09:32:51.210,3.41,30000
2020-09-21 09:32:51.210,3.41,50000
2020-09-21 09:32:51.210,3.41,50000
2020-09-21 09:32:51.210,3.41,50000
2020-09-21 09:32:51.210,3.41,10000
2020-09-21 09:32:52.810,3.409,2500
2020-09-21 09:32:52.810,3.409,10000
2020-09-21 09:32:52.810,3.409,300
2020-09-21 09:32:52.810,3.409,2200
2020-09-21 09:32:53.750,3.41,1000
2020-09-21 09:32:54.020,3.409,100
2020-09-21 09:32:54.220,3.41,2900
2020-09-21 09:32:54.220,3.41,4100
2020-09-21 09:32:54.220,3.41,5000
2020-09-21 09:32:54.220,3.41,2900
2020-09-21 09:32:54.220,3.41,10000
2020-09-21 09:32:54.220,3.41,10000
2020-09-21 09:32:54.220,3.41,1000
2020-09-21 09:32:54.220,3.41,10000
2020-09-21 09:32:54.220,3.41,4100
2020-09-21 09:32:54.220,3.41,50000
2020-09-21 09:32:54.220,3.41,10000
2020-09-21 09:32:54.280,3.41,20000
2020-09-21 09:32:54.280,3.409,700
2020-09-21 09:32:54.280,3.409,3400
2020-09-21 09:32:54.490,3.41,3800
2020-09-21 09:32:55.020,3.41,3800
2020-09-21 09:32:55.330,3.409,1800
2020-09-21 09:32:55.520,3.41,3800
2020-09-21 09:32:55.990,3.41,3800
2020-09-21 09:32:56.250,3.41,700
2020-09-21 09:32:56.250,3.41,500
2020-09-21 09:32:56.250,3.41,2000
2020-09-21 09:32:56.250,3.41,16800
2020-09-21 09:32:56.510,3.41,3700
2020-09-21 09:32:56.670,3.409,200
2020-09-21 09:32:56.800,3.409,1100
2020-09-21 09:32:56.800,3.409,25000
2020-09-21 09:32:56.800,3.409,200
2020-09-21 09:32:56.800,3.409,1000
2020-09-21 09:32:56.800,3.409,100
2020-09-21 09:32:56.800,3.409,2000
2020-09-21 09:32:56.800,3.409,100
2020-09-21 09:32:56.800,3.409,10000
2020-09-21 09:32:56.800,3.409,15000
2020-09-21 09:32:56.800,3.409,32900
2020-09-21 09:32:57.100,3.41,1700
2020-09-21 09:32:57.160,3.41,50000
2020-09-21 09:32:57.160,3.41,50000
2020-09-21 09:32:57.160,3.41,50000
2020-09-21 09:32:57.160,3.41,50000
2020-09-21 09:32:57.160,3.41,7800
2020-09-21 09:32:57.160,3.41,300
2020-09-21 09:32:57.160,3.41,10000
2020-09-21 09:32:57.160,3.41,5900
2020-09-21 09:32:57.160,3.41,16000
2020-09-21 09:32:57.530,3.409,10000
2020-09-21 09:32:57.970,3.41,300
2020-09-21 09:32:58.640,3.409,3000
2020-09-21 09:32:58.770,3.409,300
2020-09-21 09:32:58.920,3.409,2000
2020-09-21 09:32:59.040,3.409,1000
2020-09-21 09:32:59.080,3.409,300
2020-09-21 09:32:59.290,3.41,20000
2020-09-21 09:32:59.380,3.409,1800
2020-09-21 09:32:59.570,3.41,6000
2020-09-21 09:32:59.900,3.409,48700
2020-09-21 09:32:59.900,3.409,100000
2020-09-21 09:32:59.900,3.409,100
2020-09-21 09:32:59.900,3.409,15000
2020-09-21 09:32:59.900,3.409,20000
2020-09-21 09:32:59.900,3.409,10000
2020-09-21 09:32:59.900,3.409,5000
2020-09-21 09:32:59.900,3.409,90000
2020-09-21 09:32:59.900,3.409,11200
2020-09-21 09:32:59.970,3.409,600
2020-09-21 09:33:00.290,3.41,30000
2020-09-21 09:33:00.290,3.41,8900
2020-09-21 09:33:00.290,3.41,1100
2020-09-21 09:33:00.960,3.41,300
2020-09-21 09:33:01.210,3.409,20000
2020-09-21 09:33:01.420,3.41,8100
2020-09-21 09:33:01.420,3.41,1900
2020-09-21 09:33:01.600,3.409,3000
2020-09-21 09:33:01.630,3.409,100
2020-09-21 09:33:02.520,3.409,3500
2020-09-21 09:33:03.190,3.41,10000
2020-09-21 09:33:03.190,3.409,300
2020-09-21 09:33:03.190,3.41,1200
2020-09-21 09:33:03.190,3.41,4900
2020-09-21 09:33:03.680,3.41,3900
2020-09-21 09:33:03.680,3.41,2200
2020-09-21 09:33:04.450,3.41,1000
2020-09-21 09:33:05.150,3.41,3000
2020-09-21 09:33:05.180,3.41,10000
2020-09-21 09:33:05.360,3.41,34000
2020-09-21 09:33:05.580,3.41,500
2020-09-21 09:33:05.610,3.41,100
2020-09-21 09:33:05.670,3.41,100
2020-09-21 09:33:06.100,3.41,39100
2020-09-21 09:33:06.100,3.41,60900
2020-09-21 09:33:06.220,3.411,1400
2020-09-21 09:33:06.220,3.411,6000
2020-09-21 09:33:06.220,3.411,3000
2020-09-21 09:33:06.220,3.411,4500
2020-09-21 09:33:06.220,3.411,5000
2020-09-21 09:33:06.220,3.411,20100
2020-09-21 09:33:06.480,3.41,10000
2020-09-21 09:33:06.820,3.41,29100
2020-09-21 09:33:06.820,3.41,100
2020-09-21 09:33:06.820,3.41,10000
2020-09-21 09:33:06.820,3.409,700
2020-09-21 09:33:06.820,3.409,100000
2020-09-21 09:33:06.820,3.409,20000
2020-09-21 09:33:06.820,3.409,40000
2020-09-21 09:33:06.820,3.409,39400
2020-09-21 09:33:07.030,3.409,2000
2020-09-21 09:33:07.470,3.409,10000
2020-09-21 09:33:08.280,3.409,1000
2020-09-21 09:33:08.430,3.409,5000
2020-09-21 09:33:09.240,3.411,10000
2020-09-21 09:33:12.810,3.41,200
2020-09-21 09:33:12.810,3.41,3000
2020-09-21 09:33:12.810,3.41,1200
2020-09-21 09:33:12.810,3.41,3000
2020-09-21 09:33:12.810,3.41,22600
2020-09-21 09:33:13.420,3.41,10000
2020-09-21 09:33:13.420,3.41,67400
2020-09-21 09:33:13.420,3.41,300
2020-09-21 09:33:13.420,3.41,3200
2020-09-21 09:33:13.420,3.409,20000
2020-09-21 09:33:14.090,3.409,100
2020-09-21 09:33:14.860,3.409,30000
2020-09-21 09:33:15.020,3.409,2300
2020-09-21 09:33:15.040,3.409,3000
2020-09-21 09:33:15.170,3.409,30000
2020-09-21 09:33:15.170,3.409,10000
2020-09-21 09:33:15.170,3.409,50000
2020-09-21 09:33:15.170,3.409,50000
2020-09-21 09:33:15.170,3.409,20000
2020-09-21 09:33:15.170,3.409,50000
2020-09-21 09:33:15.170,3.409,50000
2020-09-21 09:33:15.170,3.409,40000
2020-09-21 09:33:15.450,3.409,3000
2020-09-21 09:33:15.860,3.408,800
2020-09-21 09:33:15.860,3.408,1200
2020-09-21 09:33:16.300,3.409,40000
2020-09-21 09:33:16.430,3.409,30700
2020-09-21 09:33:16.430,3.409,300
2020-09-21 09:33:16.430,3.409,1000
2020-09-21 09:33:16.760,3.41,6900
2020-09-21 09:33:16.970,3.41,500
2020-09-21 09:33:17.560,3.41,82600
2020-09-21 09:33:17.560,3.41,3000
2020-09-21 09:33:17.850,3.409,500
2020-09-21 09:33:18.090,3.41,100
2020-09-21 09:33:18.130,3.41,10000
2020-09-21 09:33:18.480,3.41,7300
2020-09-21 09:33:18.820,3.41,20000
2020-09-21 09:33:18.940,3.41,30000
2020-09-21 09:33:19.110,3.41,2000
2020-09-21 09:33:19.530,3.41,240700
2020-09-21 09:33:19.530,3.41,1300
2020-09-21 09:33:19.530,3.409,58000
2020-09-21 09:33:19.950,3.409,9500
2020-09-21 09:33:19.950,3.409,290500
2020-09-21 09:33:20.740,3.409,9500
2020-09-21 09:33:20.740,3.409,6100
2020-09-21 09:33:21.170,3.409,50000
2020-09-21 09:33:21.170,3.409,50000
2020-09-21 09:33:21.170,3.409,30000
2020-09-21 09:33:21.170,3.409,50000
2020-09-21 09:33:21.170,3.409,10000
2020-09-21 09:33:21.170,3.409,50000
2020-09-21 09:33:21.170,3.409,30000
2020-09-21 09:33:21.440,3.409,40000
2020-09-21 09:33:21.620,3.408,3800
2020-09-21 09:33:21.620,3.408,2000
2020-09-21 09:33:21.810,3.409,10000
2020-09-21 09:33:21.810,3.409,10000
2020-09-21 09:33:21.990,3.409,100
2020-09-21 09:33:22.430,3.409,100
2020-09-21 09:33:22.670,3.408,1200
2020-09-21 09:33:23.790,3.409,500
2020-09-21 09:33:24.350,3.409,300
2020-09-21 09:33:24.350,3.409,39700
2020-09-21 09:33:24.500,3.409,10300
2020-09-21 09:33:24.500,3.41,2700
2020-09-21 09:33:24.500,3.41,287000
2020-09-21 09:33:25.560,3.409,700
2020-09-21 09:33:25.810,3.409,100
2020-09-21 09:33:25.810,3.409,100
2020-09-21 09:33:26.180,3.409,1000
2020-09-21 09:33:26.210,3.409,400
2020-09-21 09:33:26.210,3.409,300
2020-09-21 09:33:26.370,3.409,1000
2020-09-21 09:33:26.910,3.409,198300
2020-09-21 09:33:26.910,3.41,101700
2020-09-21 09:33:26.910,3.41,300000
2020-09-21 09:33:27.280,3.41,40000
2020-09-21 09:33:28.100,3.409,300
2020-09-21 09:33:28.100,3.409,2700
2020-09-21 09:33:28.790,3.409,5000
2020-09-21 09:33:29.520,3.409,10000
2020-09-21 09:33:29.580,3.409,12300
2020-09-21 09:33:29.580,3.409,30000
2020-09-21 09:33:29.580,3.409,30000
2020-09-21 09:33:29.580,3.409,30000
2020-09-21 09:33:29.580,3.409,30000
2020-09-21 09:33:29.580,3.409,5800
2020-09-21 09:33:29.580,3.409,100000
2020-09-21 09:33:29.580,3.409,40000
2020-09-21 09:33:29.780,3.408,100
2020-09-21 09:33:29.780,3.408,5600
2020-09-21 09:33:29.780,3.408,1700
2020-09-21 09:33:29.780,3.408,10000
2020-09-21 09:33:29.780,3.408,400
2020-09-21 09:33:30.270,3.409,50000
2020-09-21 09:33:30.270,3.409,10000
2020-09-21 09:33:30.270,3.409,40000
2020-09-21 09:33:30.270,3.409,50000
2020-09-21 09:33:30.270,3.409,50000
2020-09-21 09:33:30.270,3.409,50000
2020-09-21 09:33:30.580,3.409,72400
2020-09-21 09:33:30.580,3.409,27700
2020-09-21 09:33:30.580,3.409,13000
2020-09-21 09:33:30.580,3.41,171300
2020-09-21 09:33:30.580,3.41,200
2020-09-21 09:33:30.580,3.41,600
2020-09-21 09:33:30.580,3.41,9900
2020-09-21 09:33:30.580,3.41,100
2020-09-21 09:33:30.580,3.41,4800
2020-09-21 09:33:30.610,3.408,2700
2020-09-21 09:33:30.610,3.408,2100
2020-09-21 09:33:31.160,3.408,59200
2020-09-21 09:33:32.210,3.409,500
2020-09-21 09:33:32.210,3.409,5800
2020-09-21 09:33:32.760,3.408,3900
2020-09-21 09:33:33.540,3.409,3700
2020-09-21 09:33:34.920,3.409,26300
2020-09-21 09:33:34.920,3.409,5000
2020-09-21 09:33:35.280,3.409,16500
2020-09-21 09:33:35.950,3.408,34800
2020-09-21 09:33:35.950,3.408,100
2020-09-21 09:33:35.950,3.408,15100
2020-09-21 09:33:36.190,3.409,30000
2020-09-21 09:33:36.190,3.409,30000
2020-09-21 09:33:36.190,3.409,30000
2020-09-21 09:33:36.190,3.409,30000
2020-09-21 09:33:36.190,3.409,40000
2020-09-21 09:33:36.190,3.409,40000
2020-09-21 09:33:36.190,3.409,30000
2020-09-21 09:33:36.190,3.409,30000
2020-09-21 09:33:36.190,3.409,30000
2020-09-21 09:33:36.190,3.409,50000
2020-09-21 09:33:36.190,3.409,40000
2020-09-21 09:33:36.190,3.409,10000
2020-09-21 09:33:36.190,3.409,30000
2020-09-21 09:33:36.190,3.409,50000
2020-09-21 09:33:36.190,3.409,30000
2020-09-21 09:33:36.190,3.409,20000
2020-09-21 09:33:36.190,3.409,30000
2020-09-21 09:33:36.190,3.409,30000
2020-09-21 09:33:36.190,3.409,30000
2020-09-21 09:33:36.190,3.409,30000
2020-09-21 09:33:36.190,3.409,40000
2020-09-21 09:33:36.290,3.409,200
2020-09-21 09:33:36.380,3.408,84900
2020-09-21 09:33:36.380,3.408,100
2020-09-21 09:33:36.380,3.408,1600
2020-09-21 09:33:36.380,3.408,100
2020-09-21 09:33:36.380,3.408,3700
2020-09-21 09:33:36.380,3.408,2000
2020-09-21 09:33:36.380,3.408,300
2020-09-21 09:33:36.380,3.408,100000
2020-09-21 09:33:36.380,3.408,1000
2020-09-21 09:33:36.380,3.408,500
2020-09-21 09:33:36.380,3.408,100
2020-09-21 09:33:36.380,3.408,40000
2020-09-21 09:33:36.380,3.408,20000
2020-09-21 09:33:36.380,3.408,3000
2020-09-21 09:33:36.380,3.408,5000
2020-09-21 09:33:36.690,3.407,5000
2020-09-21 09:33:36.690,3.407,200
2020-09-21 09:33:36.690,3.407,600
2020-09-21 09:33:36.690,3.407,14600
2020-09-21 09:33:36.690,3.407,100000
2020-09-21 09:33:36.690,3.407,2600
2020-09-21 09:33:36.960,3.408,20000
2020-09-21 09:33:37.830,3.408,20000
2020-09-21 09:33:38.550,3.408,295000
2020-09-21 09:33:38.890,3.408,40000
2020-09-21 09:33:38.930,3.408,20000
2020-09-21 09:33:39.170,3.408,100
2020-09-21 09:33:39.200,3.408,20000
2020-09-21 09:33:39.200,3.408,50000
2020-09-21 09:33:39.200,3.408,50000
2020-09-21 09:33:39.200,3.408,50000
2020-09-21 09:33:39.200,3.408,10000
2020-09-21 09:33:39.200,3.408,50000
2020-09-21 09:33:39.200,3.408,12600
2020-09-21 09:33:39.200,3.408,7000
2020-09-21 09:33:39.200,3.408,5200
2020-09-21 09:33:39.200,3.408,25200
2020-09-21 09:33:39.200,3.408,50000
2020-09-21 09:33:39.270,3.408,20000
2020-09-21 09:33:39.270,3.408,10000
2020-09-21 09:33:39.750,3.408,94800
2020-09-21 09:33:40.400,3.408,5200
2020-09-21 09:33:40.400,3.408,6100
2020-09-21 09:33:41.870,3.408,5700
2020-09-21 09:33:42.200,3.409,50000
2020-09-21 09:33:42.200,3.409,50000
2020-09-21 09:33:42.200,3.409,50000
2020-09-21 09:33:42.320,3.409,1400
2020-09-21 09:33:43.220,3.409,10000
2020-09-21 09:33:43.310,3.408,8200
2020-09-21 09:33:43.310,3.408,11800
2020-09-21 09:33:44.110,3.409,900
2020-09-21 09:33:44.370,3.409,9700
2020-09-21 09:33:44.370,3.409,2600
2020-09-21 09:33:44.370,3.409,20000
2020-09-21 09:33:44.370,3.409,15000
2020-09-21 09:33:44.370,3.41,16200
2020-09-21 09:33:44.370,3.41,500
2020-09-21 09:33:44.370,3.41,1000
2020-09-21 09:33:44.370,3.41,1200
2020-09-21 09:33:44.370,3.41,200
2020-09-21 09:33:44.370,3.41,600
2020-09-21 09:33:44.370,3.41,83000
2020-09-21 09:33:44.470,3.408,28200
2020-09-21 09:33:44.470,3.408,20000
2020-09-21 09:33:44.650,3.407,4200
2020-09-21 09:33:44.830,3.408,2000
2020-09-21 09:33:44.870,3.408,100000
2020-09-21 09:33:45.020,3.408,3600
2020-09-21 09:33:45.020,3.408,30000
2020-09-21 09:33:45.120,3.408,300000
2020-09-21 09:33:45.240,3.408,50000
2020-09-21 09:33:45.240,3.408,10000
2020-09-21 09:33:45.240,3.408,50000
2020-09-21 09:33:45.240,3.408,50000
2020-09-21 09:33:45.240,3.408,40000
2020-09-21 09:33:45.240,3.408,50000
2020-09-21 09:33:45.240,3.408,50000
2020-09-21 09:33:45.240,3.408,50000
2020-09-21 09:33:45.240,3.408,50000
2020-09-21 09:33:45.240,3.408,16200
2020-09-21 09:33:45.240,3.408,2400
2020-09-21 09:33:45.370,3.408,1000
2020-09-21 09:33:46.210,3.408,200
2020-09-21 09:33:46.420,3.408,14500
2020-09-21 09:33:46.740,3.408,700
2020-09-21 09:33:46.830,3.409,300000
2020-09-21 09:33:47.300,3.408,1000
2020-09-21 09:33:48.040,3.408,10000
2020-09-21 09:33:48.070,3.409,300000
2020-09-21 09:33:48.200,3.409,50000
2020-09-21 09:33:48.200,3.409,50000
2020-09-21 09:33:48.200,3.409,40000
2020-09-21 09:33:48.200,3.409,40000
2020-09-21 09:33:48.200,3.409,50000
2020-09-21 09:33:48.200,3.409,50000
2020-09-21 09:33:48.200,3.409,30000
2020-09-21 09:33:48.200,3.409,50000
2020-09-21 09:33:48.200,3.409,50000
2020-09-21 09:33:48.200,3.409,50000
2020-09-21 09:33:48.200,3.409,50000
2020-09-21 09:33:48.200,3.409,50000
2020-09-21 09:33:48.200,3.409,40000
2020-09-21 09:33:48.200,3.409,200
2020-09-21 09:33:48.320,3.409,9800
2020-09-21 09:33:48.320,3.409,50000
2020-09-21 09:33:48.320,3.409,40000
2020-09-21 09:33:48.320,3.409,20000
2020-09-21 09:33:48.320,3.408,4000
2020-09-21 09:33:48.320,3.408,50000
2020-09-21 09:33:48.320,3.408,26200
2020-09-21 09:33:48.520,3.409,21100
2020-09-21 09:33:49.080,3.41,6400
2020-09-21 09:33:49.320,3.409,1000
2020-09-21 09:33:50.320,3.409,277900
2020-09-21 09:33:51.080,3.408,500
2020-09-21 09:33:51.210,3.409,50000
2020-09-21 09:33:51.210,3.409,50000
2020-09-21 09:33:51.210,3.409,50000
2020-09-21 09:33:51.210,3.409,50000
2020-09-21 09:33:51.210,3.409,30000
2020-09-21 09:33:51.210,3.409,50000
2020-09-21 09:33:51.210,3.409,50000
2020-09-21 09:33:51.210,3.409,30000
2020-09-21 09:33:51.210,3.409,50000
2020-09-21 09:33:51.210,3.409,30000
2020-09-21 09:33:51.210,3.409,50000
2020-09-21 09:33:51.420,3.408,23300
2020-09-21 09:33:51.420,3.408,50000
2020-09-21 09:33:51.420,3.408,20000
2020-09-21 09:33:51.420,3.408,5500
2020-09-21 09:33:51.420,3.408,10000
2020-09-21 09:33:51.420,3.408,40000
2020-09-21 09:33:51.420,3.408,6200
2020-09-21 09:33:51.420,3.408,500
2020-09-21 09:33:51.420,3.408,22000
2020-09-21 09:33:51.420,3.408,22500
2020-09-21 09:33:51.720,3.408,2500
2020-09-21 09:33:51.750,3.408,2000
2020-09-21 09:33:52.160,3.409,132100
2020-09-21 09:33:52.160,3.409,300
2020-09-21 09:33:52.160,3.41,167600
2020-09-21 09:33:54.150,3.409,30000
2020-09-21 09:33:54.210,3.409,10000
2020-09-21 09:33:54.210,3.409,10000
2020-09-21 09:33:54.210,3.409,30000
2020-09-21 09:33:54.550,3.408,73000
2020-09-21 09:33:54.550,3.408,10000
2020-09-21 09:33:54.550,3.408,17000
2020-09-21 09:33:55.650,3.408,3000
2020-09-21 09:33:55.650,3.408,40000
2020-09-21 09:33:55.650,3.408,1000
2020-09-21 09:33:55.650,3.408,20000
2020-09-21 09:33:55.940,3.408,300000
2020-09-21 09:33:56.720,3.408,11500
2020-09-21 09:33:56.900,3.408,10000
2020-09-21 09:33:57.170,3.408,50000
2020-09-21 09:33:57.170,3.408,40000
2020-09-21 09:33:57.170,3.407,75300
2020-09-21 09:33:57.360,3.408,10000
2020-09-21 09:33:58.630,3.408,400
2020-09-21 09:33:58.840,3.408,100
2020-09-21 09:33:59.020,3.408,500
2020-09-21 09:33:59.950,3.408,13500
2020-09-21 09:33:59.950,3.408,8000
2020-09-21 09:33:59.950,3.408,278500
2020-09-21 09:34:00.210,3.408,10000
2020-09-21 09:34:00.210,3.408,10000
2020-09-21 09:34:00.210,3.408,30000
2020-09-21 09:34:00.210,3.408,50000
2020-09-21 09:34:00.210,3.408,30000
2020-09-21 09:34:00.210,3.408,50000
2020-09-21 09:34:00.210,3.408,30000
2020-09-21 09:34:00.210,3.408,30000
2020-09-21 09:34:00.210,3.408,30000
2020-09-21 09:34:00.210,3.408,50000
2020-09-21 09:34:00.210,3.408,50000
2020-09-21 09:34:00.210,3.408,50000
2020-09-21 09:34:00.210,3.408,50000
2020-09-21 09:34:00.210,3.408,50000
2020-09-21 09:34:00.210,3.408,10000
2020-09-21 09:34:00.210,3.408,30000
2020-09-21 09:34:00.210,3.408,20000
2020-09-21 09:34:00.210,3.408,30000
2020-09-21 09:34:00.210,3.408,11500
2020-09-21 09:34:00.210,3.408,38500
2020-09-21 09:34:00.210,3.408,30000
2020-09-21 09:34:00.210,3.408,30000
2020-09-21 09:34:00.210,3.408,30000
2020-09-21 09:34:00.210,3.408,30000
2020-09-21 09:34:00.210,3.408,50000
2020-09-21 09:34:00.210,3.408,50000
2020-09-21 09:34:00.210,3.408,50000
2020-09-21 09:34:00.210,3.408,50000
2020-09-21 09:34:00.210,3.408,50000
2020-09-21 09:34:00.210,3.408,50000
2020-09-21 09:34:00.210,3.408,50000
2020-09-21 09:34:00.210,3.408,50000
2020-09-21 09:34:00.210,3.408,50000
2020-09-21 09:34:00.210,3.408,30000
2020-09-21 09:34:00.210,3.408,30000
2020-09-21 09:34:00.210,3.408,30000
2020-09-21 09:34:00.210,3.408,20000
2020-09-21 09:34:00.210,3.408,50000
2020-09-21 09:34:00.210,3.408,30000
2020-09-21 09:34:00.210,3.408,30000
2020-09-21 09:34:00.710,3.408,3000
2020-09-21 09:34:01.540,3.407,17900
2020-09-21 09:34:01.540,3.407,6000
2020-09-21 09:34:01.540,3.407,100
2020-09-21 09:34:01.540,3.407,27400
2020-09-21 09:34:01.540,3.407,100
2020-09-21 09:34:01.540,3.407,100
2020-09-21 09:34:01.540,3.407,2000
2020-09-21 09:34:01.540,3.407,20000
2020-09-21 09:34:01.540,3.407,9000
2020-09-21 09:34:01.540,3.407,100000
2020-09-21 09:34:01.540,3.407,100
2020-09-21 09:34:01.540,3.407,100
2020-09-21 09:34:01.540,3.407,100
2020-09-21 09:34:01.540,3.407,50000
2020-09-21 09:34:01.540,3.407,100
2020-09-21 09:34:02.090,3.407,50000
2020-09-21 09:34:02.740,3.407,1000
2020-09-21 09:34:03.210,3.407,16100
2020-09-21 09:34:03.210,3.407,3900
2020-09-21 09:34:03.210,3.407,30000
2020-09-21 09:34:03.210,3.407,30000
2020-09-21 09:34:03.210,3.407,20000
2020-09-21 09:34:03.210,3.407,10000
2020-09-21 09:34:03.210,3.407,30000
2020-09-21 09:34:03.210,3.407,20000
2020-09-21 09:34:03.210,3.407,10000
2020-09-21 09:34:03.620,3.407,800
2020-09-21 09:34:03.780,3.406,200
2020-09-21 09:34:03.780,3.406,300
2020-09-21 09:34:03.780,3.406,100
2020-09-21 09:34:03.780,3.406,2800
2020-09-21 09:34:03.780,3.406,200
2020-09-21 09:34:03.780,3.406,200
2020-09-21 09:34:03.780,3.406,3000
2020-09-21 09:34:03.780,3.406,300
2020-09-21 09:34:03.780,3.406,100
2020-09-21 09:34:03.780,3.406,6000
2020-09-21 09:34:03.780,3.406,2000
2020-09-21 09:34:03.840,3.406,1000
2020-09-21 09:34:03.840,3.406,1900
2020-09-21 09:34:03.900,3.406,500
2020-09-21 09:34:04.430,3.407,700
2020-09-21 09:34:05.240,3.407,10000
2020-09-21 09:34:06.210,3.407,10000
2020-09-21 09:34:06.210,3.407,30000
2020-09-21 09:34:06.210,3.407,30000
2020-09-21 09:34:06.210,3.407,30000
2020-09-21 09:34:06.210,3.407,30000
2020-09-21 09:34:06.210,3.407,17600
2020-09-21 09:34:06.210,3.407,12400
2020-09-21 09:34:06.210,3.407,10000
2020-09-21 09:34:06.210,3.407,30000
2020-09-21 09:34:06.320,3.406,3200
2020-09-21 09:34:07.140,3.407,47600
2020-09-21 09:34:07.140,3.407,200
2020-09-21 09:34:07.140,3.407,2600
2020-09-21 09:34:07.140,3.407,131300
2020-09-21 09:34:07.140,3.408,68500
2020-09-21 09:34:07.140,3.408,15500
2020-09-21 09:34:07.140,3.408,34300
2020-09-21 09:34:08.130,3.406,3400
2020-09-21 09:34:08.130,3.406,5000
2020-09-21 09:34:08.130,3.406,1000
2020-09-21 09:34:08.130,3.406,130700
2020-09-21 09:34:08.130,3.406,200
2020-09-21 09:34:08.130,3.406,200
2020-09-21 09:34:08.130,3.406,3000
2020-09-21 09:34:08.130,3.406,300
2020-09-21 09:34:08.130,3.406,300
2020-09-21 09:34:08.130,3.406,4400
2020-09-21 09:34:08.130,3.406,50000
2020-09-21 09:34:08.130,3.406,2000
2020-09-21 09:34:08.130,3.406,4000
2020-09-21 09:34:08.130,3.406,500
2020-09-21 09:34:08.130,3.406,95000
2020-09-21 09:34:08.840,3.406,1800
2020-09-21 09:34:09.170,3.407,100
2020-09-21 09:34:09.390,3.406,1500
2020-09-21 09:34:09.540,3.406,1700
2020-09-21 09:34:09.540,3.406,500
2020-09-21 09:34:09.540,3.406,100
2020-09-21 09:34:09.540,3.406,4900
2020-09-21 09:34:09.990,3.406,2100
2020-09-21 09:34:09.990,3.406,100
2020-09-21 09:34:09.990,3.406,5000
2020-09-21 09:34:09.990,3.406,9500
2020-09-21 09:34:09.990,3.406,10000
2020-09-21 09:34:09.990,3.406,10000
2020-09-21 09:34:09.990,3.406,2000
2020-09-21 09:34:09.990,3.406,5000
2020-09-21 09:34:09.990,3.406,5000
2020-09-21 09:34:09.990,3.406,1000
2020-09-21 09:34:10.230,3.406,1000
2020-09-21 09:34:11.180,3.405,100
2020-09-21 09:34:11.180,3.405,200
2020-09-21 09:34:11.180,3.405,3600
2020-09-21 09:34:11.590,3.406,1000
2020-09-21 09:34:12.140,3.406,30000
2020-09-21 09:34:12.140,3.406,30000
2020-09-21 09:34:12.140,3.406,10000
2020-09-21 09:34:12.140,3.406,30000
2020-09-21 09:34:12.140,3.406,30000
2020-09-21 09:34:12.140,3.406,30000
2020-09-21 09:34:12.140,3.406,30000
2020-09-21 09:34:13.010,3.405,10000
2020-09-21 09:34:13.190,3.406,58300
2020-09-21 09:34:13.190,3.406,500
2020-09-21 09:34:14.210,3.406,200
2020-09-21 09:34:14.440,3.407,300
2020-09-21 09:34:14.670,3.406,41000
2020-09-21 09:34:15.180,3.406,30000
2020-09-21 09:34:15.180,3.406,10000
2020-09-21 09:34:15.670,3.406,100
2020-09-21 09:34:15.800,3.405,600
2020-09-21 09:34:15.800,3.405,1000
2020-09-21 09:34:15.800,3.405,500
2020-09-21 09:34:15.800,3.405,8000
2020-09-21 09:34:15.800,3.405,100000
2020-09-21 09:34:15.800,3.405,100
2020-09-21 09:34:15.800,3.405,30000
2020-09-21 09:34:15.800,3.405,500
2020-09-21 09:34:15.800,3.405,400
2020-09-21 09:34:15.800,3.405,1000
2020-09-21 09:34:15.800,3.405,2000
2020-09-21 09:34:15.800,3.405,5000
2020-09-21 09:34:15.800,3.405,2000
2020-09-21 09:34:16.600,3.405,5000
2020-09-21 09:34:17.230,3.405,100
2020-09-21 09:34:17.490,3.405,6100
2020-09-21 09:34:18.080,3.405,30000
2020-09-21 09:34:18.140,3.405,107700
2020-09-21 09:34:18.140,3.405,1400
2020-09-21 09:34:18.140,3.405,1000
2020-09-21 09:34:18.140,3.405,20000
2020-09-21 09:34:18.140,3.406,18900
2020-09-21 09:34:18.140,3.406,36200
2020-09-21 09:34:18.140,3.406,10000
2020-09-21 09:34:18.140,3.406,20000
2020-09-21 09:34:18.140,3.406,100
2020-09-21 09:34:18.140,3.406,20000
2020-09-21 09:34:18.140,3.406,30000
2020-09-21 09:34:18.200,3.407,1400
2020-09-21 09:34:18.240,3.406,34700
2020-09-21 09:34:18.640,3.405,10000
2020-09-21 09:34:19.640,3.405,2700
2020-09-21 09:34:19.700,3.405,2000
2020-09-21 09:34:19.860,3.405,11000
2020-09-21 09:34:19.980,3.405,500
2020-09-21 09:34:20.390,3.405,2900
2020-09-21 09:34:20.790,3.405,1400
2020-09-21 09:34:21.130,3.405,10000
2020-09-21 09:34:21.310,3.405,5000
2020-09-21 09:34:21.720,3.405,2000
2020-09-21 09:34:21.930,3.405,50000
2020-09-21 09:34:21.930,3.405,50000
2020-09-21 09:34:21.930,3.405,50000
2020-09-21 09:34:21.930,3.405,10000
2020-09-21 09:34:22.420,3.405,30000
2020-09-21 09:34:23.280,3.405,62600
2020-09-21 09:34:23.280,3.406,500
2020-09-21 09:34:23.280,3.406,20000
2020-09-21 09:34:23.280,3.407,1200
2020-09-21 09:34:23.280,3.407,1000
2020-09-21 09:34:23.280,3.407,3000
2020-09-21 09:34:23.770,3.404,100
2020-09-21 09:34:23.770,3.404,200
2020-09-21 09:34:23.770,3.404,900
2020-09-21 09:34:23.770,3.404,800
2020-09-21 09:34:24.230,3.406,1000
2020-09-21 09:34:24.230,3.406,20000
2020-09-21 09:34:24.230,3.406,9000
2020-09-21 09:34:24.230,3.406,10000
2020-09-21 09:34:25.850,3.405,5000
2020-09-21 09:34:25.850,3.405,5000
2020-09-21 09:34:26.850,3.404,1000
2020-09-21 09:34:27.750,3.405,1000
2020-09-21 09:34:29.720,3.404,10000
2020-09-21 09:34:30.140,3.404,2500
2020-09-21 09:34:30.350,3.404,700
2020-09-21 09:34:30.350,3.404,1500
2020-09-21 09:34:30.350,3.404,100000
2020-09-21 09:34:30.350,3.404,5000
2020-09-21 09:34:30.350,3.404,100
2020-09-21 09:34:30.350,3.404,2000
2020-09-21 09:34:30.350,3.404,300
2020-09-21 09:34:30.350,3.403,100
2020-09-21 09:34:30.350,3.403,200
2020-09-21 09:34:30.350,3.403,1000
2020-09-21 09:34:30.350,3.403,6700
2020-09-21 09:34:30.350,3.403,500
2020-09-21 09:34:30.350,3.403,5900
2020-09-21 09:34:30.350,3.403,100000
2020-09-21 09:34:30.350,3.403,5100
2020-09-21 09:34:30.350,3.403,5100
2020-09-21 09:34:30.350,3.403,6000
2020-09-21 09:34:30.350,3.402,200
2020-09-21 09:34:30.350,3.402,100
2020-09-21 09:34:30.350,3.402,3000
2020-09-21 09:34:30.350,3.402,200
2020-09-21 09:34:30.350,3.402,1000
2020-09-21 09:34:30.350,3.402,3000
2020-09-21 09:34:30.350,3.402,20000
2020-09-21 09:34:30.350,3.402,100
2020-09-21 09:34:30.350,3.402,100
2020-09-21 09:34:30.350,3.402,100000
2020-09-21 09:34:30.350,3.402,7600
2020-09-21 09:34:30.350,3.402,5200
2020-09-21 09:34:30.350,3.402,93000
2020-09-21 09:34:30.350,3.401,100
2020-09-21 09:34:30.350,3.401,200
2020-09-21 09:34:30.350,3.401,26000
2020-09-21 09:34:30.620,3.405,5000
2020-09-21 09:34:31.520,3.404,500
2020-09-21 09:34:31.800,3.404,1000
2020-09-21 09:34:31.920,3.404,3000
2020-09-21 09:34:32.240,3.403,300
2020-09-21 09:34:32.390,3.403,100
2020-09-21 09:34:33.180,3.403,20000
2020-09-21 09:34:33.180,3.403,30000
2020-09-21 09:34:33.180,3.403,30000
2020-09-21 09:34:33.180,3.403,30000
2020-09-21 09:34:33.180,3.403,30000
2020-09-21 09:34:33.180,3.403,30000
2020-09-21 09:34:33.180,3.403,30000
2020-09-21 09:34:33.180,3.403,30000
2020-09-21 09:34:34.280,3.403,1000
2020-09-21 09:34:34.870,3.403,10000
2020-09-21 09:34:34.930,3.403,1000
2020-09-21 09:34:36.210,3.403,30000
2020-09-21 09:34:36.210,3.403,10000
2020-09-21 09:34:36.600,3.403,600
2020-09-21 09:34:36.920,3.403,500
2020-09-21 09:34:37.250,3.402,1200
2020-09-21 09:34:37.600,3.402,3800
2020-09-21 09:34:38.440,3.402,4300
2020-09-21 09:34:38.870,3.402,700
2020-09-21 09:34:38.870,3.402,4300
2020-09-21 09:34:38.980,3.402,400
2020-09-21 09:34:39.340,3.403,10000
2020-09-21 09:34:39.340,3.402,15200
2020-09-21 09:34:40.030,3.402,10100
2020-09-21 09:34:40.030,3.402,100000
2020-09-21 09:34:40.030,3.401,94000
2020-09-21 09:34:40.730,3.402,700
2020-09-21 09:34:41.540,3.402,300
2020-09-21 09:34:41.540,3.402,4200
2020-09-21 09:34:41.670,3.402,45800
2020-09-21 09:34:41.670,3.401,208900
2020-09-21 09:34:42.040,3.403,1000
2020-09-21 09:34:42.920,3.402,1000
2020-09-21 09:34:43.100,3.402,3200
2020-09-21 09:34:43.490,3.402,43000
2020-09-21 09:34:44.000,3.403,5500
2020-09-21 09:34:44.000,3.403,100
2020-09-21 09:34:44.000,3.403,100
2020-09-21 09:34:44.000,3.403,100
2020-09-21 09:34:44.000,3.403,100
2020-09-21 09:34:44.000,3.403,100
2020-09-21 09:34:44.000,3.403,100
2020-09-21 09:34:44.000,3.403,100
2020-09-21 09:34:44.000,3.403,100
2020-09-21 09:34:44.000,3.403,100
2020-09-21 09:34:44.000,3.403,100
2020-09-21 09:34:44.000,3.404,15500
2020-09-21 09:34:44.000,3.404,93000
2020-09-21 09:34:44.000,3.404,900
2020-09-21 09:34:44.000,3.404,300
2020-09-21 09:34:44.000,3.404,6000
2020-09-21 09:34:44.000,3.404,7800
2020-09-21 09:34:44.260,3.404,700
2020-09-21 09:34:45.180,3.404,7400
2020-09-21 09:34:46.390,3.404,32200
2020-09-21 09:34:46.620,3.404,129700
2020-09-21 09:34:46.850,3.402,5600
2020-09-21 09:34:47.910,3.404,6300
2020-09-21 09:34:48.580,3.403,500
2020-09-21 09:34:48.580,3.403,2000
2020-09-21 09:34:49.860,3.404,300000
2020-09-21 09:34:52.050,3.403,1000
2020-09-21 09:34:52.050,3.403,6600
2020-09-21 09:34:52.460,3.403,3000
2020-09-21 09:34:52.700,3.403,400
2020-09-21 09:34:52.700,3.403,2100
2020-09-21 09:34:52.890,3.404,30000
2020-09-21 09:34:52.890,3.404,30000
2020-09-21 09:34:52.890,3.404,20000
2020-09-21 09:34:52.890,3.404,10000
2020-09-21 09:34:52.890,3.404,50000
2020-09-21 09:34:52.890,3.404,30000
2020-09-21 09:34:52.960,3.404,294000
2020-09-21 09:34:52.960,3.404,6000
2020-09-21 09:34:52.960,3.404,50000
2020-09-21 09:34:52.960,3.404,30000
2020-09-21 09:34:52.960,3.404,30000
2020-09-21 09:34:52.960,3.404,50000
2020-09-21 09:34:52.960,3.404,10000
2020-09-21 09:34:52.960,3.404,50000
2020-09-21 09:34:52.960,3.404,30000
2020-09-21 09:34:52.960,3.404,50000
2020-09-21 09:34:52.960,3.404,30000
2020-09-21 09:34:52.960,3.404,30000
2020-09-21 09:34:52.960,3.404,30000
2020-09-21 09:34:52.960,3.404,30000
2020-09-21 09:34:52.960,3.404,30000
2020-09-21 09:34:52.960,3.404,20000
2020-09-21 09:34:52.960,3.404,20000
2020-09-21 09:34:52.960,3.404,20000
2020-09-21 09:34:52.960,3.404,50000
2020-09-21 09:34:52.960,3.404,30000
2020-09-21 09:34:52.960,3.404,30000
2020-09-21 09:34:52.960,3.404,30000
2020-09-21 09:34:52.960,3.404,40000
2020-09-21 09:34:52.960,3.404,30000
2020-09-21 09:34:52.960,3.404,30000
2020-09-21 09:34:52.960,3.404,30000
2020-09-21 09:34:52.960,3.404,30000
2020-09-21 09:34:52.960,3.404,30000
2020-09-21 09:34:53.870,3.404,10000
2020-09-21 09:34:54.450,3.404,10000
2020-09-21 09:34:54.450,3.404,10000
2020-09-21 09:34:54.450,3.404,24000
2020-09-21 09:34:54.450,3.404,6000
2020-09-21 09:34:54.450,3.404,1000
2020-09-21 09:34:54.450,3.404,3000
2020-09-21 09:34:54.450,3.404,700
2020-09-21 09:34:54.450,3.404,3000
2020-09-21 09:34:54.450,3.404,22300
2020-09-21 09:34:54.450,3.404,30000
2020-09-21 09:34:54.450,3.404,30000
