ExChangeId,ChannelNo,SeqNo,SecurityID,Trade2_Order1,TradeDate,UpdateTime,Price,Volume,TrdMoney,OrdSide,OrdType,TrdBSFlag,TrdBuyNo,TrdSellNo
1,1,51453,510360,2,20200921,93004680,1.601000,100,160.100000,-,-,B,266526,140239
1,1,52432,510360,2,20200921,93004920,1.602000,4700,7529.400000,-,-,S,266526,269272
1,1,70970,510360,2,20200921,93010010,1.602000,600,961.200000,-,-,S,266526,321001
1,1,71218,510360,2,20200921,93010310,1.602000,100,160.200000,-,-,S,266526,321540
1,1,75491,510360,2,20200921,93015160,1.602000,1000,1602.000000,-,-,S,266526,328227
1,1,79758,510360,2,20200921,93019700,1.602000,2000,3204.000000,-,-,S,266526,334921
1,1,80594,510360,2,20200921,93021010,1.602000,300,480.600000,-,-,S,266526,336466
1,1,81281,510360,2,20200921,93021600,1.617000,1000,1617.000000,-,-,B,337584,224463
1,1,82421,510360,2,20200921,93023030,1.602000,1200,1922.400000,-,-,S,266526,339401
1,1,82946,510360,2,20200921,93023690,1.602000,200,320.400000,-,-,B,340198,339401
1,1,82947,510360,2,20200921,93023690,1.617000,1300,2102.100000,-,-,B,340198,224463
1,1,89388,510360,2,20200921,93030530,1.601000,300,480.300000,-,-,S,272150,349857
1,1,93547,510360,2,20200921,93034730,1.601000,100,160.100000,-,-,S,272150,355728
1,1,114066,510360,2,20200921,93055110,1.605000,2000,3210.000000,-,-,B,386626,345962
1,1,123119,510360,2,20200921,93103150,1.605000,300,481.500000,-,-,S,392933,400788
1,1,126323,510360,2,20200921,93106300,1.605000,300,481.500000,-,-,S,392933,406313
1,1,127107,510360,2,20200921,93107150,1.605000,300,481.500000,-,-,S,392933,407508
1,1,127530,510360,2,20200921,93107660,1.605000,100,160.500000,-,-,S,392933,408304
1,1,128250,510360,2,20200921,93108350,1.605000,1200,1926.000000,-,-,S,392933,409651
1,1,129492,510360,2,20200921,93109330,1.605000,900,1444.500000,-,-,S,392933,411693
1,1,129828,510360,2,20200921,93109700,1.605000,1300,2086.500000,-,-,S,392933,412286
1,1,129904,510360,2,20200921,93109770,1.605000,900,1444.500000,-,-,S,392933,412423
1,1,129939,510360,2,20200921,93109800,1.605000,1100,1765.500000,-,-,S,392933,412473
1,1,130165,510360,2,20200921,93110070,1.605000,3500,5617.500000,-,-,S,392933,412782
1,1,130329,510360,2,20200921,93110280,1.601000,900,1440.900000,-,-,S,272150,413074
1,1,131597,510360,2,20200921,93111460,1.601000,1100,1761.100000,-,-,S,272150,415102
1,1,132736,510360,2,20200921,93112260,1.601000,300,480.300000,-,-,S,272150,416840
1,1,133658,510360,2,20200921,93113430,1.601000,300,480.300000,-,-,S,272150,418523
1,1,134552,510360,2,20200921,93114490,1.601000,300,480.300000,-,-,S,272150,420250
1,1,134726,510360,2,20200921,93114680,1.601000,1400,2241.400000,-,-,S,272150,420560
1,1,135531,510360,2,20200921,93115420,1.616000,1000,1616.000000,-,-,B,422144,378518
1,1,136512,510360,2,20200921,93116600,1.601000,1300,2081.300000,-,-,S,272150,423835
1,1,136513,510360,2,20200921,93116600,1.601000,300,480.300000,-,-,S,295890,423835
1,1,136514,510360,2,20200921,93116600,1.601000,100,160.100000,-,-,S,355793,423835
1,1,139907,510360,2,20200921,93119550,1.601000,100,160.100000,-,-,B,428716,425206
1,1,139908,510360,2,20200921,93119550,1.605000,500,802.500000,-,-,B,428716,422915
1,1,142534,510360,2,20200921,93121690,1.605000,1400,2247.000000,-,-,S,428716,432480
1,1,144453,510360,2,20200921,93123450,1.605000,800,1284.000000,-,-,S,428716,435051
1,1,153627,510360,2,20200921,93132910,1.605000,1000,1605.000000,-,-,S,448140,449417
1,1,166102,510360,2,20200921,93147780,1.600000,4000,6400.000000,-,-,S,147840,470396
1,1,166103,510360,2,20200921,93147780,1.600000,10000,16000.000000,-,-,S,318255,470396
1,1,166104,510360,2,20200921,93147780,1.600000,1000,1600.000000,-,-,S,443557,470396
1,1,166105,510360,2,20200921,93147780,1.599000,10000,15990.000000,-,-,S,317458,470396
1,1,166106,510360,2,20200921,93147780,1.599000,10000,15990.000000,-,-,S,318802,470396
1,1,166107,510360,2,20200921,93147780,1.598000,10000,15980.000000,-,-,S,317681,470396
1,1,166108,510360,2,20200921,93147780,1.598000,10000,15980.000000,-,-,S,319963,470396
1,1,166109,510360,2,20200921,93147780,1.597000,10000,15970.000000,-,-,S,318397,470396
1,1,166110,510360,2,20200921,93147780,1.597000,10000,15970.000000,-,-,S,323440,470396
1,1,166111,510360,2,20200921,93147780,1.596000,500,798.000000,-,-,S,37184,470396
1,1,166112,510360,2,20200921,93147780,1.596000,10000,15960.000000,-,-,S,319543,470396
1,1,168400,510360,2,20200921,93150420,1.596000,9800,15640.800000,-,-,B,474011,470396
1,1,168485,510360,2,20200921,93150610,1.596000,100,159.600000,-,-,B,474201,470396
1,1,169320,510360,2,20200921,93151500,1.596000,100,159.600000,-,-,B,475434,470396
1,1,170116,510360,2,20200921,93152550,1.596000,200,319.200000,-,-,B,476597,470396
1,1,172578,510360,2,20200921,93155160,1.596000,600,957.600000,-,-,B,479981,470396
1,1,172771,510360,2,20200921,93155350,1.596000,500,798.000000,-,-,B,480204,470396
1,1,178468,510360,2,20200921,93202010,1.596000,2000,3192.000000,-,-,B,489044,470396
1,1,178535,510360,2,20200921,93202100,1.596000,100,159.600000,-,-,B,489163,470396
1,1,178839,510360,2,20200921,93202350,1.596000,300,478.800000,-,-,B,489579,470396
1,1,180085,510360,2,20200921,93203810,1.596000,800,1276.800000,-,-,B,491727,470396
1,1,187489,510360,2,20200921,93213390,1.597000,2100,3353.700000,-,-,B,504172,498386
1,1,187910,510360,2,20200921,93213870,1.597000,3000,4791.000000,-,-,B,504856,498386
1,1,188399,510360,2,20200921,93214430,1.597000,3000,4791.000000,-,-,B,505642,498386
1,1,188975,510360,2,20200921,93215130,1.597000,3000,4791.000000,-,-,B,506697,498386
1,1,188987,510360,2,20200921,93215130,1.597000,300,479.100000,-,-,B,506721,498386
1,1,189128,510360,2,20200921,93215240,1.597000,300,479.100000,-,-,B,506848,498386
1,1,189525,510360,2,20200921,93215650,1.597000,3000,4791.000000,-,-,B,507371,498386
1,1,189760,510360,2,20200921,93216000,1.596000,300,478.800000,-,-,S,499279,507743
1,1,189831,510360,2,20200921,93216120,1.597000,3000,4791.000000,-,-,B,507866,498386
1,1,190144,510360,2,20200921,93216650,1.597000,3000,4791.000000,-,-,B,508377,498386
1,1,190623,510360,2,20200921,93217200,1.597000,3000,4791.000000,-,-,B,509281,498386
1,1,190936,510360,2,20200921,93217670,1.597000,3100,4950.700000,-,-,B,509901,498386
1,1,191320,510360,2,20200921,93218100,1.597000,3000,4791.000000,-,-,B,510428,498386
1,1,191630,510360,2,20200921,93218610,1.597000,3000,4791.000000,-,-,B,511037,498386
1,1,191999,510360,2,20200921,93219080,1.597000,3000,4791.000000,-,-,B,511536,498386
1,1,192082,510360,2,20200921,93219260,1.597000,900,1437.300000,-,-,B,511678,498386
1,1,192413,510360,2,20200921,93219640,1.597000,3000,4791.000000,-,-,B,512128,498386
1,1,192678,510360,2,20200921,93219940,1.597000,300,479.100000,-,-,B,512583,498386
1,1,192776,510360,2,20200921,93220100,1.597000,3000,4791.000000,-,-,B,512831,498386
1,1,192800,510360,2,20200921,93220100,1.597000,9400,15011.800000,-,-,B,512870,498386
1,1,193123,510360,2,20200921,93220540,1.597000,2500,3992.500000,-,-,B,513531,498386
1,1,193889,510360,2,20200921,93221600,1.597000,5700,9102.900000,-,-,B,514896,498386
1,1,194064,510360,2,20200921,93221940,1.597000,100,159.700000,-,-,B,515290,498386
1,1,194719,510360,2,20200921,93222950,1.597000,3000,4791.000000,-,-,B,516473,498386
1,1,194968,510360,2,20200921,93223300,1.597000,5700,9102.900000,-,-,B,516953,498386
1,1,195069,510360,2,20200921,93223400,1.597000,3000,4791.000000,-,-,B,517149,498386
1,1,195416,510360,2,20200921,93223880,1.597000,3000,4791.000000,-,-,B,517841,498386
1,1,195794,510360,2,20200921,93224310,1.597000,300,479.100000,-,-,B,518464,498386
1,1,195808,510360,2,20200921,93224380,1.597000,600,958.200000,-,-,B,518504,498386
1,1,196194,510360,2,20200921,93224910,1.597000,4600,7346.200000,-,-,B,519155,498386
1,1,196211,510360,2,20200921,93224940,1.597000,300,479.100000,-,-,B,519190,498386
1,1,196264,510360,2,20200921,93225030,1.597000,1800,2874.600000,-,-,B,519277,498386
1,1,197278,510360,2,20200921,93226420,1.597000,4500,7186.500000,-,-,B,521166,498386
1,1,198575,510360,2,20200921,93228160,1.597000,2100,3353.700000,-,-,B,523120,498386
1,1,199726,510360,2,20200921,93229670,1.603000,600,961.800000,-,-,B,525075,494935
1,1,199870,510360,2,20200921,93229890,1.597000,10400,16608.800000,-,-,S,524134,525305
1,1,201039,510360,2,20200921,93231490,1.597000,10000,15970.000000,-,-,S,524134,527227
1,1,204482,510360,2,20200921,93236150,1.597000,25200,40244.400000,-,-,S,524134,533092
1,1,207351,510360,2,20200921,93240290,1.597000,3000,4791.000000,-,-,B,537852,533092
1,1,207599,510360,2,20200921,93240700,1.597000,3000,4791.000000,-,-,B,538323,533092
1,1,207904,510360,2,20200921,93241100,1.597000,3100,4950.700000,-,-,B,538827,533092
1,1,208279,510360,2,20200921,93241620,1.597000,3100,4950.700000,-,-,B,539550,533092
1,1,208578,510360,2,20200921,93242020,1.597000,3000,4791.000000,-,-,B,540044,533092
1,1,211060,510360,2,20200921,93245130,1.597000,3800,6068.600000,-,-,B,543569,533092
1,1,212694,510360,2,20200921,93247960,1.596000,700,1117.200000,-,-,S,499279,546637
1,1,215611,510360,2,20200921,93252570,1.596000,3200,5107.200000,-,-,B,551807,546637
1,1,215875,510360,2,20200921,93252940,1.596000,3100,4947.600000,-,-,B,552318,546637
1,1,216150,510360,2,20200921,93253400,1.596000,3100,4947.600000,-,-,B,552766,546637
1,1,216240,510360,2,20200921,93253570,1.596000,200,319.200000,-,-,B,552956,546637
1,1,216567,510360,2,20200921,93254010,1.596000,3100,4947.600000,-,-,B,553476,546637
1,1,216711,510360,2,20200921,93254170,1.596000,100,159.600000,-,-,B,553682,546637
1,1,216940,510360,2,20200921,93254550,1.596000,3100,4947.600000,-,-,B,554079,546637
1,1,217311,510360,2,20200921,93255000,1.596000,3100,4947.600000,-,-,B,554513,546637
1,1,217468,510360,2,20200921,93255470,1.596000,3100,4947.600000,-,-,B,554852,546637
1,1,217774,510360,2,20200921,93255970,1.596000,3100,4947.600000,-,-,B,555415,546637
1,1,218332,510360,2,20200921,93256420,1.596000,3200,5107.200000,-,-,B,556228,546637
1,1,218870,510360,2,20200921,93256970,1.596000,3100,4947.600000,-,-,B,557060,546637
1,1,219341,510360,2,20200921,93257500,1.596000,3100,4947.600000,-,-,B,557815,546637
1,1,219764,510360,2,20200921,93257970,1.596000,3100,4947.600000,-,-,B,558397,546637
1,1,220120,510360,2,20200921,93258500,1.596000,3100,4947.600000,-,-,B,559002,546637
1,1,220600,510360,2,20200921,93258960,1.596000,1300,2074.800000,-,-,B,559705,546637
1,1,220981,510360,2,20200921,93259410,1.596000,1300,2074.800000,-,-,B,560315,546637
1,1,221268,510360,2,20200921,93259840,1.596000,1400,2234.400000,-,-,B,560838,546637
1,1,221703,510360,2,20200921,93300330,1.596000,1300,2074.800000,-,-,B,561571,546637
1,1,222024,510360,2,20200921,93300820,1.596000,1400,2234.400000,-,-,B,562200,546637
1,1,222378,510360,2,20200921,93301260,1.596000,1300,2074.800000,-,-,B,562670,546637
1,1,222832,510360,2,20200921,93301670,1.596000,1400,2234.400000,-,-,B,563238,546637
1,1,222988,510360,2,20200921,93301860,1.596000,1700,2713.200000,-,-,B,563550,546637
1,1,223045,510360,2,20200921,93301920,1.596000,1000,1596.000000,-,-,B,563628,546637
1,1,223217,510360,2,20200921,93302110,1.596000,2200,3511.200000,-,-,B,563886,546637
1,1,223520,510360,2,20200921,93302500,1.596000,100,159.600000,-,-,B,564436,559870
1,1,224681,510360,2,20200921,93303850,1.596000,300,478.800000,-,-,B,566220,559870
1,1,224828,510360,2,20200921,93304090,1.603000,600,961.800000,-,-,B,566474,494935
1,1,232816,510360,2,20200921,93314330,1.597000,100,159.700000,-,-,B,580056,577073
1,1,232830,510360,2,20200921,93314330,1.597000,4000,6388.000000,-,-,B,580081,577073
1,1,238455,510360,2,20200921,93321800,1.596000,100,159.600000,-,-,B,589411,584661
1,1,241218,510360,2,20200921,93326310,1.596000,3000,4788.000000,-,-,B,594554,584661
1,1,241621,510360,2,20200921,93326950,1.596000,10000,15960.000000,-,-,B,595320,584661
1,1,242154,510360,2,20200921,93327740,1.596000,300,478.800000,-,-,B,596188,584661
1,1,244066,510360,2,20200921,93331320,1.596000,2100,3351.600000,-,-,S,599152,599938
1,1,245029,510360,2,20200921,93332850,1.596000,1600,2553.600000,-,-,S,599152,601655
1,1,250196,510360,2,20200921,93340180,1.596000,100,159.600000,-,-,B,609731,601655
1,1,255238,510360,2,20200921,93347730,1.595000,10000,15950.000000,-,-,S,325440,618144
1,1,255239,510360,2,20200921,93347730,1.595000,50000,79750.000000,-,-,S,560089,618144
1,1,263251,510360,2,20200921,93400200,1.596000,400,638.400000,-,-,B,631795,621501
1,1,270231,510360,2,20200921,93410110,1.595000,900,1435.500000,-,-,B,643892,638780
1,1,270509,510360,2,20200921,93410510,1.595000,800,1276.000000,-,-,B,644300,638780
1,1,270863,510360,2,20200921,93410920,1.595000,800,1276.000000,-,-,B,644918,638780
1,1,271162,510360,2,20200921,93411400,1.595000,800,1276.000000,-,-,B,645529,638780
1,1,271475,510360,2,20200921,93411910,1.595000,800,1276.000000,-,-,B,646097,638780
1,1,273844,510360,2,20200921,93415210,1.594000,10000,15940.000000,-,-,S,476823,650122
1,1,273845,510360,2,20200921,93415210,1.594000,6300,10042.200000,-,-,S,604384,650122
1,1,276253,510360,2,20200921,93419330,1.594000,100000,159400.000000,-,-,S,604384,654698
1,1,283466,510360,2,20200921,93431010,1.594000,200,318.800000,-,-,S,628800,667751
1,1,286735,510360,2,20200921,93436150,1.595000,200,319.000000,-,-,B,673673,661375
1,1,288468,510360,2,20200921,93438950,1.594000,14800,23591.200000,-,-,S,628800,676752
1,1,298174,510360,2,20200921,93455030,1.593000,10000,15930.000000,-,-,S,483459,693759
1,1,299854,510360,2,20200921,93457310,1.593000,2000,3186.000000,-,-,B,696208,693759
1,1,300089,510360,2,20200921,93457820,1.593000,2100,3345.300000,-,-,B,696675,693759
1,1,300092,510360,2,20200921,93457820,1.593000,200,318.600000,-,-,B,696686,693759
1,1,300370,510360,2,20200921,93458270,1.593000,2000,3186.000000,-,-,B,697104,693759
1,1,300678,510360,2,20200921,93458780,1.593000,1600,2548.800000,-,-,B,697564,693759
1,1,308735,510360,2,20200921,93510160,1.593000,12800,20390.400000,-,-,B,710618,693759
1,1,326843,510360,2,20200921,93536050,1.595000,400,638.000000,-,-,B,739843,666985
1,1,338119,510360,2,20200921,93554200,1.595000,900,1435.500000,-,-,B,759222,666985
1,1,343013,510360,2,20200921,93601110,1.596000,3000,4788.000000,-,-,B,767203,727036
1,1,343317,510360,2,20200921,93601580,1.596000,3100,4947.600000,-,-,B,767742,727036
1,1,343805,510360,2,20200921,93602120,1.596000,3100,4947.600000,-,-,B,768470,727036
1,1,344198,510360,2,20200921,93602600,1.596000,3100,4947.600000,-,-,B,769149,727036
1,1,344615,510360,2,20200921,93603130,1.596000,3100,4947.600000,-,-,B,769902,727036
1,1,345043,510360,2,20200921,93603700,1.596000,3100,4947.600000,-,-,B,770548,727036
1,1,345346,510360,2,20200921,93604190,1.596000,3100,4947.600000,-,-,B,771061,727036
1,1,345591,510360,2,20200921,93604640,1.596000,3000,4788.000000,-,-,B,771541,727036
1,1,346061,510360,2,20200921,93605120,1.596000,3100,4947.600000,-,-,B,772316,727036
1,1,346435,510360,2,20200921,93605650,1.596000,3100,4947.600000,-,-,B,772958,727036
1,1,346914,510360,2,20200921,93606200,1.596000,2200,3511.200000,-,-,B,773704,727036
1,1,347206,510360,2,20200921,93606700,1.596000,2200,3511.200000,-,-,B,774188,727036
1,1,347432,510360,2,20200921,93607160,1.596000,2200,3511.200000,-,-,B,774613,727036
1,1,347676,510360,2,20200921,93607570,1.596000,2200,3511.200000,-,-,B,775101,727036
1,1,348182,510360,2,20200921,93608110,1.596000,2200,3511.200000,-,-,B,775917,727036
1,1,348627,510360,2,20200921,93608630,1.596000,2200,3511.200000,-,-,B,776592,727036
1,1,349145,510360,2,20200921,93609180,1.596000,700,1117.200000,-,-,B,777278,727036
1,1,349493,510360,2,20200921,93609670,1.596000,600,957.600000,-,-,B,777862,727036
1,1,349813,510360,2,20200921,93610180,1.596000,700,1117.200000,-,-,B,778365,727036
1,1,350199,510360,2,20200921,93610580,1.596000,600,957.600000,-,-,B,778909,727036
1,1,350733,510360,2,20200921,93611020,1.596000,700,1117.200000,-,-,B,779679,727036
1,1,351139,510360,2,20200921,93611590,1.596000,600,957.600000,-,-,B,780425,727036
1,1,354604,510360,2,20200921,93616340,1.595000,2100,3349.500000,-,-,S,759222,786292
1,1,364757,510360,2,20200921,93630000,1.594000,100,159.400000,-,-,B,803950,793496
1,1,368830,510360,2,20200921,93636170,1.593000,17100,27240.300000,-,-,S,710618,811033
1,1,377445,510360,2,20200921,93650310,1.593000,1000,1593.000000,-,-,B,826080,824836
1,1,394207,510360,2,20200921,93718810,1.592000,10000,15920.000000,-,-,S,490189,855188
1,1,410565,510360,2,20200921,93747760,1.591000,6800,10818.800000,-,-,S,496692,883854
1,1,425797,510360,2,20200921,93812300,1.591000,1500,2386.500000,-,-,S,496692,908327
1,1,439611,510360,2,20200921,93838620,1.591000,1700,2704.700000,-,-,S,496692,932719
1,1,439612,510360,2,20200921,93838620,1.591000,4200,6682.200000,-,-,S,824972,932719
1,1,439613,510360,2,20200921,93838620,1.591000,5200,8273.200000,-,-,S,851283,932719
1,1,439614,510360,2,20200921,93838620,1.591000,100,159.100000,-,-,S,888239,932719
1,1,439615,510360,2,20200921,93838620,1.591000,48800,77640.800000,-,-,S,917182,932719
1,1,449578,510360,2,20200921,93858580,1.594000,1000,1594.000000,-,-,B,950493,944137
1,1,463494,510360,2,20200921,93927840,1.593000,100,159.300000,-,-,B,976173,950795
1,1,467361,510360,2,20200921,93935230,1.592000,4800,7641.600000,-,-,S,951342,982430
1,1,467362,510360,2,20200921,93935230,1.591000,26100,41525.100000,-,-,S,917182,982430
1,1,473093,510360,2,20200921,93947320,1.593000,1100,1752.300000,-,-,B,992857,950795
1,1,473094,510360,2,20200921,93947320,1.593000,3900,6212.700000,-,-,B,992857,982990
1,1,474147,510360,2,20200921,93949730,1.591000,37300,59344.300000,-,-,S,917182,994736
1,1,485083,510360,2,20200921,94008520,1.591000,500,795.500000,-,-,S,994080,1012969
1,1,485123,510360,2,20200921,94008610,1.591000,2500,3977.500000,-,-,B,1013053,1012969
1,1,495473,510360,2,20200921,94028120,1.592000,500,796.000000,-,-,S,1013053,1030957
1,1,507298,510360,2,20200921,94052600,1.592000,200,318.400000,-,-,S,1037839,1051782
1,1,552256,510360,2,20200921,94217920,1.590000,10000,15900.000000,-,-,B,1125215,1122739
1,1,552443,510360,2,20200921,94218380,1.592000,900,1432.800000,-,-,B,1125549,1051782
1,1,552472,510360,2,20200921,94218470,1.592000,1200,1910.400000,-,-,B,1125609,1051782
1,1,605094,510360,2,20200921,94429320,1.591000,95100,151304.100000,-,-,B,1218791,1209379
1,1,605095,510360,2,20200921,94429320,1.591000,60300,95937.300000,-,-,B,1218791,1218090
1,1,609053,510360,2,20200921,94439310,1.591000,700,1113.700000,-,-,B,1225483,1221843
1,1,612518,510360,2,20200921,94448540,1.591000,200,318.200000,-,-,B,1231470,1221843
1,1,625093,510360,2,20200921,94514270,1.590000,500,795.000000,-,-,S,1174008,1252365
1,1,625094,510360,2,20200921,94514270,1.590000,599500,953205.000000,-,-,S,1201048,1252365
1,1,659928,510360,2,20200921,94628950,1.592000,3700,5890.400000,-,-,B,1309772,1051782
1,1,672519,510360,2,20200921,94658880,1.593000,10000,15930.000000,-,-,B,1331399,1117320
1,1,672520,510360,2,20200921,94658880,1.593000,10000,15930.000000,-,-,B,1331399,1128078
1,1,684939,510360,2,20200921,94729030,1.594000,99100,157965.400000,-,-,B,1353305,1329861
1,1,685483,510360,2,20200921,94730150,1.594000,600,956.400000,-,-,S,1353305,1354106
1,1,686753,510360,2,20200921,94733050,1.594000,96900,154458.600000,-,-,S,1353305,1356267
1,1,707730,510360,2,20200921,94826820,1.594000,600,956.400000,-,-,S,1359669,1392621
1,1,707731,510360,2,20200921,94826820,1.594000,2500,3985.000000,-,-,S,1373366,1392621
1,1,722778,510360,2,20200921,94906960,1.594000,3000,4782.000000,-,-,S,1375029,1418242
1,1,722779,510360,2,20200921,94906960,1.594000,231100,368373.400000,-,-,S,1393694,1418242
1,1,733808,510360,2,20200921,94935740,1.593000,200,318.600000,-,-,S,1413736,1436890
1,1,736468,510360,2,20200921,94944700,1.593000,156700,249623.100000,-,-,S,1413736,1442309
1,1,736469,510360,2,20200921,94944700,1.593000,204200,325290.600000,-,-,S,1433007,1442309
1,1,742100,510360,2,20200921,94959420,1.593000,231600,368938.800000,-,-,B,1451822,1448208
1,1,748669,510360,2,20200921,95011670,1.593000,2900,4619.700000,-,-,B,1462380,1448208
1,1,752109,510360,2,20200921,95018260,1.592000,5000,7960.000000,-,-,S,1420052,1467473
1,1,757420,510360,2,20200921,95029360,1.592000,181000,288152.000000,-,-,B,1475506,1467473
1,1,769881,510360,2,20200921,95056880,1.590000,400500,636795.000000,-,-,S,1201048,1495600
1,1,769882,510360,2,20200921,95056880,1.590000,10000,15900.000000,-,-,S,1447880,1495600
1,1,769883,510360,2,20200921,95056880,1.590000,9000,14310.000000,-,-,S,1455568,1495600
1,1,771055,510360,2,20200921,95059180,1.590000,180500,286995.000000,-,-,B,1497390,1495600
1,1,771056,510360,2,20200921,95059180,1.590000,50000,79500.000000,-,-,B,1497390,1495888
1,1,773213,510360,2,20200921,95104270,1.590000,100000,159000.000000,-,-,B,1501160,1495888
1,1,800959,510360,2,20200921,95222630,1.591000,3000,4773.000000,-,-,S,1537513,1551401
1,1,826921,510360,2,20200921,95330870,1.592000,256700,408666.400000,-,-,S,1572757,1592094
1,1,826922,510360,2,20200921,95330870,1.592000,6300,10029.600000,-,-,S,1579263,1592094
1,1,826923,510360,2,20200921,95330870,1.592000,232200,369662.400000,-,-,S,1591061,1592094
1,1,851074,510360,2,20200921,95445850,1.592000,104800,166841.600000,-,-,B,1634769,1592094
1,1,851075,510360,2,20200921,95445850,1.592000,238500,379692.000000,-,-,B,1634769,1592277
1,1,851076,510360,2,20200921,95445850,1.592000,256700,408666.400000,-,-,B,1634769,1592673
1,1,851149,510360,2,20200921,95446310,1.592000,256700,408666.400000,-,-,S,1634769,1634999
1,1,851898,510360,2,20200921,95448230,1.591000,5000,7955.000000,-,-,S,1608005,1636120
1,1,869945,510360,2,20200921,95534850,1.593000,2300,3663.900000,-,-,S,1663522,1667814
1,1,880145,510360,2,20200921,95602920,1.595000,2400,3828.000000,-,-,S,1683206,1685365
1,1,880300,510360,2,20200921,95603270,1.595000,25000,39875.000000,-,-,S,1683206,1685611
1,1,880312,510360,2,20200921,95603310,1.595000,25000,39875.000000,-,-,S,1683206,1685648
1,1,880945,510360,2,20200921,95604800,1.595000,25000,39875.000000,-,-,S,1683206,1686717
1,1,881039,510360,2,20200921,95605020,1.595000,22100,35249.500000,-,-,S,1683206,1686912
1,1,881376,510360,2,20200921,95605620,1.595000,2700,4306.500000,-,-,S,1683206,1687466
1,1,881610,510360,2,20200921,95605990,1.595000,200,319.000000,-,-,S,1683206,1687724
1,1,883289,510360,2,20200921,95609160,1.595000,700,1116.500000,-,-,S,1683206,1690582
1,1,883331,510360,2,20200921,95609220,1.595000,1700,2711.500000,-,-,S,1683206,1690660
1,1,886056,510360,2,20200921,95614510,1.595000,300,478.500000,-,-,S,1683206,1695004
1,1,887193,510360,2,20200921,95617060,1.595000,1400,2233.000000,-,-,S,1683206,1696804
1,1,888234,510360,2,20200921,95619340,1.595000,3100,4944.500000,-,-,S,1683206,1698499
1,1,889103,510360,2,20200921,95620900,1.595000,74700,119146.500000,-,-,S,1683206,1699781
1,1,889344,510360,2,20200921,95621390,1.595000,49000,78155.000000,-,-,S,1683206,1700116
1,1,898319,510360,2,20200921,95650200,1.594000,3100,4941.400000,-,-,S,1705326,1716897
1,1,898533,510360,2,20200921,95650640,1.594000,3100,4941.400000,-,-,S,1705326,1717243
1,1,898626,510360,2,20200921,95650960,1.594000,3100,4941.400000,-,-,S,1705326,1717412
1,1,898690,510360,2,20200921,95651360,1.594000,3100,4941.400000,-,-,S,1705326,1717591
1,1,898845,510360,2,20200921,95651810,1.594000,3100,4941.400000,-,-,S,1705326,1717825
1,1,898950,510360,2,20200921,95652250,1.594000,3100,4941.400000,-,-,S,1705326,1718048
1,1,899068,510360,2,20200921,95652730,1.594000,3100,4941.400000,-,-,S,1705326,1718299
1,1,899188,510360,2,20200921,95653130,1.594000,3100,4941.400000,-,-,S,1705326,1718582
1,1,899289,510360,2,20200921,95653480,1.594000,3100,4941.400000,-,-,S,1705326,1718812
1,1,899406,510360,2,20200921,95653880,1.594000,3100,4941.400000,-,-,S,1705326,1719064
1,1,899452,510360,2,20200921,95654200,1.594000,3100,4941.400000,-,-,S,1705326,1719226
1,1,899525,510360,2,20200921,95654640,1.594000,3100,4941.400000,-,-,S,1705326,1719420
1,1,899637,510360,2,20200921,95655080,1.594000,3100,4941.400000,-,-,S,1705326,1719631
1,1,899758,510360,2,20200921,95655580,1.594000,3100,4941.400000,-,-,S,1705326,1719882
1,1,899899,510360,2,20200921,95656000,1.594000,3100,4941.400000,-,-,S,1705326,1720116
1,1,900034,510360,2,20200921,95656360,1.594000,3100,4941.400000,-,-,S,1705326,1720314
1,1,903663,510360,2,20200921,95708150,1.594000,3100,4941.400000,-,-,S,1705326,1726989
1,1,903928,510360,2,20200921,95708670,1.594000,3100,4941.400000,-,-,S,1705326,1727334
1,1,904031,510360,2,20200921,95709140,1.594000,3100,4941.400000,-,-,S,1705326,1727548
1,1,906883,510360,2,20200921,95718790,1.594000,185100,295049.400000,-,-,S,1705326,1732840
1,1,908202,510360,2,20200921,95723000,1.593000,3100,4938.300000,-,-,S,1722177,1735093
1,1,908371,510360,2,20200921,95723380,1.593000,3100,4938.300000,-,-,S,1722177,1735366
1,1,908532,510360,2,20200921,95723810,1.593000,3100,4938.300000,-,-,S,1722177,1735664
1,1,915452,510360,2,20200921,95746180,1.593000,1000,1593.000000,-,-,S,1722177,1747314
1,1,915596,510360,2,20200921,95746630,1.593000,1000,1593.000000,-,-,S,1722177,1747562
1,1,915767,510360,2,20200921,95747030,1.593000,1000,1593.000000,-,-,S,1722177,1747792
1,1,915916,510360,2,20200921,95747500,1.593000,1300,2070.900000,-,-,S,1722177,1748053
1,1,951786,510360,2,20200921,95956490,1.592000,28400,45212.800000,-,-,S,1782359,1810431
1,1,951967,510360,2,20200921,95957030,1.592000,28300,45053.600000,-,-,S,1782359,1810710
1,1,952801,510360,2,20200921,95959670,1.592000,3800,6049.600000,-,-,S,1797192,1812002
1,1,997907,510360,2,20200921,100221510,1.595000,2500,3987.500000,-,-,B,1890523,1846722
1,1,1052993,510360,2,20200921,100549730,1.594000,12700,20243.800000,-,-,S,1964836,1988555
1,1,1054683,510360,2,20200921,100555360,1.594000,12700,20243.800000,-,-,S,1964836,1991456
1,1,1056036,510360,2,20200921,100559330,1.595000,186300,297148.500000,-,-,B,1993486,1993362
1,1,1075605,510360,2,20200921,100707550,1.594000,155500,247867.000000,-,-,S,2007824,2025414
1,1,1075606,510360,2,20200921,100707550,1.594000,186700,297599.800000,-,-,S,2021645,2025414
1,1,1082789,510360,2,20200921,100724100,1.591000,10000,15910.000000,-,-,S,1659286,2035275
1,1,1084917,510360,2,20200921,100730230,1.593000,186500,297094.500000,-,-,B,2038649,2035177
1,1,1099776,510360,2,20200921,100816370,1.592000,223700,356130.400000,-,-,S,2053420,2061138
1,1,1103890,510360,2,20200921,100831670,1.592000,167600,266819.200000,-,-,S,2067691,2068293
1,1,1114817,510360,2,20200921,100910420,1.592000,3800,6049.600000,-,-,S,2081095,2086070
1,1,1135596,510360,2,20200921,101026850,1.592000,200,318.400000,-,-,S,2094442,2122828
1,1,1144433,510360,2,20200921,101059520,1.594000,188600,300628.400000,-,-,B,2139659,2132917
1,1,1146607,510360,2,20200921,101105590,1.594000,1400,2231.600000,-,-,B,2142758,2132917
1,1,1148130,510360,2,20200921,101111340,1.593000,3800,6053.400000,-,-,S,2124260,2145564
1,1,1149813,510360,2,20200921,101117160,1.593000,169700,270332.100000,-,-,S,2124260,2148423
1,1,1151891,510360,2,20200921,101125600,1.592000,2500,3980.000000,-,-,S,2125654,2152195
1,1,1152853,510360,2,20200921,101129540,1.593000,180900,288173.700000,-,-,B,2153971,2152116
1,1,1164068,510360,2,20200921,101216130,1.592000,500,796.000000,-,-,S,2166354,2173574
1,1,1198170,510360,2,20200921,101442370,1.593000,199900,318440.700000,-,-,S,2214958,2232380
1,1,1198171,510360,2,20200921,101442370,1.593000,179400,285784.200000,-,-,S,2227826,2232380
1,1,1232579,510360,2,20200921,101708830,1.593000,132400,210913.200000,-,-,S,2285796,2289035
1,1,1235767,510360,2,20200921,101719450,1.592000,100,159.200000,-,-,S,2275053,2293866
1,1,1236297,510360,2,20200921,101720990,1.593000,500,796.500000,-,-,B,2294764,2289035
1,1,1240648,510360,2,20200921,101738610,1.593000,1000,1593.000000,-,-,B,2301866,2289035
1,1,1245849,510360,2,20200921,101804220,1.592000,147200,234342.400000,-,-,S,2309770,2310970
1,1,1271577,510360,2,20200921,102010080,1.593000,800,1274.400000,-,-,B,2355539,2289035
1,1,1297677,510360,2,20200921,102148130,1.593000,6000,9558.000000,-,-,B,2398431,2394955
1,1,1352961,510360,2,20200921,102556120,1.590000,600,954.000000,-,-,S,1598432,2487385
1,1,1352962,510360,2,20200921,102556120,1.590000,400,636.000000,-,-,S,1648831,2487385
1,1,1356521,510360,2,20200921,102608260,1.590000,9600,15264.000000,-,-,S,1648831,2492143
1,1,1356522,510360,2,20200921,102608260,1.590000,400,636.000000,-,-,S,1662705,2492143
1,1,1375023,510360,2,20200921,102727190,1.591000,100,159.100000,-,-,B,2520500,2480153
1,1,1436000,510360,2,20200921,103248690,1.591000,100,159.100000,-,-,S,2569179,2629229
1,1,1447658,510360,2,20200921,103352450,1.590000,8300,13197.000000,-,-,S,1662705,2649890
1,1,1489618,510360,2,20200921,103759100,1.592000,500,796.000000,-,-,B,2722914,2717921
1,1,1509244,510360,2,20200921,103946910,1.590000,1200,1908.000000,-,-,S,1662705,2755379
1,1,1524354,510360,2,20200921,104106750,1.590000,100,159.000000,-,-,S,1662705,2780810
1,1,1524355,510360,2,20200921,104106750,1.590000,2900,4611.000000,-,-,S,2260787,2780810
1,1,1524356,510360,2,20200921,104106750,1.590000,28800,45792.000000,-,-,S,2345833,2780810
1,1,1524357,510360,2,20200921,104106750,1.590000,400,636.000000,-,-,S,2441102,2780810
1,1,1524358,510360,2,20200921,104106750,1.590000,6000,9540.000000,-,-,S,2546016,2780810
1,1,1524359,510360,2,20200921,104106750,1.590000,1600,2544.000000,-,-,S,2557239,2780810
1,1,1524360,510360,2,20200921,104106750,1.590000,5000,7950.000000,-,-,S,2656732,2780810
1,1,1524361,510360,2,20200921,104106750,1.590000,1600,2544.000000,-,-,S,2680471,2780810
1,1,1524362,510360,2,20200921,104106750,1.590000,5000,7950.000000,-,-,S,2698754,2780810
1,1,1524363,510360,2,20200921,104106750,1.590000,1000,1590.000000,-,-,S,2701452,2780810
1,1,1524364,510360,2,20200921,104106750,1.590000,100,159.000000,-,-,S,2769353,2780810
1,1,1524365,510360,2,20200921,104106750,1.590000,1000,1590.000000,-,-,S,2774638,2780810
1,1,1524366,510360,2,20200921,104106750,1.590000,100,159.000000,-,-,S,2778807,2780810
1,1,1526658,510360,2,20200921,104120820,1.590000,100,159.000000,-,-,B,2784858,2781963
1,1,1535176,510360,2,20200921,104215460,1.590000,2100,3339.000000,-,-,B,2799840,2781963
1,1,1552440,510360,2,20200921,104402410,1.589000,1000,1589.000000,-,-,S,1552389,2829090
1,1,1552441,510360,2,20200921,104402410,1.589000,1400,2224.600000,-,-,S,1665914,2829090
1,1,1563506,510360,2,20200921,104513550,1.589000,8600,13665.400000,-,-,S,1665914,2848350
1,1,1563507,510360,2,20200921,104513550,1.589000,2000,3178.000000,-,-,S,2090817,2848350
1,1,1563508,510360,2,20200921,104513550,1.589000,6300,10010.700000,-,-,S,2486910,2848350
1,1,1563509,510360,2,20200921,104513550,1.589000,12600,20021.400000,-,-,S,2498879,2848350
1,1,1563510,510360,2,20200921,104513550,1.589000,30100,47828.900000,-,-,S,2576875,2848350
1,1,1563511,510360,2,20200921,104513550,1.589000,3200,5084.800000,-,-,S,2829377,2848350
1,1,1563769,510360,2,20200921,104515420,1.589000,1800,2860.200000,-,-,B,2848805,2848350
1,1,1570188,510360,2,20200921,104559330,1.588000,100,158.800000,-,-,S,1014333,2860429
1,1,1570189,510360,2,20200921,104559330,1.588000,180400,286475.200000,-,-,S,1581337,2860429
1,1,1586648,510360,2,20200921,104720400,1.589000,700,1112.300000,-,-,B,2885393,2848350
1,1,1606391,510360,2,20200921,104915770,1.589000,600,953.400000,-,-,B,2916319,2848350
1,1,1614953,510360,2,20200921,104952350,1.588000,600000,952800.000000,-,-,S,1581337,2927340
1,1,1623201,510360,2,20200921,105022620,1.588000,1600,2540.800000,-,-,S,1581337,2938009
1,1,1632666,510360,2,20200921,105107210,1.588000,1400,2223.200000,-,-,S,1581337,2952960
1,1,1646383,510360,2,20200921,105227780,1.589000,800,1271.200000,-,-,B,2978568,2848350
1,1,1681401,510360,2,20200921,105648960,1.589000,1700,2701.300000,-,-,B,3042834,2848350
1,1,1683168,510360,2,20200921,105700720,1.590000,900,1431.000000,-,-,B,3045734,2824460
1,1,1684956,510360,2,20200921,105714060,1.590000,600,954.000000,-,-,B,3049014,2824460
1,1,1701694,510360,2,20200921,105916100,1.590000,400,636.000000,-,-,B,3078035,2824460
1,1,1756374,510360,2,20200921,110412910,1.588000,1400,2223.200000,-,-,S,1581337,3165643
1,1,1756953,510360,2,20200921,110416770,1.588000,100,158.800000,-,-,S,1581337,3166594
1,1,1784381,510360,2,20200921,110727070,1.588000,700,1111.600000,-,-,S,1581337,3214360
1,1,1788652,510360,2,20200921,110800550,1.590000,100,159.000000,-,-,B,3221997,2824460
1,1,1794697,510360,2,20200921,110832530,1.588000,214400,340467.200000,-,-,S,1581337,3231625
1,1,1794698,510360,2,20200921,110832530,1.588000,10000,15880.000000,-,-,S,1669009,3231625
1,1,1794699,510360,2,20200921,110832530,1.588000,2000,3176.000000,-,-,S,2135525,3231625
1,1,1794700,510360,2,20200921,110832530,1.588000,2000,3176.000000,-,-,S,2545667,3231625
1,1,1794701,510360,2,20200921,110832530,1.588000,100,158.800000,-,-,S,3086967,3231625
1,1,1795495,510360,2,20200921,110837310,1.587000,4000,6348.000000,-,-,S,2286777,3232909
1,1,1795496,510360,2,20200921,110837310,1.587000,100,158.700000,-,-,S,2991827,3232909
1,1,1801489,510360,2,20200921,110924750,1.587000,71800,113946.600000,-,-,B,3243268,3232909
1,1,1805353,510360,2,20200921,110953970,1.587000,28200,44753.400000,-,-,S,3243268,3249742
1,1,1813043,510360,2,20200921,111039130,1.587000,900,1428.300000,-,-,B,3262893,3249742
1,1,1818049,510360,2,20200921,111105660,1.587000,46700,74112.900000,-,-,B,3270781,3249742
1,1,1865378,510360,2,20200921,111600540,1.587000,900,1428.300000,-,-,S,3271002,3349473
1,1,1865379,510360,2,20200921,111600540,1.587000,300,476.100000,-,-,S,3271220,3349473
1,1,1869560,510360,2,20200921,111615020,1.587000,2700,4284.900000,-,-,S,3271220,3354748
1,1,1869561,510360,2,20200921,111615020,1.587000,2000,3174.000000,-,-,S,3310182,3354748
1,1,1869562,510360,2,20200921,111615020,1.587000,10000,15870.000000,-,-,S,3312574,3354748
1,1,1875018,510360,2,20200921,111641150,1.587000,100,158.700000,-,-,B,3361907,3355775
1,1,1880893,510360,2,20200921,111718920,1.587000,100,158.700000,-,-,B,3371426,3355775
1,1,1889981,510360,2,20200921,111816060,1.586000,10000,15860.000000,-,-,S,3320436,3385875
1,1,1892986,510360,2,20200921,111835920,1.586000,100,158.600000,-,-,B,3390744,3390539
1,1,1902843,510360,2,20200921,111950220,1.587000,599800,951882.600000,-,-,B,3407939,3355775
1,1,1902844,510360,2,20200921,111950220,1.587000,100,158.700000,-,-,B,3407939,3362034
1,1,1902845,510360,2,20200921,111950220,1.587000,100,158.700000,-,-,B,3407939,3371547
1,1,1903004,510360,2,20200921,111951010,1.587000,390000,618930.000000,-,-,S,3407939,3408214
1,1,1903005,510360,2,20200921,111951010,1.587000,209800,332952.600000,-,-,S,3407940,3408214
1,1,1903034,510360,2,20200921,111951350,1.587000,200,317.400000,-,-,S,3407940,3408299
1,1,1903081,510360,2,20200921,111951740,1.587000,600000,952200.000000,-,-,S,3407940,3408381
1,1,1903157,510360,2,20200921,111952350,1.587000,180000,285660.000000,-,-,S,3407940,3408496
1,1,1903158,510360,2,20200921,111952350,1.587000,20000,31740.000000,-,-,S,3407941,3408496
1,1,1904972,510360,2,20200921,112004540,1.587000,6700,10632.900000,-,-,B,3411840,3408496
1,1,1907927,510360,2,20200921,112017690,1.588000,10000,15880.000000,-,-,B,3416847,3310125
1,1,1912300,510360,2,20200921,112049420,1.588000,100,158.800000,-,-,B,3425306,3396247
1,1,1942423,510360,2,20200921,112508750,1.588000,1000,1588.000000,-,-,B,3481168,3396247
1,1,1974137,510360,2,20200921,130000810,1.589000,200,317.800000,-,-,B,3542411,3491576
1,1,1975543,510360,2,20200921,130001110,1.589000,100,158.900000,-,-,B,3546601,3491576
1,1,1988530,510360,2,20200921,130026080,1.587000,5100,8093.700000,-,-,S,3568977,3579150
1,1,2045586,510360,2,20200921,130743540,1.587000,3700,5871.900000,-,-,B,3679196,3617892
1,1,2045587,510360,2,20200921,130743540,1.587000,1000,1587.000000,-,-,B,3679196,3669660
1,1,2118969,510360,2,20200921,131635440,1.587000,300,476.100000,-,-,S,3699172,3806521
1,1,2178675,510360,2,20200921,132329830,1.586000,600,951.600000,-,-,S,3407419,3907346
1,1,2178676,510360,2,20200921,132329830,1.586000,10000,15860.000000,-,-,S,3469724,3907346
1,1,2178677,510360,2,20200921,132329830,1.586000,10000,15860.000000,-,-,S,3621960,3907346
1,1,2178678,510360,2,20200921,132329830,1.586000,10000,15860.000000,-,-,S,3695258,3907346
1,1,2178679,510360,2,20200921,132329830,1.586000,5200,8247.200000,-,-,S,3764093,3907346
1,1,2178680,510360,2,20200921,132329830,1.586000,1000,1586.000000,-,-,S,3866258,3907346
1,1,2185221,510360,2,20200921,132414790,1.585000,100,158.500000,-,-,S,326176,3917611
1,1,2192893,510360,2,20200921,132501640,1.585000,500,792.500000,-,-,S,1214803,3928864
1,1,2192894,510360,2,20200921,132501640,1.585000,200,317.000000,-,-,S,2566535,3928864
1,1,2192895,510360,2,20200921,132501640,1.585000,300,475.500000,-,-,S,2715236,3928864
1,1,2192896,510360,2,20200921,132501640,1.585000,10000,15850.000000,-,-,S,3330008,3928864
1,1,2192897,510360,2,20200921,132501640,1.585000,15500,24567.500000,-,-,S,3442356,3928864
1,1,2192898,510360,2,20200921,132501640,1.585000,573500,908997.500000,-,-,S,3511347,3928864
1,1,2192943,510360,2,20200921,132501960,1.585000,15800,25043.000000,-,-,S,3511347,3928942
1,1,2205027,510360,2,20200921,132627660,1.586000,3600,5709.600000,-,-,B,3948633,3915174
1,1,2220523,510360,2,20200921,132820590,1.586000,300,475.800000,-,-,B,3975394,3974186
1,1,2222501,510360,2,20200921,132837200,1.585000,400700,635109.500000,-,-,S,3511347,3979040
1,1,2222502,510360,2,20200921,132837200,1.585000,10000,15850.000000,-,-,S,3511348,3979040
1,1,2222503,510360,2,20200921,132837200,1.585000,10000,15850.000000,-,-,S,3691100,3979040
1,1,2222504,510360,2,20200921,132837200,1.585000,2000,3170.000000,-,-,S,3958577,3979040
1,1,2240443,510360,2,20200921,133028380,1.585000,10000,15850.000000,-,-,B,4010073,4002035
1,1,2241604,510360,2,20200921,133035860,1.585000,3000,4755.000000,-,-,B,4012060,4002035
1,1,2253458,510360,2,20200921,133134670,1.584000,2000,3168.000000,-,-,B,4030203,4021011
1,1,2267680,510360,2,20200921,133252120,1.584000,600,950.400000,-,-,B,4051319,4021011
1,1,2282685,510360,2,20200921,133422190,1.583000,600000,949800.000000,-,-,S,4029086,4074514
1,1,2282752,510360,2,20200921,133422530,1.583000,390000,617370.000000,-,-,S,4029086,4074602
1,1,2282753,510360,2,20200921,133422530,1.583000,210000,332430.000000,-,-,S,4029087,4074602
1,1,2283055,510360,2,20200921,133423200,1.583000,600000,949800.000000,-,-,S,4029087,4074713
1,1,2283153,510360,2,20200921,133423790,1.583000,180000,284940.000000,-,-,S,4029087,4074836
1,1,2283154,510360,2,20200921,133423790,1.583000,20000,31660.000000,-,-,S,4029088,4074836
1,1,2289098,510360,2,20200921,133459240,1.583000,2000,3166.000000,-,-,B,4083784,4076969
1,1,2315853,510360,2,20200921,133725620,1.583000,500,791.500000,-,-,B,4123869,4076969
1,1,2317404,510360,2,20200921,133736290,1.583000,10000,15830.000000,-,-,B,4126540,4076969
1,1,2335441,510360,2,20200921,133920300,1.584000,5000,7920.000000,-,-,B,4156536,4021011
1,1,2345670,510360,2,20200921,134025970,1.583000,12600,19945.800000,-,-,S,4150013,4174923
1,1,2345671,510360,2,20200921,134025970,1.583000,1300,2057.900000,-,-,S,4164526,4174923
1,1,2390807,510360,2,20200921,134545800,1.582000,100,158.200000,-,-,S,959422,4254244
1,1,2400934,510360,2,20200921,134712210,1.584000,500,792.000000,-,-,B,4272061,4248337
1,1,2411400,510360,2,20200921,134842150,1.584000,700,1108.800000,-,-,B,4290994,4248337
1,1,2434458,510360,2,20200921,135136930,1.585000,3200,5072.000000,-,-,B,4331340,4301965
1,1,2517114,510360,2,20200921,140226030,1.583000,1500,2374.500000,-,-,S,4422455,4471631
1,1,2556823,510360,2,20200921,140717340,1.582000,9900,15661.800000,-,-,S,959422,4535173
1,1,2556824,510360,2,20200921,140717340,1.582000,500,791.000000,-,-,S,1224785,4535173
1,1,2556825,510360,2,20200921,140717340,1.582000,10000,15820.000000,-,-,S,4316622,4535173
1,1,2556826,510360,2,20200921,140717340,1.582000,200,316.400000,-,-,S,4481766,4535173
1,1,2597640,510360,2,20200921,141110080,1.583000,20000,31660.000000,-,-,S,4590765,4599648
1,1,2632310,510360,2,20200921,141527200,1.586000,5000,7930.000000,-,-,B,4662768,4631106
1,1,2660351,510360,2,20200921,141911750,1.583000,4400,6965.200000,-,-,S,4633720,4711722
1,1,2660352,510360,2,20200921,141911750,1.583000,300,474.900000,-,-,S,4641688,4711722
1,1,2715148,510360,2,20200921,142625670,1.581000,1000,1581.000000,-,-,S,4301006,4804614
1,1,2716442,510360,2,20200921,142635690,1.583000,200,316.600000,-,-,B,4806827,4783711
1,1,2734351,510360,2,20200921,142841120,1.581000,100,158.100000,-,-,S,4301006,4834734
1,1,2734352,510360,2,20200921,142841120,1.581000,100,158.100000,-,-,S,4805734,4834734
1,1,2734353,510360,2,20200921,142841120,1.581000,1000,1581.000000,-,-,S,4809525,4834734
1,1,2739758,510360,2,20200921,142900310,1.581000,200,316.200000,-,-,B,4840877,4834734
1,1,2743518,510360,2,20200921,142917790,1.580000,10000,15800.000000,-,-,S,262920,4846046
1,1,2743519,510360,2,20200921,142917790,1.580000,2500,3950.000000,-,-,S,2875238,4846046
1,1,2743520,510360,2,20200921,142917790,1.580000,300,474.000000,-,-,S,3546162,4846046
1,1,2743521,510360,2,20200921,142917790,1.580000,1000,1580.000000,-,-,S,4303606,4846046
1,1,2751578,510360,2,20200921,142948970,1.580000,700,1106.000000,-,-,B,4854007,4846046
1,1,2762467,510360,2,20200921,143030460,1.579000,5000,7895.000000,-,-,S,2271246,4869182
1,1,2762468,510360,2,20200921,143030460,1.579000,500,789.500000,-,-,S,4269354,4869182
1,1,2762469,510360,2,20200921,143030460,1.579000,152000,240008.000000,-,-,S,4866512,4869182
1,1,2784218,510360,2,20200921,143232390,1.578000,1000,1578.000000,-,-,S,685684,4904713
1,1,2791877,510360,2,20200921,143312940,1.581000,900,1422.900000,-,-,B,4916262,4898556
1,1,2807778,510360,2,20200921,143448110,1.581000,5000,7905.000000,-,-,B,4940310,4898556
1,1,2820005,510360,2,20200921,143558620,1.581000,3000,4743.000000,-,-,B,4960052,4898556
1,1,2839677,510360,2,20200921,143755160,1.581000,10000,15810.000000,-,-,B,4991796,4898556
1,1,2883616,510360,2,20200921,144211120,1.581000,100,158.100000,-,-,S,5011604,5066743
1,1,2883617,510360,2,20200921,144211120,1.581000,59900,94701.900000,-,-,S,5060575,5066743
1,1,2900282,510360,2,20200921,144353140,1.583000,9500,15038.500000,-,-,B,5095135,5084388
1,1,2901299,510360,2,20200921,144400210,1.583000,1000,1583.000000,-,-,B,5096863,5084388
1,1,2909251,510360,2,20200921,144446630,1.583000,3000,4749.000000,-,-,B,5109674,5084388
1,1,2959927,510360,2,20200921,144922930,1.583000,1000,1583.000000,-,-,B,5189221,5101371
1,1,2959928,510360,2,20200921,144922930,1.583000,1000,1583.000000,-,-,B,5189221,5155007
1,1,2962898,510360,2,20200921,144939650,1.583000,700,1108.100000,-,-,B,5193856,5155007
1,1,2969879,510360,2,20200921,145007410,1.583000,200,316.600000,-,-,B,5204450,5155007
1,1,2970519,510360,2,20200921,145009110,1.583000,100,158.300000,-,-,B,5205231,5155007
1,1,2975628,510360,2,20200921,145030670,1.583000,37900,59995.700000,-,-,B,5212631,5155007
1,1,2989825,510360,2,20200921,145132650,1.582000,500,791.000000,-,-,B,5233447,5226222
1,1,2993461,510360,2,20200921,145146740,1.583000,300,474.900000,-,-,B,5238551,5155007
1,1,3019094,510360,2,20200921,145330250,1.581000,6300,9960.300000,-,-,S,5083375,5274929
1,1,3019095,510360,2,20200921,145330250,1.581000,100,158.100000,-,-,S,5126462,5274929
1,1,3019096,510360,2,20200921,145330250,1.581000,10000,15810.000000,-,-,S,5158675,5274929
1,1,3033260,510360,2,20200921,145418120,1.581000,600000,948600.000000,-,-,B,5293502,5288666
1,1,3071207,510360,2,20200921,145621760,1.582000,200,316.400000,-,-,B,5346822,5243812
1,1,3078313,510360,2,20200921,145645110,1.582000,7600,12023.200000,-,-,B,5355660,5243812
1,1,3082785,510360,2,20200921,145730820,1.582000,1500,2373.000000,-,-,B,5370954,5243812
1,1,3083439,510360,2,20200921,145807610,1.582000,42800,67709.600000,-,-,B,5378703,5243812
1,1,3084937,510360,2,20200921,145916660,1.582000,10000,15820.000000,-,-,B,5390629,5243812
1,1,3085045,510360,2,20200921,145922360,1.582000,8500,13447.000000,-,-,B,5391715,5243812
1,1,3085296,510360,2,20200921,145940790,1.582000,10000,15820.000000,-,-,B,5394966,5243812
1,1,3085350,510360,2,20200921,145944230,1.582000,100,158.200000,-,-,B,5395534,5243812
