Datetime,Price,Volume
2020-09-21 09:25:00.540,4.815,1200
2020-09-21 09:25:00.540,4.815,300
2020-09-21 09:25:00.540,4.815,2000
2020-09-21 09:25:00.540,4.815,10000
2020-09-21 09:25:00.540,4.815,3900
2020-09-21 09:25:00.540,4.815,1000
2020-09-21 09:25:00.540,4.815,1900
2020-09-21 09:25:00.540,4.815,5900
2020-09-21 09:25:00.540,4.815,31000
2020-09-21 09:25:00.540,4.815,10300
2020-09-21 09:25:00.540,4.815,54000
2020-09-21 09:25:00.540,4.815,10000
2020-09-21 09:25:00.540,4.815,10000
2020-09-21 09:25:00.540,4.815,10000
2020-09-21 09:25:00.540,4.815,10000
2020-09-21 09:25:00.540,4.815,10000
2020-09-21 09:25:00.540,4.815,3800
2020-09-21 09:25:00.540,4.815,14900
2020-09-21 09:25:00.540,4.815,6800
2020-09-21 09:25:00.540,4.815,14100
2020-09-21 09:25:00.540,4.815,18500
2020-09-21 09:25:00.540,4.815,1500
2020-09-21 09:25:00.540,4.815,1700
2020-09-21 09:25:00.540,4.815,300
2020-09-21 09:25:00.540,4.815,400
2020-09-21 09:25:00.540,4.815,2600
2020-09-21 09:25:00.540,4.815,7400
2020-09-21 09:25:00.540,4.815,3000
2020-09-21 09:25:00.540,4.815,1200
2020-09-21 09:25:00.540,4.815,500
2020-09-21 09:25:00.540,4.815,200
2020-09-21 09:25:00.540,4.815,1300
2020-09-21 09:25:00.540,4.815,11800
2020-09-21 09:25:00.540,4.815,600
2020-09-21 09:25:00.540,4.815,2100
2020-09-21 09:25:00.540,4.815,6000
2020-09-21 09:25:00.540,4.815,6900
2020-09-21 09:25:00.540,4.815,5100
2020-09-21 09:25:00.540,4.815,2500
2020-09-21 09:25:00.540,4.815,5000
2020-09-21 09:25:00.540,4.815,200
2020-09-21 09:25:00.540,4.815,2400
2020-09-21 09:25:00.540,4.815,300
2020-09-21 09:25:00.540,4.815,100
2020-09-21 09:25:00.540,4.815,1700
2020-09-21 09:25:00.540,4.815,1300
2020-09-21 09:25:00.540,4.815,100
2020-09-21 09:25:00.540,4.815,1000
2020-09-21 09:25:00.540,4.815,2100
2020-09-21 09:25:00.540,4.815,15000
2020-09-21 09:25:00.540,4.815,3600
2020-09-21 09:25:00.540,4.815,3900
2020-09-21 09:25:00.540,4.815,11100
2020-09-21 09:25:00.540,4.815,900
2020-09-21 09:25:00.540,4.815,2000
2020-09-21 09:25:00.540,4.815,5000
2020-09-21 09:25:00.540,4.815,40000
2020-09-21 09:25:00.540,4.815,15000
2020-09-21 09:25:00.540,4.815,5000
2020-09-21 09:25:00.540,4.815,1000
2020-09-21 09:25:00.540,4.815,3000
2020-09-21 09:25:00.540,4.815,11000
2020-09-21 09:25:00.540,4.815,300
2020-09-21 09:25:00.540,4.815,50000
2020-09-21 09:25:00.540,4.815,15200
2020-09-21 09:25:00.540,4.815,29300
2020-09-21 09:25:00.540,4.815,3400
2020-09-21 09:25:00.540,4.815,11500
2020-09-21 09:25:00.540,4.815,300
2020-09-21 09:25:00.540,4.815,17400
2020-09-21 09:25:00.540,4.815,20800
2020-09-21 09:25:00.540,4.815,20000
2020-09-21 09:25:00.540,4.815,19200
2020-09-21 09:25:00.540,4.815,200
2020-09-21 09:25:00.540,4.815,17600
2020-09-21 09:25:00.540,4.815,18000
2020-09-21 09:25:00.540,4.815,7000
2020-09-21 09:25:00.540,4.815,50000
2020-09-21 09:25:00.540,4.815,124000
2020-09-21 09:25:00.540,4.815,30600
2020-09-21 09:25:00.540,4.815,30400
2020-09-21 09:25:00.540,4.815,20000
2020-09-21 09:25:00.540,4.815,200
2020-09-21 09:25:00.540,4.815,300
2020-09-21 09:25:00.540,4.815,100
2020-09-21 09:25:00.540,4.815,15000
2020-09-21 09:25:00.540,4.815,12400
2020-09-21 09:25:00.540,4.815,3200
2020-09-21 09:25:00.540,4.815,200
2020-09-21 09:25:00.540,4.815,100
2020-09-21 09:25:00.540,4.815,1300
2020-09-21 09:25:00.540,4.815,2800
2020-09-21 09:25:00.540,4.815,7200
2020-09-21 09:25:00.540,4.815,1000
2020-09-21 09:25:00.540,4.815,1800
2020-09-21 09:25:00.540,4.815,18600
2020-09-21 09:25:00.540,4.815,1900
2020-09-21 09:25:00.540,4.815,5000
2020-09-21 09:25:00.540,4.815,20000
2020-09-21 09:25:00.540,4.815,50000
2020-09-21 09:25:00.540,4.815,3000
2020-09-21 09:25:00.540,4.815,10100
2020-09-21 09:25:00.540,4.815,5000
2020-09-21 09:25:00.540,4.815,4600
2020-09-21 09:25:00.540,4.815,8400
2020-09-21 09:25:00.540,4.815,11600
2020-09-21 09:25:00.540,4.815,2600
2020-09-21 09:25:00.540,4.815,100
2020-09-21 09:25:00.540,4.815,17900
2020-09-21 09:25:00.540,4.815,1200
2020-09-21 09:25:00.540,4.815,9400
2020-09-21 09:25:00.540,4.815,25300
2020-09-21 09:25:00.540,4.815,11800
2020-09-21 09:25:00.540,4.815,10000
2020-09-21 09:25:00.540,4.815,30000
2020-09-21 09:25:00.540,4.815,5000
2020-09-21 09:25:00.540,4.815,600
2020-09-21 09:25:00.540,4.815,2200
2020-09-21 09:25:00.540,4.815,21500
2020-09-21 09:25:00.540,4.815,10000
2020-09-21 09:25:00.540,4.815,10000
2020-09-21 09:25:00.540,4.815,10000
2020-09-21 09:25:00.540,4.815,36400
2020-09-21 09:25:00.540,4.815,300
2020-09-21 09:25:00.540,4.815,2300
2020-09-21 09:25:00.540,4.815,7700
2020-09-21 09:25:00.540,4.815,2300
2020-09-21 09:25:00.540,4.815,41200
2020-09-21 09:25:00.540,4.815,8300
2020-09-21 09:25:00.540,4.815,2900
2020-09-21 09:25:00.540,4.815,7700
2020-09-21 09:25:00.540,4.815,9000
2020-09-21 09:25:00.540,4.815,93000
2020-09-21 09:25:00.540,4.815,1000
2020-09-21 09:25:00.540,4.815,100
2020-09-21 09:25:00.540,4.815,1800
2020-09-21 09:25:00.540,4.815,4100
2020-09-21 09:25:00.540,4.815,500
2020-09-21 09:25:00.540,4.815,1600
2020-09-21 09:25:00.540,4.815,2200
2020-09-21 09:25:00.540,4.815,100
2020-09-21 09:25:00.540,4.815,3300
2020-09-21 09:25:00.540,4.815,2000
2020-09-21 09:25:00.540,4.815,100
2020-09-21 09:25:00.540,4.815,800
2020-09-21 09:25:00.540,4.815,100
2020-09-21 09:25:00.540,4.815,700
2020-09-21 09:25:00.540,4.815,5000
2020-09-21 09:25:00.540,4.815,4100
2020-09-21 09:25:00.540,4.815,900
2020-09-21 09:25:00.540,4.815,3000
2020-09-21 09:25:00.540,4.815,100
2020-09-21 09:25:00.540,4.815,700
2020-09-21 09:25:00.540,4.815,3300
2020-09-21 09:25:00.540,4.815,800
2020-09-21 09:25:00.540,4.815,2900
2020-09-21 09:25:00.540,4.815,2100
2020-09-21 09:25:00.540,4.815,900
2020-09-21 09:25:00.540,4.815,200
2020-09-21 09:25:00.540,4.815,1000
2020-09-21 09:25:00.540,4.815,1000
2020-09-21 09:25:00.540,4.815,3000
2020-09-21 09:25:00.540,4.815,200
2020-09-21 09:25:00.540,4.815,6000
2020-09-21 09:25:00.540,4.815,500
2020-09-21 09:25:00.540,4.815,200
2020-09-21 09:25:00.540,4.815,100
2020-09-21 09:25:00.540,4.815,200
2020-09-21 09:25:00.540,4.815,100
2020-09-21 09:25:00.540,4.815,400
2020-09-21 09:25:00.540,4.815,200
2020-09-21 09:25:00.540,4.815,10000
2020-09-21 09:25:00.540,4.815,3000
2020-09-21 09:25:00.540,4.815,15000
2020-09-21 09:25:00.540,4.815,200
2020-09-21 09:25:00.540,4.815,5000
2020-09-21 09:25:00.540,4.815,1000
2020-09-21 09:25:00.540,4.815,4000
2020-09-21 09:25:00.540,4.815,2200
2020-09-21 09:25:00.540,4.815,1500
2020-09-21 09:25:00.540,4.815,300
2020-09-21 09:25:00.540,4.815,20000
2020-09-21 09:25:00.540,4.815,300
2020-09-21 09:25:00.540,4.815,100
2020-09-21 09:25:00.540,4.815,100
2020-09-21 09:25:00.540,4.815,100
2020-09-21 09:25:00.540,4.815,300
2020-09-21 09:25:00.540,4.815,200
2020-09-21 09:25:00.540,4.815,300
2020-09-21 09:25:00.540,4.815,26100
2020-09-21 09:25:00.540,4.815,1000
2020-09-21 09:25:00.540,4.815,100
2020-09-21 09:25:00.540,4.815,100
2020-09-21 09:25:00.540,4.815,100
2020-09-21 09:25:00.540,4.815,200
2020-09-21 09:25:00.540,4.815,400
2020-09-21 09:25:00.540,4.815,200
2020-09-21 09:25:00.540,4.815,1400
2020-09-21 09:25:00.540,4.815,1500
2020-09-21 09:25:00.540,4.815,1000
2020-09-21 09:25:00.540,4.815,100
2020-09-21 09:25:00.540,4.815,2200
2020-09-21 09:25:00.540,4.815,100
2020-09-21 09:25:00.540,4.815,100
2020-09-21 09:25:00.540,4.815,100
2020-09-21 09:25:00.540,4.815,200
2020-09-21 09:25:00.540,4.815,600
2020-09-21 09:25:00.540,4.815,200
2020-09-21 09:25:00.540,4.815,100
2020-09-21 09:25:00.540,4.815,4500
2020-09-21 09:25:00.540,4.815,100
2020-09-21 09:25:00.540,4.815,200
2020-09-21 09:25:00.540,4.815,600
2020-09-21 09:25:00.540,4.815,300
2020-09-21 09:25:00.540,4.815,200
2020-09-21 09:25:00.540,4.815,400
2020-09-21 09:25:00.540,4.815,100
2020-09-21 09:25:00.540,4.815,1100
2020-09-21 09:25:00.540,4.815,1000
2020-09-21 09:25:00.540,4.815,6400
2020-09-21 09:25:00.540,4.815,600
2020-09-21 09:25:00.540,4.815,100
2020-09-21 09:25:00.540,4.815,200
2020-09-21 09:25:00.540,4.815,1000
2020-09-21 09:25:00.540,4.815,4900
2020-09-21 09:25:00.540,4.815,100
2020-09-21 09:25:00.540,4.815,700
2020-09-21 09:25:00.540,4.815,100
2020-09-21 09:25:00.540,4.815,1100
2020-09-21 09:25:00.540,4.815,100
2020-09-21 09:25:00.540,4.815,500
2020-09-21 09:25:00.540,4.815,400
2020-09-21 09:25:00.540,4.815,300
2020-09-21 09:25:00.540,4.815,200
2020-09-21 09:25:00.540,4.815,100
2020-09-21 09:25:00.540,4.815,100
2020-09-21 09:25:00.540,4.815,200
2020-09-21 09:25:00.540,4.815,100
2020-09-21 09:25:00.540,4.815,500
2020-09-21 09:25:00.540,4.815,1000
2020-09-21 09:25:00.540,4.815,72500
2020-09-21 09:25:00.540,4.815,500
2020-09-21 09:25:00.540,4.815,4100
2020-09-21 09:25:00.540,4.815,24200
2020-09-21 09:25:00.540,4.815,24200
2020-09-21 09:25:00.540,4.815,24200
2020-09-21 09:25:00.540,4.815,5000
2020-09-21 09:25:00.540,4.815,1000
2020-09-21 09:25:00.540,4.815,500
2020-09-21 09:25:00.540,4.815,20000
2020-09-21 09:25:00.540,4.815,20000
2020-09-21 09:25:00.540,4.815,5000
2020-09-21 09:25:00.540,4.815,225000
2020-09-21 09:25:00.540,4.815,100
2020-09-21 09:25:00.540,4.815,10600
2020-09-21 09:25:00.540,4.815,200
2020-09-21 09:25:00.540,4.815,100
2020-09-21 09:25:00.540,4.815,200
2020-09-21 09:25:00.540,4.815,3100
2020-09-21 09:25:00.540,4.815,1600
2020-09-21 09:25:00.540,4.815,100
2020-09-21 09:25:00.540,4.815,5000
2020-09-21 09:25:00.540,4.815,200
2020-09-21 09:25:00.540,4.815,500
2020-09-21 09:25:00.540,4.815,1000
2020-09-21 09:25:00.540,4.815,10000
2020-09-21 09:25:00.540,4.815,1000
2020-09-21 09:25:00.540,4.815,115900
2020-09-21 09:25:00.540,4.815,25400
2020-09-21 09:25:00.540,4.815,19100
2020-09-21 09:25:00.540,4.815,200
2020-09-21 09:25:00.540,4.815,200
2020-09-21 09:25:00.540,4.815,80500
2020-09-21 09:25:00.540,4.815,5000
2020-09-21 09:25:00.540,4.815,500
2020-09-21 09:25:00.540,4.815,100000
2020-09-21 09:25:00.540,4.815,60000
2020-09-21 09:25:00.540,4.815,10000
2020-09-21 09:25:00.540,4.815,2000
2020-09-21 09:25:00.540,4.815,100
2020-09-21 09:25:00.540,4.815,78800
2020-09-21 09:25:00.540,4.815,15600
2020-09-21 09:25:00.540,4.815,1000
2020-09-21 09:25:00.540,4.815,100
2020-09-21 09:25:00.540,4.815,10000
2020-09-21 09:25:00.540,4.815,400
2020-09-21 09:25:00.540,4.815,4000
2020-09-21 09:25:00.540,4.815,4600
2020-09-21 09:25:00.540,4.815,25000
2020-09-21 09:25:00.540,4.815,8800
2020-09-21 09:25:00.540,4.815,4000
2020-09-21 09:25:00.540,4.815,130000
2020-09-21 09:25:00.540,4.815,200
2020-09-21 09:25:00.540,4.815,9200
2020-09-21 09:25:00.540,4.815,5000
2020-09-21 09:25:00.540,4.815,200
2020-09-21 09:25:00.540,4.815,6000
2020-09-21 09:25:00.540,4.815,15000
2020-09-21 09:25:00.540,4.815,100000
2020-09-21 09:25:00.540,4.815,5000
2020-09-21 09:25:00.540,4.815,20000
2020-09-21 09:25:00.540,4.815,10000
2020-09-21 09:25:00.540,4.815,800
2020-09-21 09:25:00.540,4.815,44500
2020-09-21 09:25:00.540,4.815,131100
2020-09-21 09:25:00.540,4.815,3200
2020-09-21 09:25:00.540,4.815,8000
2020-09-21 09:25:00.540,4.815,5000
2020-09-21 09:25:00.540,4.815,4100
2020-09-21 09:25:00.540,4.815,1000
2020-09-21 09:25:00.540,4.815,10000
2020-09-21 09:25:00.540,4.815,11600
2020-09-21 09:25:00.540,4.815,100
2020-09-21 09:25:00.540,4.815,4800
2020-09-21 09:25:00.540,4.815,2300
2020-09-21 09:25:00.540,4.815,900
2020-09-21 09:25:00.540,4.815,2700
2020-09-21 09:25:00.540,4.815,12900
2020-09-21 09:25:00.540,4.815,300
2020-09-21 09:25:00.540,4.815,5000
2020-09-21 09:25:00.540,4.815,500
2020-09-21 09:25:00.540,4.815,100
2020-09-21 09:25:00.540,4.815,15300
2020-09-21 09:25:00.540,4.815,2000
2020-09-21 09:25:00.540,4.815,2000
2020-09-21 09:25:00.540,4.815,1900
2020-09-21 09:25:00.540,4.815,2400
2020-09-21 09:25:00.540,4.815,9400
2020-09-21 09:25:00.540,4.815,600
2020-09-21 09:25:00.540,4.815,60000
2020-09-21 09:25:00.540,4.815,1000
2020-09-21 09:25:00.540,4.815,2400
2020-09-21 09:25:00.540,4.815,11500
2020-09-21 09:25:00.540,4.815,5000
2020-09-21 09:25:00.540,4.815,100
2020-09-21 09:25:00.540,4.815,200
2020-09-21 09:25:00.540,4.815,5400
2020-09-21 09:25:00.540,4.815,300
2020-09-21 09:25:00.540,4.815,3000
2020-09-21 09:25:00.540,4.815,300
2020-09-21 09:25:00.540,4.815,200
2020-09-21 09:25:00.540,4.815,2500
2020-09-21 09:25:00.540,4.815,100
2020-09-21 09:25:00.540,4.815,100
2020-09-21 09:25:00.540,4.815,1000
2020-09-21 09:25:00.540,4.815,10000
2020-09-21 09:25:00.540,4.815,1000
2020-09-21 09:25:00.540,4.815,10000
2020-09-21 09:25:00.540,4.815,51300
2020-09-21 09:25:00.540,4.815,3000
2020-09-21 09:25:00.540,4.815,2000
2020-09-21 09:25:00.540,4.815,20900
2020-09-21 09:25:00.540,4.815,10000
2020-09-21 09:25:00.540,4.815,200
2020-09-21 09:25:00.540,4.815,12000
2020-09-21 09:25:00.540,4.815,2000
2020-09-21 09:25:00.540,4.815,7000
2020-09-21 09:25:00.540,4.815,200
2020-09-21 09:25:00.540,4.815,500
2020-09-21 09:25:00.540,4.815,500
2020-09-21 09:25:00.540,4.815,5000
2020-09-21 09:25:00.540,4.815,500
2020-09-21 09:25:00.540,4.815,100
2020-09-21 09:25:00.540,4.815,8600
2020-09-21 09:25:00.540,4.815,2000
2020-09-21 09:25:00.540,4.815,100
2020-09-21 09:25:00.540,4.815,12800
2020-09-21 09:25:00.540,4.815,500
2020-09-21 09:25:00.540,4.815,20000
2020-09-21 09:25:00.540,4.815,500
2020-09-21 09:25:00.540,4.815,100
2020-09-21 09:25:00.540,4.815,21000
2020-09-21 09:25:00.540,4.815,1000
2020-09-21 09:25:00.540,4.815,20000
2020-09-21 09:25:00.540,4.815,1000
2020-09-21 09:25:00.540,4.815,2200
2020-09-21 09:25:00.540,4.815,2000
2020-09-21 09:25:00.540,4.815,200
2020-09-21 09:25:00.540,4.815,500
2020-09-21 09:25:00.540,4.815,100
2020-09-21 09:25:00.540,4.815,4000
2020-09-21 09:25:00.540,4.815,500
2020-09-21 09:25:00.540,4.815,10400
2020-09-21 09:25:00.540,4.815,2100
2020-09-21 09:25:00.540,4.815,100
2020-09-21 09:25:00.540,4.815,200
2020-09-21 09:25:00.540,4.815,500
2020-09-21 09:25:00.540,4.815,200
2020-09-21 09:25:00.540,4.815,500
2020-09-21 09:25:00.540,4.815,2000
2020-09-21 09:25:00.540,4.815,100
2020-09-21 09:25:00.540,4.815,3700
2020-09-21 09:25:00.540,4.815,100
2020-09-21 09:25:00.540,4.815,500
2020-09-21 09:25:00.540,4.815,700
2020-09-21 09:25:00.540,4.815,100
2020-09-21 09:25:00.540,4.815,700
2020-09-21 09:25:00.540,4.815,1900
2020-09-21 09:25:00.540,4.815,5000
2020-09-21 09:25:00.540,4.815,200
2020-09-21 09:25:00.540,4.815,100
2020-09-21 09:25:00.540,4.815,4000
2020-09-21 09:25:00.540,4.815,18700
2020-09-21 09:25:00.540,4.815,200
2020-09-21 09:25:00.540,4.815,3100
2020-09-21 09:25:00.540,4.815,1000
2020-09-21 09:25:00.540,4.815,1500
2020-09-21 09:25:00.540,4.815,1000
2020-09-21 09:25:00.540,4.815,5000
2020-09-21 09:25:00.540,4.815,4500
2020-09-21 09:25:00.540,4.815,200
2020-09-21 09:25:00.540,4.815,2000
2020-09-21 09:25:00.540,4.815,100
2020-09-21 09:25:00.540,4.815,100000
2020-09-21 09:25:00.540,4.815,700
2020-09-21 09:25:00.540,4.815,5000
2020-09-21 09:25:00.540,4.815,10000
2020-09-21 09:25:00.540,4.815,1600
2020-09-21 09:25:00.540,4.815,3000
2020-09-21 09:25:00.540,4.815,1000
2020-09-21 09:25:00.540,4.815,4400
2020-09-21 09:25:00.540,4.815,10000
2020-09-21 09:25:00.540,4.815,400
2020-09-21 09:25:00.540,4.815,200
2020-09-21 09:25:00.540,4.815,5000
2020-09-21 09:25:00.540,4.815,200
2020-09-21 09:25:00.540,4.815,200
2020-09-21 09:25:00.540,4.815,500
2020-09-21 09:30:00.020,4.816,500
2020-09-21 09:30:00.020,4.816,700
2020-09-21 09:30:00.020,4.816,100
2020-09-21 09:30:00.020,4.816,10000
2020-09-21 09:30:00.020,4.816,10000
2020-09-21 09:30:00.020,4.816,1000
2020-09-21 09:30:00.020,4.816,16400
2020-09-21 09:30:00.020,4.816,2300
2020-09-21 09:30:00.020,4.816,10000
2020-09-21 09:30:00.020,4.817,100
2020-09-21 09:30:00.020,4.817,200
2020-09-21 09:30:00.020,4.817,5000
2020-09-21 09:30:00.020,4.817,500
2020-09-21 09:30:00.020,4.817,3400
2020-09-21 09:30:00.020,4.817,6000
2020-09-21 09:30:00.020,4.817,10400
2020-09-21 09:30:00.020,4.817,500
2020-09-21 09:30:00.020,4.817,104800
2020-09-21 09:30:00.020,4.817,52400
2020-09-21 09:30:00.020,4.817,1000
2020-09-21 09:30:00.020,4.817,50000
2020-09-21 09:30:00.020,4.817,14700
2020-09-21 09:30:00.220,4.815,15400
2020-09-21 09:30:00.220,4.815,1500
2020-09-21 09:30:00.220,4.815,5000
2020-09-21 09:30:00.220,4.815,40500
2020-09-21 09:30:00.220,4.817,43600
2020-09-21 09:30:00.220,4.817,1200
2020-09-21 09:30:00.260,4.818,300
2020-09-21 09:30:00.260,4.818,34700
2020-09-21 09:30:00.260,4.818,300
2020-09-21 09:30:00.260,4.818,5000
2020-09-21 09:30:00.260,4.818,200
2020-09-21 09:30:00.260,4.818,100
2020-09-21 09:30:00.260,4.818,22700
2020-09-21 09:30:00.260,4.818,5000
2020-09-21 09:30:00.300,4.818,13400
2020-09-21 09:30:00.450,4.818,48400
2020-09-21 09:30:00.450,4.818,148100
2020-09-21 09:30:00.450,4.818,34900
2020-09-21 09:30:00.450,4.818,19800
2020-09-21 09:30:00.560,4.817,10000
2020-09-21 09:30:00.560,4.817,6300
2020-09-21 09:30:00.570,4.818,20300
2020-09-21 09:30:00.680,4.818,3000
2020-09-21 09:30:00.680,4.817,36500
2020-09-21 09:30:00.680,4.817,1200
2020-09-21 09:30:00.680,4.817,7000
2020-09-21 09:30:00.680,4.817,5000
2020-09-21 09:30:00.680,4.817,300
2020-09-21 09:30:00.800,4.818,500
2020-09-21 09:30:00.800,4.817,88900
2020-09-21 09:30:00.800,4.817,20000
2020-09-21 09:30:00.800,4.816,69200
2020-09-21 09:30:00.800,4.816,1000
2020-09-21 09:30:00.800,4.816,4200
2020-09-21 09:30:00.800,4.816,2000
2020-09-21 09:30:00.800,4.816,296000
2020-09-21 09:30:00.800,4.816,1000
2020-09-21 09:30:00.800,4.815,19500
2020-09-21 09:30:00.800,4.815,10300
2020-09-21 09:30:00.800,4.815,10000
2020-09-21 09:30:00.800,4.815,11000
2020-09-21 09:30:00.800,4.815,10000
2020-09-21 09:30:00.800,4.815,50400
2020-09-21 09:30:00.800,4.815,3000
2020-09-21 09:30:00.800,4.815,200
2020-09-21 09:30:00.800,4.814,100
2020-09-21 09:30:00.800,4.814,200
2020-09-21 09:30:00.800,4.814,100
2020-09-21 09:30:00.800,4.814,200
2020-09-21 09:30:00.800,4.814,1500
2020-09-21 09:30:00.800,4.814,300
2020-09-21 09:30:00.800,4.814,200
2020-09-21 09:30:00.800,4.814,100
2020-09-21 09:30:00.800,4.814,100
2020-09-21 09:30:00.800,4.814,10000
2020-09-21 09:30:00.800,4.814,4100
2020-09-21 09:30:00.800,4.814,10000
2020-09-21 09:30:00.800,4.814,100
2020-09-21 09:30:00.800,4.814,500
2020-09-21 09:30:00.800,4.814,300
2020-09-21 09:30:00.800,4.814,200
2020-09-21 09:30:00.800,4.814,500
2020-09-21 09:30:00.800,4.814,300
2020-09-21 09:30:00.800,4.814,200
2020-09-21 09:30:00.800,4.814,100
2020-09-21 09:30:00.800,4.814,200
2020-09-21 09:30:00.800,4.814,100
2020-09-21 09:30:00.800,4.814,100
2020-09-21 09:30:00.800,4.814,300
2020-09-21 09:30:00.800,4.814,100
2020-09-21 09:30:00.800,4.814,100
2020-09-21 09:30:00.800,4.814,1000
2020-09-21 09:30:00.800,4.814,100
2020-09-21 09:30:00.800,4.814,100
2020-09-21 09:30:00.800,4.814,100
2020-09-21 09:30:00.800,4.814,100
2020-09-21 09:30:00.800,4.814,100
2020-09-21 09:30:00.800,4.814,400
2020-09-21 09:30:00.800,4.814,41600
2020-09-21 09:30:00.800,4.814,100
2020-09-21 09:30:00.800,4.814,100
2020-09-21 09:30:00.800,4.814,200
2020-09-21 09:30:00.800,4.814,100
2020-09-21 09:30:00.800,4.814,200
2020-09-21 09:30:00.800,4.814,100
2020-09-21 09:30:00.800,4.814,100
2020-09-21 09:30:00.800,4.814,800
2020-09-21 09:30:00.800,4.814,100
2020-09-21 09:30:00.800,4.814,100
2020-09-21 09:30:00.800,4.814,200
2020-09-21 09:30:00.800,4.814,100
2020-09-21 09:30:00.800,4.814,100
2020-09-21 09:30:00.800,4.814,500
2020-09-21 09:30:00.800,4.814,100
2020-09-21 09:30:00.800,4.814,100
2020-09-21 09:30:00.800,4.814,100
2020-09-21 09:30:00.800,4.814,100
2020-09-21 09:30:00.800,4.814,100
2020-09-21 09:30:00.800,4.814,100
2020-09-21 09:30:00.800,4.814,300
2020-09-21 09:30:00.800,4.814,300
2020-09-21 09:30:00.800,4.814,900
2020-09-21 09:30:00.800,4.814,100
2020-09-21 09:30:00.800,4.814,10000
2020-09-21 09:30:00.800,4.814,200
2020-09-21 09:30:00.800,4.814,200
2020-09-21 09:30:00.800,4.814,100
2020-09-21 09:30:00.800,4.814,500
2020-09-21 09:30:00.800,4.814,100
2020-09-21 09:30:00.800,4.814,100
2020-09-21 09:30:00.800,4.814,200
2020-09-21 09:30:00.800,4.814,200
2020-09-21 09:30:00.800,4.814,100
2020-09-21 09:30:00.800,4.814,100
2020-09-21 09:30:00.800,4.814,2000
2020-09-21 09:30:00.800,4.814,100
2020-09-21 09:30:00.800,4.814,100
2020-09-21 09:30:00.800,4.814,100
2020-09-21 09:30:00.800,4.814,10600
2020-09-21 09:30:00.800,4.815,2200
2020-09-21 09:30:00.800,4.815,17800
2020-09-21 09:30:00.800,4.816,1900
2020-09-21 09:30:00.800,4.816,2000
2020-09-21 09:30:00.920,4.816,2100
2020-09-21 09:30:00.920,4.815,300
2020-09-21 09:30:00.920,4.815,1900
2020-09-21 09:30:00.920,4.814,1900
2020-09-21 09:30:00.920,4.814,100
2020-09-21 09:30:00.920,4.814,100
2020-09-21 09:30:00.920,4.814,100
2020-09-21 09:30:00.920,4.814,100
2020-09-21 09:30:00.920,4.814,400
2020-09-21 09:30:00.920,4.816,1000
2020-09-21 09:30:00.920,4.816,1000
2020-09-21 09:30:00.920,4.816,400
2020-09-21 09:30:00.920,4.816,300
2020-09-21 09:30:00.920,4.818,76400
2020-09-21 09:30:00.920,4.818,90000
2020-09-21 09:30:00.920,4.818,80300
2020-09-21 09:30:00.920,4.818,17100
2020-09-21 09:30:00.920,4.818,1300
2020-09-21 09:30:00.920,4.818,300
2020-09-21 09:30:00.920,4.818,100
2020-09-21 09:30:00.920,4.818,2000
2020-09-21 09:30:00.920,4.818,29800
2020-09-21 09:30:00.930,4.815,400
2020-09-21 09:30:01.050,4.815,700
2020-09-21 09:30:01.050,4.815,900
2020-09-21 09:30:01.050,4.816,5000
2020-09-21 09:30:01.050,4.818,2000
2020-09-21 09:30:01.050,4.818,1000
2020-09-21 09:30:01.050,4.818,1000
2020-09-21 09:30:01.050,4.818,900
2020-09-21 09:30:01.050,4.818,9100
2020-09-21 09:30:01.050,4.818,1900
2020-09-21 09:30:01.050,4.815,7200
2020-09-21 09:30:01.170,4.815,4200
2020-09-21 09:30:01.170,4.815,6000
2020-09-21 09:30:01.170,4.815,100
2020-09-21 09:30:01.170,4.815,2000
2020-09-21 09:30:01.170,4.815,30000
2020-09-21 09:30:01.170,4.815,8800
2020-09-21 09:30:01.170,4.815,500
2020-09-21 09:30:01.170,4.815,1500
2020-09-21 09:30:01.170,4.815,3000
2020-09-21 09:30:01.170,4.814,47000
2020-09-21 09:30:01.170,4.815,2000
2020-09-21 09:30:01.170,4.815,30000
2020-09-21 09:30:01.170,4.815,33200
2020-09-21 09:30:01.170,4.815,50000
2020-09-21 09:30:01.170,4.814,10000
2020-09-21 09:30:01.280,4.815,200
2020-09-21 09:30:01.280,4.815,400
2020-09-21 09:30:01.280,4.815,100
2020-09-21 09:30:01.280,4.815,3000
2020-09-21 09:30:01.280,4.815,72200
2020-09-21 09:30:01.280,4.815,5000
2020-09-21 09:30:01.280,4.815,20100
2020-09-21 09:30:01.280,4.815,1100
2020-09-21 09:30:01.280,4.815,171200
2020-09-21 09:30:01.280,4.815,10100
2020-09-21 09:30:01.390,4.815,16900
2020-09-21 09:30:01.390,4.816,300
2020-09-21 09:30:01.390,4.816,3000
2020-09-21 09:30:01.390,4.816,3000
2020-09-21 09:30:01.390,4.816,8700
2020-09-21 09:30:01.390,4.816,10500
2020-09-21 09:30:01.390,4.816,5000
2020-09-21 09:30:01.390,4.815,10000
2020-09-21 09:30:01.510,4.816,4500
2020-09-21 09:30:01.510,4.816,700
2020-09-21 09:30:01.510,4.816,500
2020-09-21 09:30:01.630,4.816,500
2020-09-21 09:30:01.630,4.815,2900
2020-09-21 09:30:01.630,4.816,200
2020-09-21 09:30:01.630,4.815,10000
2020-09-21 09:30:01.750,4.816,1800
2020-09-21 09:30:01.750,4.815,8900
2020-09-21 09:30:01.750,4.816,300
2020-09-21 09:30:01.750,4.816,9700
2020-09-21 09:30:01.750,4.816,900
2020-09-21 09:30:01.870,4.816,1000
2020-09-21 09:30:01.870,4.816,214300
2020-09-21 09:30:01.870,4.816,4200
2020-09-21 09:30:01.870,4.816,10000
2020-09-21 09:30:01.870,4.817,500
2020-09-21 09:30:01.870,4.818,8100
2020-09-21 09:30:01.870,4.818,300
2020-09-21 09:30:01.870,4.818,500
2020-09-21 09:30:01.870,4.818,1900
2020-09-21 09:30:01.870,4.818,100
2020-09-21 09:30:01.870,4.818,1100
2020-09-21 09:30:01.870,4.818,3600
2020-09-21 09:30:01.870,4.818,2200
2020-09-21 09:30:01.870,4.818,25800
2020-09-21 09:30:01.870,4.818,7200
2020-09-21 09:30:01.870,4.818,700
2020-09-21 09:30:01.870,4.818,5000
2020-09-21 09:30:01.870,4.818,5700
2020-09-21 09:30:01.870,4.818,6300
2020-09-21 09:30:02.000,4.816,7000
2020-09-21 09:30:02.000,4.816,113000
2020-09-21 09:30:02.000,4.818,38000
2020-09-21 09:30:02.000,4.818,21900
2020-09-21 09:30:02.000,4.818,10000
2020-09-21 09:30:02.000,4.818,1300
2020-09-21 09:30:02.000,4.818,10000
2020-09-21 09:30:02.000,4.818,1000
2020-09-21 09:30:02.000,4.818,500
2020-09-21 09:30:02.000,4.819,100
2020-09-21 09:30:02.000,4.819,2500
2020-09-21 09:30:02.000,4.819,2400
2020-09-21 09:30:02.000,4.819,200
2020-09-21 09:30:02.000,4.819,1000
2020-09-21 09:30:02.000,4.819,700
2020-09-21 09:30:02.000,4.819,2000
2020-09-21 09:30:02.000,4.819,300
2020-09-21 09:30:02.000,4.819,8100
2020-09-21 09:30:02.120,4.818,2000
2020-09-21 09:30:02.120,4.818,5000
2020-09-21 09:30:02.220,4.818,1500
2020-09-21 09:30:02.230,4.818,50000
2020-09-21 09:30:02.230,4.818,500
2020-09-21 09:30:02.230,4.818,11000
2020-09-21 09:30:02.230,4.818,300
2020-09-21 09:30:02.350,4.818,1400
2020-09-21 09:30:02.360,4.819,8900
2020-09-21 09:30:02.360,4.819,5000
2020-09-21 09:30:02.360,4.819,10000
2020-09-21 09:30:02.360,4.82,200
2020-09-21 09:30:02.360,4.82,100
2020-09-21 09:30:02.360,4.82,2400
2020-09-21 09:30:02.360,4.82,5500
2020-09-21 09:30:02.360,4.82,2000
2020-09-21 09:30:02.360,4.82,100
2020-09-21 09:30:02.360,4.82,100
2020-09-21 09:30:02.360,4.82,1000
2020-09-21 09:30:02.360,4.82,1000
2020-09-21 09:30:02.360,4.82,200
2020-09-21 09:30:02.360,4.82,2000
2020-09-21 09:30:02.360,4.82,1000
2020-09-21 09:30:02.360,4.82,500
2020-09-21 09:30:02.360,4.818,9900
2020-09-21 09:30:02.480,4.818,1300
2020-09-21 09:30:02.480,4.818,2000
2020-09-21 09:30:02.480,4.818,400
2020-09-21 09:30:02.600,4.818,20000
2020-09-21 09:30:02.600,4.818,22000
2020-09-21 09:30:02.600,4.819,6100
2020-09-21 09:30:02.720,4.82,1400
2020-09-21 09:30:02.720,4.82,1300
2020-09-21 09:30:02.720,4.82,5500
2020-09-21 09:30:02.720,4.82,1000
2020-09-21 09:30:02.720,4.82,6100
2020-09-21 09:30:02.720,4.82,10000
2020-09-21 09:30:02.720,4.82,2500
2020-09-21 09:30:02.720,4.82,100
2020-09-21 09:30:02.720,4.82,5000
2020-09-21 09:30:02.720,4.82,300
2020-09-21 09:30:02.720,4.82,100
2020-09-21 09:30:02.720,4.82,100
2020-09-21 09:30:02.720,4.82,2500
2020-09-21 09:30:02.720,4.82,15000
2020-09-21 09:30:02.720,4.82,200
2020-09-21 09:30:02.720,4.82,5000
2020-09-21 09:30:02.720,4.82,300
2020-09-21 09:30:02.720,4.82,100
2020-09-21 09:30:02.720,4.82,200
2020-09-21 09:30:02.720,4.82,33400
2020-09-21 09:30:02.720,4.82,300
2020-09-21 09:30:02.720,4.82,1000
2020-09-21 09:30:02.720,4.82,2000
2020-09-21 09:30:02.720,4.82,5000
2020-09-21 09:30:02.720,4.82,1600
2020-09-21 09:30:02.850,4.819,24400
2020-09-21 09:30:02.850,4.819,2700
2020-09-21 09:30:02.850,4.819,1500
2020-09-21 09:30:02.850,4.819,100
2020-09-21 09:30:02.970,4.819,23000
2020-09-21 09:30:02.970,4.819,27200
2020-09-21 09:30:02.970,4.819,2000
2020-09-21 09:30:02.970,4.819,900
2020-09-21 09:30:02.970,4.819,3100
2020-09-21 09:30:03.210,4.819,56500
2020-09-21 09:30:03.210,4.819,100
2020-09-21 09:30:03.210,4.819,4100
2020-09-21 09:30:03.330,4.819,4000
2020-09-21 09:30:03.330,4.819,10000
2020-09-21 09:30:03.440,4.819,14300
2020-09-21 09:30:03.440,4.818,41300
2020-09-21 09:30:03.440,4.818,4000
2020-09-21 09:30:03.440,4.818,7300
2020-09-21 09:30:03.440,4.82,2100
2020-09-21 09:30:03.690,4.818,100
2020-09-21 09:30:03.690,4.818,10000
2020-09-21 09:30:03.690,4.818,100
2020-09-21 09:30:03.690,4.818,7400
2020-09-21 09:30:03.690,4.818,2600
2020-09-21 09:30:03.810,4.818,7300
2020-09-21 09:30:03.810,4.818,8700
2020-09-21 09:30:03.810,4.818,1000
2020-09-21 09:30:03.810,4.818,100
2020-09-21 09:30:03.810,4.818,32900
2020-09-21 09:30:03.810,4.818,7200
2020-09-21 09:30:03.940,4.82,6300
2020-09-21 09:30:03.940,4.82,500
2020-09-21 09:30:04.060,4.818,200
2020-09-21 09:30:04.060,4.818,100
2020-09-21 09:30:04.060,4.82,4100
2020-09-21 09:30:04.060,4.818,9600
2020-09-21 09:30:04.060,4.818,400
2020-09-21 09:30:04.060,4.818,1000
2020-09-21 09:30:04.060,4.82,100
2020-09-21 09:30:04.060,4.82,1500
2020-09-21 09:30:04.060,4.82,400
2020-09-21 09:30:04.060,4.818,3800
2020-09-21 09:30:04.060,4.82,1600
2020-09-21 09:30:04.060,4.82,2100
2020-09-21 09:30:04.060,4.82,2000
2020-09-21 09:30:04.060,4.82,4400
2020-09-21 09:30:04.060,4.821,1100
2020-09-21 09:30:04.060,4.821,300
2020-09-21 09:30:04.060,4.821,30000
2020-09-21 09:30:04.060,4.821,15000
2020-09-21 09:30:04.060,4.821,20000
2020-09-21 09:30:04.060,4.821,10000
2020-09-21 09:30:04.060,4.821,300
2020-09-21 09:30:04.060,4.821,1000
2020-09-21 09:30:04.190,4.821,100
2020-09-21 09:30:04.190,4.821,149400
2020-09-21 09:30:04.190,4.821,5000
2020-09-21 09:30:04.330,4.821,2000
2020-09-21 09:30:04.330,4.821,3000
2020-09-21 09:30:04.450,4.821,48700
2020-09-21 09:30:04.450,4.819,1300
2020-09-21 09:30:04.450,4.819,100
2020-09-21 09:30:04.570,4.821,200
2020-09-21 09:30:04.570,4.82,19800
2020-09-21 09:30:04.780,4.82,200
2020-09-21 09:30:04.780,4.819,400
2020-09-21 09:30:04.890,4.821,600
2020-09-21 09:30:04.890,4.821,2000
2020-09-21 09:30:04.950,4.821,135000
2020-09-21 09:30:04.950,4.821,3600
2020-09-21 09:30:05.080,4.821,100
2020-09-21 09:30:05.080,4.821,5000
2020-09-21 09:30:05.200,4.821,500
2020-09-21 09:30:05.200,4.821,100
2020-09-21 09:30:05.200,4.821,17500
2020-09-21 09:30:05.200,4.821,200
2020-09-21 09:30:05.330,4.821,50000
2020-09-21 09:30:05.330,4.822,5700
2020-09-21 09:30:05.330,4.822,3000
2020-09-21 09:30:05.330,4.822,800
2020-09-21 09:30:05.330,4.822,5000
2020-09-21 09:30:05.330,4.822,100
2020-09-21 09:30:05.330,4.822,700
2020-09-21 09:30:05.330,4.822,200
2020-09-21 09:30:05.330,4.822,15700
2020-09-21 09:30:05.330,4.822,1500
2020-09-21 09:30:05.330,4.822,1000
2020-09-21 09:30:05.330,4.823,10000
2020-09-21 09:30:05.330,4.823,100
2020-09-21 09:30:05.330,4.823,600
2020-09-21 09:30:05.330,4.823,5300
2020-09-21 09:30:05.330,4.823,5000
2020-09-21 09:30:05.330,4.823,2000
2020-09-21 09:30:05.330,4.824,200
2020-09-21 09:30:05.330,4.824,300
2020-09-21 09:30:05.330,4.824,2000
2020-09-21 09:30:05.330,4.824,3000
2020-09-21 09:30:05.330,4.824,10000
2020-09-21 09:30:05.330,4.824,5000
2020-09-21 09:30:05.330,4.824,100000
2020-09-21 09:30:05.330,4.824,1000
2020-09-21 09:30:05.330,4.825,100
2020-09-21 09:30:05.330,4.825,200
2020-09-21 09:30:05.330,4.825,1000
2020-09-21 09:30:05.330,4.825,700
2020-09-21 09:30:05.330,4.825,2500
2020-09-21 09:30:05.330,4.825,300
2020-09-21 09:30:05.330,4.825,200
2020-09-21 09:30:05.330,4.825,100
2020-09-21 09:30:05.330,4.825,1200
2020-09-21 09:30:05.330,4.825,1000
2020-09-21 09:30:05.330,4.825,6000
2020-09-21 09:30:05.330,4.825,1500
2020-09-21 09:30:05.330,4.825,500
2020-09-21 09:30:05.330,4.825,2000
2020-09-21 09:30:05.330,4.825,5100
2020-09-21 09:30:05.330,4.825,2000
2020-09-21 09:30:05.330,4.825,5100
2020-09-21 09:30:05.330,4.825,7500
2020-09-21 09:30:05.330,4.825,500
2020-09-21 09:30:05.330,4.825,4000
2020-09-21 09:30:05.330,4.825,1000
2020-09-21 09:30:05.330,4.825,600
2020-09-21 09:30:05.330,4.825,2500
2020-09-21 09:30:05.330,4.825,1000
2020-09-21 09:30:05.330,4.825,100
2020-09-21 09:30:05.330,4.825,1000
2020-09-21 09:30:05.330,4.825,2500
2020-09-21 09:30:05.330,4.825,18000
2020-09-21 09:30:05.450,4.825,1900
2020-09-21 09:30:05.580,4.825,15000
2020-09-21 09:30:05.580,4.825,7900
2020-09-21 09:30:05.580,4.825,2000
2020-09-21 09:30:05.580,4.825,26300
2020-09-21 09:30:05.580,4.825,500
2020-09-21 09:30:05.580,4.825,500
2020-09-21 09:30:05.690,4.825,1000
2020-09-21 09:30:05.820,4.825,1000
2020-09-21 09:30:05.950,4.825,3500
2020-09-21 09:30:05.950,4.825,500
2020-09-21 09:30:06.060,4.825,10000
2020-09-21 09:30:06.060,4.825,500
2020-09-21 09:30:06.180,4.825,2000
2020-09-21 09:30:06.180,4.825,600
2020-09-21 09:30:06.180,4.825,8100
2020-09-21 09:30:06.180,4.825,11600
2020-09-21 09:30:06.180,4.825,5200
2020-09-21 09:30:06.180,4.825,5000
2020-09-21 09:30:06.320,4.825,300
2020-09-21 09:30:06.320,4.825,500
2020-09-21 09:30:06.440,4.825,2000
2020-09-21 09:30:06.440,4.825,3000
2020-09-21 09:30:06.440,4.825,4100
2020-09-21 09:30:06.570,4.825,200
2020-09-21 09:30:06.570,4.825,2000
2020-09-21 09:30:06.570,4.826,30000
2020-09-21 09:30:06.570,4.826,200
2020-09-21 09:30:06.570,4.826,19800
2020-09-21 09:30:06.570,4.826,2500
2020-09-21 09:30:06.570,4.826,7700
2020-09-21 09:30:06.570,4.825,4000
2020-09-21 09:30:06.690,4.825,1000
2020-09-21 09:30:06.690,4.825,100
2020-09-21 09:30:06.800,4.826,2300
2020-09-21 09:30:06.800,4.826,1000
2020-09-21 09:30:06.800,4.826,2600
2020-09-21 09:30:06.800,4.826,10500
2020-09-21 09:30:06.800,4.827,400
2020-09-21 09:30:06.800,4.827,100
2020-09-21 09:30:06.800,4.827,2000
2020-09-21 09:30:06.940,4.827,5000
2020-09-21 09:30:07.040,4.827,2000
2020-09-21 09:30:07.160,4.827,100
2020-09-21 09:30:07.160,4.827,4000
2020-09-21 09:30:07.270,4.827,500
2020-09-21 09:30:07.270,4.827,100
2020-09-21 09:30:07.390,4.825,500
2020-09-21 09:30:07.460,4.828,300
2020-09-21 09:30:07.460,4.825,200
2020-09-21 09:30:07.460,4.825,900
2020-09-21 09:30:07.700,4.825,1000
2020-09-21 09:30:07.970,4.825,3000
2020-09-21 09:30:08.230,4.827,1700
2020-09-21 09:30:08.360,4.827,100
2020-09-21 09:30:08.360,4.828,400
2020-09-21 09:30:08.450,4.827,20000
2020-09-21 09:30:08.450,4.828,700
2020-09-21 09:30:08.490,4.828,600
2020-09-21 09:30:08.490,4.828,100
2020-09-21 09:30:08.490,4.828,2000
2020-09-21 09:30:08.490,4.828,2000
2020-09-21 09:30:08.490,4.828,700
2020-09-21 09:30:08.490,4.828,2500
2020-09-21 09:30:08.490,4.828,5000
2020-09-21 09:30:08.490,4.828,7100
2020-09-21 09:30:08.600,4.827,800
2020-09-21 09:30:08.600,4.827,2000
2020-09-21 09:30:08.600,4.827,500
2020-09-21 09:30:08.840,4.827,1000
2020-09-21 09:30:08.950,4.827,1300
2020-09-21 09:30:09.090,4.827,100
2020-09-21 09:30:09.090,4.826,100
2020-09-21 09:30:09.190,4.826,5000
2020-09-21 09:30:09.190,4.826,100
2020-09-21 09:30:09.330,4.826,2000
2020-09-21 09:30:09.590,4.826,50000
2020-09-21 09:30:09.740,4.826,2000
2020-09-21 09:30:09.770,4.826,600
2020-09-21 09:30:09.810,4.826,2000
2020-09-21 09:30:09.920,4.826,300
2020-09-21 09:30:10.020,4.826,1000
2020-09-21 09:30:10.020,4.826,100
2020-09-21 09:30:10.020,4.826,500
2020-09-21 09:30:10.020,4.826,300
2020-09-21 09:30:10.150,4.826,5200
2020-09-21 09:30:10.150,4.826,1000
2020-09-21 09:30:10.150,4.825,1800
2020-09-21 09:30:10.150,4.825,40000
2020-09-21 09:30:10.300,4.825,500
2020-09-21 09:30:10.400,4.825,22500
2020-09-21 09:30:10.430,4.825,5000
2020-09-21 09:30:10.590,4.825,3200
2020-09-21 09:30:10.630,4.825,20000
2020-09-21 09:30:10.790,4.827,15000
2020-09-21 09:30:10.790,4.827,1000
2020-09-21 09:30:11.050,4.827,200
2020-09-21 09:30:11.050,4.827,1000
2020-09-21 09:30:11.110,4.827,1300
2020-09-21 09:30:11.650,4.828,2200
2020-09-21 09:30:11.740,4.828,7700
2020-09-21 09:30:11.740,4.828,2000
2020-09-21 09:30:11.740,4.828,6000
2020-09-21 09:30:11.740,4.828,50000
2020-09-21 09:30:11.740,4.828,25000
2020-09-21 09:30:11.740,4.828,10000
2020-09-21 09:30:11.740,4.828,10000
2020-09-21 09:30:11.740,4.828,100
2020-09-21 09:30:11.740,4.828,25000
2020-09-21 09:30:11.740,4.829,5900
2020-09-21 09:30:11.740,4.829,7900
2020-09-21 09:30:11.740,4.829,45000
2020-09-21 09:30:11.740,4.829,3000
2020-09-21 09:30:11.740,4.829,5000
2020-09-21 09:30:11.740,4.829,100
2020-09-21 09:30:11.740,4.829,2000
2020-09-21 09:30:11.740,4.829,2100
2020-09-21 09:30:11.740,4.83,100
2020-09-21 09:30:11.740,4.83,1000
2020-09-21 09:30:11.740,4.83,5500
2020-09-21 09:30:11.740,4.83,500
2020-09-21 09:30:11.740,4.83,400
2020-09-21 09:30:11.740,4.83,5500
2020-09-21 09:30:11.740,4.83,25000
2020-09-21 09:30:11.740,4.83,2000
2020-09-21 09:30:11.740,4.83,400
2020-09-21 09:30:11.740,4.83,10000
2020-09-21 09:30:11.740,4.83,200
2020-09-21 09:30:11.740,4.83,6000
2020-09-21 09:30:11.740,4.83,5000
2020-09-21 09:30:11.740,4.83,3000
2020-09-21 09:30:11.740,4.83,400
2020-09-21 09:30:11.740,4.83,6400
2020-09-21 09:30:11.740,4.83,100
2020-09-21 09:30:11.740,4.83,1300
2020-09-21 09:30:11.740,4.83,2500
2020-09-21 09:30:11.740,4.83,1000
2020-09-21 09:30:11.740,4.83,2000
2020-09-21 09:30:11.740,4.83,100
2020-09-21 09:30:11.740,4.83,1000
2020-09-21 09:30:11.740,4.83,4000
2020-09-21 09:30:11.740,4.83,5900
2020-09-21 09:30:11.740,4.83,900
2020-09-21 09:30:11.740,4.83,11800
2020-09-21 09:30:11.740,4.83,2000
2020-09-21 09:30:11.740,4.83,4200
2020-09-21 09:30:11.740,4.83,500
2020-09-21 09:30:11.740,4.83,2700
2020-09-21 09:30:11.740,4.83,5000
2020-09-21 09:30:11.740,4.83,2000
2020-09-21 09:30:11.740,4.83,1000
2020-09-21 09:30:11.740,4.83,500
2020-09-21 09:30:11.740,4.83,1900
2020-09-21 09:30:11.740,4.83,300000
2020-09-21 09:30:11.740,4.831,400
2020-09-21 09:30:11.740,4.831,100
2020-09-21 09:30:11.740,4.831,18800
2020-09-21 09:30:11.740,4.831,200
2020-09-21 09:30:11.740,4.831,700
2020-09-21 09:30:11.740,4.831,400
2020-09-21 09:30:11.740,4.832,200
2020-09-21 09:30:11.740,4.832,1000
2020-09-21 09:30:11.740,4.832,1000
2020-09-21 09:30:11.740,4.832,300
2020-09-21 09:30:11.740,4.832,4000
2020-09-21 09:30:11.740,4.832,1300
2020-09-21 09:30:11.740,4.832,6000
2020-09-21 09:30:11.740,4.833,500
2020-09-21 09:30:11.740,4.833,100
2020-09-21 09:30:11.740,4.833,10000
2020-09-21 09:30:11.740,4.833,5000
2020-09-21 09:30:11.740,4.833,100
2020-09-21 09:30:11.740,4.833,500
2020-09-21 09:30:11.740,4.833,4200
2020-09-21 09:30:11.740,4.833,55000
2020-09-21 09:30:11.740,4.833,2000
2020-09-21 09:30:11.740,4.833,200
2020-09-21 09:30:11.740,4.834,100
2020-09-21 09:30:11.740,4.834,13000
2020-09-21 09:30:11.740,4.834,700
2020-09-21 09:30:11.740,4.834,5600
2020-09-21 09:30:11.740,4.834,5000
2020-09-21 09:30:11.740,4.834,5000
2020-09-21 09:30:11.740,4.834,315000
2020-09-21 09:30:11.740,4.834,300000
2020-09-21 09:30:11.740,4.835,3200
2020-09-21 09:30:11.740,4.835,3000
2020-09-21 09:30:11.740,4.835,200
2020-09-21 09:30:11.740,4.835,900
2020-09-21 09:30:11.740,4.835,10000
2020-09-21 09:30:11.740,4.835,200
2020-09-21 09:30:11.740,4.835,10000
2020-09-21 09:30:11.740,4.835,2000
2020-09-21 09:30:11.740,4.835,600
2020-09-21 09:30:11.740,4.835,100
2020-09-21 09:30:11.740,4.835,15700
2020-09-21 09:30:11.740,4.836,10000
2020-09-21 09:30:11.740,4.836,800
2020-09-21 09:30:11.740,4.837,200
2020-09-21 09:30:11.740,4.837,400
2020-09-21 09:30:11.740,4.837,14000
2020-09-21 09:30:11.740,4.837,700
2020-09-21 09:30:11.740,4.837,104600
2020-09-21 09:30:11.740,4.837,1500
2020-09-21 09:30:11.740,4.837,4000
2020-09-21 09:30:11.740,4.838,600
2020-09-21 09:30:11.740,4.838,300
2020-09-21 09:30:11.740,4.838,4000
2020-09-21 09:30:11.740,4.838,100
2020-09-21 09:30:11.740,4.838,10000
2020-09-21 09:30:11.740,4.838,10000
2020-09-21 09:30:11.740,4.838,1000
2020-09-21 09:30:11.740,4.838,1500
2020-09-21 09:30:11.740,4.838,40000
2020-09-21 09:30:11.740,4.838,300
2020-09-21 09:30:11.740,4.838,300
2020-09-21 09:30:11.740,4.838,5000
2020-09-21 09:30:11.740,4.838,500
2020-09-21 09:30:11.740,4.839,200
2020-09-21 09:30:11.740,4.839,4200
2020-09-21 09:30:11.740,4.839,5000
2020-09-21 09:30:11.740,4.839,17000
2020-09-21 09:30:11.740,4.839,2000
2020-09-21 09:30:11.740,4.839,10000
2020-09-21 09:30:11.740,4.839,7000
2020-09-21 09:30:11.740,4.84,5000
2020-09-21 09:30:11.740,4.84,5500
2020-09-21 09:30:11.740,4.84,5000
2020-09-21 09:30:11.740,4.84,40000
2020-09-21 09:30:11.740,4.84,40000
2020-09-21 09:30:11.740,4.84,1000
2020-09-21 09:30:11.740,4.84,6000
2020-09-21 09:30:11.740,4.84,2000
2020-09-21 09:30:11.740,4.84,400
2020-09-21 09:30:11.740,4.84,2000
2020-09-21 09:30:11.740,4.84,500
2020-09-21 09:30:11.740,4.84,50000
2020-09-21 09:30:11.740,4.84,5500
2020-09-21 09:30:11.740,4.84,700
2020-09-21 09:30:11.740,4.84,2500
2020-09-21 09:30:11.740,4.84,4100
2020-09-21 09:30:11.740,4.84,100
2020-09-21 09:30:11.740,4.84,500
2020-09-21 09:30:11.740,4.84,2000
2020-09-21 09:30:11.740,4.84,100
2020-09-21 09:30:11.740,4.84,40000
2020-09-21 09:30:11.740,4.84,3500
2020-09-21 09:30:11.740,4.84,7000
2020-09-21 09:30:11.740,4.84,5000
2020-09-21 09:30:11.740,4.84,1000
2020-09-21 09:30:11.740,4.84,1000
2020-09-21 09:30:11.740,4.84,1000
2020-09-21 09:30:11.740,4.841,600
2020-09-21 09:30:11.740,4.841,20000
2020-09-21 09:30:11.740,4.842,1000
2020-09-21 09:30:11.740,4.842,1400
2020-09-21 09:30:11.740,4.842,1000
2020-09-21 09:30:11.740,4.843,3500
2020-09-21 09:30:11.740,4.843,1000
2020-09-21 09:30:11.740,4.843,100
2020-09-21 09:30:11.740,4.843,700
2020-09-21 09:30:11.740,4.843,500
2020-09-21 09:30:11.740,4.843,300
2020-09-21 09:30:11.740,4.843,2600
2020-09-21 09:30:11.740,4.844,5000
2020-09-21 09:30:11.740,4.844,800
2020-09-21 09:30:11.740,4.844,1000
2020-09-21 09:30:11.740,4.844,2500
2020-09-21 09:30:11.740,4.844,2400
2020-09-21 09:30:11.740,4.844,5000
2020-09-21 09:30:11.740,4.844,5000
2020-09-21 09:30:11.740,4.844,10000
2020-09-21 09:30:11.740,4.844,5000
2020-09-21 09:30:11.740,4.845,100
2020-09-21 09:30:11.740,4.845,200
2020-09-21 09:30:11.740,4.845,7000
2020-09-21 09:30:11.740,4.845,200
2020-09-21 09:30:11.740,4.845,10000
2020-09-21 09:30:11.740,4.845,4100
2020-09-21 09:30:11.740,4.845,10000
2020-09-21 09:30:11.740,4.845,10000
2020-09-21 09:30:11.740,4.845,10000
2020-09-21 09:30:11.740,4.845,700
2020-09-21 09:30:11.740,4.845,18100
2020-09-21 09:30:11.740,4.845,500
2020-09-21 09:30:11.740,4.845,2000
2020-09-21 09:30:11.740,4.845,5100
2020-09-21 09:30:11.740,4.845,1000
2020-09-21 09:30:11.740,4.845,6000
2020-09-21 09:30:11.740,4.845,1500
2020-09-21 09:30:11.740,4.845,1300
2020-09-21 09:30:11.740,4.845,2000
2020-09-21 09:30:11.740,4.845,7500
2020-09-21 09:30:11.740,4.845,5100
2020-09-21 09:30:11.740,4.845,500
2020-09-21 09:30:11.740,4.845,2300
2020-09-21 09:30:11.740,4.845,5000
2020-09-21 09:30:11.740,4.845,1500
2020-09-21 09:30:11.740,4.845,100
2020-09-21 09:30:11.740,4.846,700
2020-09-21 09:30:11.740,4.847,100
2020-09-21 09:30:11.740,4.847,100
2020-09-21 09:30:11.740,4.847,2000
2020-09-21 09:30:11.740,4.847,1000
2020-09-21 09:30:11.740,4.848,500
2020-09-21 09:30:11.740,4.848,275000
2020-09-21 09:30:11.740,4.848,1500
2020-09-21 09:30:11.740,4.848,1000
2020-09-21 09:30:11.740,4.848,1000
2020-09-21 09:30:11.740,4.848,30000
2020-09-21 09:30:11.740,4.848,30000
2020-09-21 09:30:11.740,4.848,20000
2020-09-21 09:30:11.740,4.848,2000
2020-09-21 09:30:11.740,4.848,200
2020-09-21 09:30:11.740,4.849,100
2020-09-21 09:30:11.740,4.849,100
2020-09-21 09:30:11.740,4.849,5000
2020-09-21 09:30:11.740,4.849,100
2020-09-21 09:30:11.740,4.849,700
2020-09-21 09:30:11.740,4.849,200
2020-09-21 09:30:11.740,4.849,300
2020-09-21 09:30:11.740,4.849,5000
2020-09-21 09:30:11.740,4.849,1000
2020-09-21 09:30:11.740,4.849,17000
2020-09-21 09:30:11.740,4.849,15000
2020-09-21 09:30:11.740,4.849,60100
2020-09-21 09:30:11.740,4.849,4000
2020-09-21 09:30:11.740,4.849,2000
2020-09-21 09:30:11.740,4.85,1000
2020-09-21 09:30:11.740,4.85,10000
2020-09-21 09:30:11.740,4.85,500
2020-09-21 09:30:11.740,4.85,400
2020-09-21 09:30:11.740,4.85,10000
2020-09-21 09:30:11.740,4.85,5000
2020-09-21 09:30:11.740,4.85,5500
2020-09-21 09:30:11.740,4.85,500
2020-09-21 09:30:11.740,4.85,500
2020-09-21 09:30:11.740,4.85,3000
2020-09-21 09:30:11.740,4.85,5000
2020-09-21 09:30:11.740,4.85,5000
2020-09-21 09:30:11.740,4.85,1000
2020-09-21 09:30:11.740,4.85,1000
2020-09-21 09:30:11.740,4.85,5000
2020-09-21 09:30:11.740,4.85,9000
2020-09-21 09:30:11.740,4.85,2000
2020-09-21 09:30:11.740,4.85,6000
2020-09-21 09:30:11.740,4.85,3000
2020-09-21 09:30:11.740,4.85,3000
2020-09-21 09:30:11.740,4.85,20000
2020-09-21 09:30:11.740,4.85,10000
2020-09-21 09:30:11.740,4.85,2000
2020-09-21 09:30:11.740,4.85,2500
2020-09-21 09:30:11.740,4.85,16000
2020-09-21 09:30:11.740,4.85,500
2020-09-21 09:30:11.740,4.85,7500
2020-09-21 09:30:11.740,4.85,5000
2020-09-21 09:30:11.740,4.85,5000
2020-09-21 09:30:11.740,4.85,500
2020-09-21 09:30:11.740,4.85,9000
2020-09-21 09:30:11.740,4.85,2000
2020-09-21 09:30:11.740,4.85,3000
2020-09-21 09:30:11.740,4.85,10000
2020-09-21 09:30:11.740,4.85,600
2020-09-21 09:30:11.740,4.85,5000
2020-09-21 09:30:11.740,4.85,38500
2020-09-21 09:30:11.740,4.85,10300
2020-09-21 09:30:11.740,4.85,8000
2020-09-21 09:30:11.740,4.85,50000
2020-09-21 09:30:11.740,4.85,5000
2020-09-21 09:30:11.740,4.85,2000
2020-09-21 09:30:11.740,4.85,200
2020-09-21 09:30:11.740,4.85,2300
2020-09-21 09:30:11.740,4.85,4300
2020-09-21 09:30:11.740,4.85,100
2020-09-21 09:30:11.740,4.85,100
2020-09-21 09:30:11.740,4.85,46900
2020-09-21 09:30:11.740,4.85,1700
2020-09-21 09:30:11.740,4.85,10000
2020-09-21 09:30:11.740,4.85,10000
2020-09-21 09:30:11.740,4.85,40000
2020-09-21 09:30:11.740,4.85,100
2020-09-21 09:30:11.740,4.85,10000
2020-09-21 09:30:11.740,4.85,1000
2020-09-21 09:30:11.740,4.85,5000
2020-09-21 09:30:11.740,4.85,60000
2020-09-21 09:30:11.740,4.85,100
2020-09-21 09:30:11.740,4.85,600
2020-09-21 09:30:11.740,4.85,10000
2020-09-21 09:30:11.740,4.85,700
2020-09-21 09:30:11.740,4.85,5000
2020-09-21 09:30:11.740,4.85,5000
2020-09-21 09:30:11.740,4.85,4000
2020-09-21 09:30:11.740,4.85,1000
2020-09-21 09:30:11.740,4.85,200
2020-09-21 09:30:11.740,4.85,4000
2020-09-21 09:30:11.740,4.85,3000
2020-09-21 09:30:11.740,4.85,14100
2020-09-21 09:30:11.810,4.827,400
2020-09-21 09:30:11.840,4.827,100
2020-09-21 09:30:11.990,4.833,200
2020-09-21 09:30:11.990,4.827,41000
2020-09-21 09:30:11.990,4.825,8800
2020-09-21 09:30:12.220,4.825,1000
2020-09-21 09:30:12.980,4.827,200
2020-09-21 09:30:13.010,4.828,3000
2020-09-21 09:30:13.010,4.828,1000
2020-09-21 09:30:13.130,4.828,1000
2020-09-21 09:30:14.590,4.83,1000
2020-09-21 09:30:15.350,4.83,100
2020-09-21 09:30:15.350,4.83,1000
2020-09-21 09:30:15.350,4.83,100
2020-09-21 09:30:15.350,4.83,100
2020-09-21 09:30:15.410,4.83,9200
2020-09-21 09:30:15.510,4.83,200
2020-09-21 09:30:15.640,4.832,100
2020-09-21 09:30:15.860,4.83,4000
2020-09-21 09:30:16.050,4.83,19200
2020-09-21 09:30:16.160,4.83,400
2020-09-21 09:30:16.220,4.83,1000
2020-09-21 09:30:16.220,4.83,400
2020-09-21 09:30:16.530,4.83,100
2020-09-21 09:30:16.670,4.83,5000
2020-09-21 09:30:16.670,4.83,5000
2020-09-21 09:30:16.700,4.83,5000
2020-09-21 09:30:17.050,4.83,20000
2020-09-21 09:30:17.610,4.83,300
2020-09-21 09:30:18.360,4.83,20000
2020-09-21 09:30:18.580,4.83,15000
2020-09-21 09:30:18.580,4.83,1000
2020-09-21 09:30:18.990,4.832,28000
2020-09-21 09:30:19.170,4.83,10000
2020-09-21 09:30:19.460,4.83,2000
2020-09-21 09:30:19.610,4.83,1000
2020-09-21 09:30:20.040,4.83,2000
2020-09-21 09:30:20.070,4.83,3000
2020-09-21 09:30:20.440,4.832,9200
2020-09-21 09:30:20.470,4.83,2000
2020-09-21 09:30:20.530,4.832,10000
2020-09-21 09:30:21.100,4.83,171900
2020-09-21 09:30:21.100,4.83,467100
2020-09-21 09:30:21.100,4.83,1100
2020-09-21 09:30:21.450,4.83,800
2020-09-21 09:30:21.860,4.829,100
2020-09-21 09:30:21.860,4.829,2000
2020-09-21 09:30:21.990,4.829,55500
2020-09-21 09:30:22.080,4.83,30000
2020-09-21 09:30:22.200,4.829,2500
2020-09-21 09:30:22.200,4.828,2500
2020-09-21 09:30:22.600,4.83,5000
2020-09-21 09:30:22.690,4.83,16200
2020-09-21 09:30:23.300,4.83,1000
2020-09-21 09:30:23.670,4.828,12000
2020-09-21 09:30:23.790,4.828,500
2020-09-21 09:30:24.010,4.829,15000
2020-09-21 09:30:24.250,4.829,100
2020-09-21 09:30:24.530,4.83,3500
2020-09-21 09:30:24.900,4.83,400
2020-09-21 09:30:24.900,4.829,1500
2020-09-21 09:30:25.720,4.829,24600
2020-09-21 09:30:25.840,4.83,30600
2020-09-21 09:30:25.960,4.83,2300
2020-09-21 09:30:26.470,4.83,1500
2020-09-21 09:30:26.510,4.829,18800
2020-09-21 09:30:26.510,4.828,55000
2020-09-21 09:30:26.510,4.828,200
2020-09-21 09:30:26.510,4.828,500
2020-09-21 09:30:26.540,4.828,3100
2020-09-21 09:30:27.210,4.828,2100
2020-09-21 09:30:27.240,4.828,2600
2020-09-21 09:30:27.330,4.828,7700
2020-09-21 09:30:27.330,4.83,168600
2020-09-21 09:30:27.330,4.83,2000
2020-09-21 09:30:27.330,4.83,5000
2020-09-21 09:30:27.330,4.83,10000
2020-09-21 09:30:27.330,4.83,10000
2020-09-21 09:30:27.330,4.83,5000
2020-09-21 09:30:27.330,4.83,15000
2020-09-21 09:30:27.330,4.83,300
2020-09-21 09:30:27.330,4.83,35600
2020-09-21 09:30:27.330,4.83,28000
2020-09-21 09:30:27.330,4.83,5000
2020-09-21 09:30:27.330,4.83,7800
2020-09-21 09:30:27.650,4.83,2100
2020-09-21 09:30:28.460,4.828,100
2020-09-21 09:30:28.610,4.83,1100
2020-09-21 09:30:28.950,4.828,100
2020-09-21 09:30:29.660,4.829,2000
2020-09-21 09:30:29.740,4.828,314900
2020-09-21 09:30:29.950,4.828,1400
2020-09-21 09:30:30.700,4.828,100
2020-09-21 09:30:31.080,4.827,500
2020-09-21 09:30:31.080,4.828,2500
2020-09-21 09:30:31.540,4.828,1500
2020-09-21 09:30:31.720,4.828,60000
2020-09-21 09:30:31.720,4.828,10000
2020-09-21 09:30:32.320,4.828,10000
2020-09-21 09:30:32.550,4.828,21700
2020-09-21 09:30:32.730,4.827,300
2020-09-21 09:30:32.880,4.828,60000
2020-09-21 09:30:32.970,4.828,200
2020-09-21 09:30:32.970,4.828,10000
2020-09-21 09:30:33.460,4.828,4100
2020-09-21 09:30:33.670,4.828,200400
2020-09-21 09:30:33.790,4.827,1500
2020-09-21 09:30:33.910,4.828,200
2020-09-21 09:30:34.490,4.828,3100
2020-09-21 09:30:34.560,4.828,180000
2020-09-21 09:30:35.280,4.827,60000
2020-09-21 09:30:35.380,4.827,200
2020-09-21 09:30:36.100,4.826,10000
2020-09-21 09:30:36.430,4.826,100
2020-09-21 09:30:36.950,4.827,400
2020-09-21 09:30:36.970,4.827,27400
2020-09-21 09:30:37.040,4.827,6600
2020-09-21 09:30:37.130,4.827,100000
2020-09-21 09:30:37.330,4.827,700
2020-09-21 09:30:37.360,4.827,4000
2020-09-21 09:30:37.530,4.826,5500
2020-09-21 09:30:37.530,4.826,2500
2020-09-21 09:30:37.530,4.826,60000
2020-09-21 09:30:37.530,4.825,124900
2020-09-21 09:30:37.530,4.824,17700
2020-09-21 09:30:37.690,4.826,800
2020-09-21 09:30:37.780,4.824,13000
2020-09-21 09:30:38.750,4.826,6800
2020-09-21 09:30:38.750,4.827,8800
2020-09-21 09:30:38.940,4.826,60000
2020-09-21 09:30:39.260,4.826,30000
2020-09-21 09:30:39.420,4.826,10000
2020-09-21 09:30:39.950,4.826,15600
2020-09-21 09:30:40.030,4.826,7200
2020-09-21 09:30:40.250,4.825,1000
2020-09-21 09:30:40.310,4.825,2000
2020-09-21 09:30:40.340,4.825,100
2020-09-21 09:30:40.400,4.825,500
2020-09-21 09:30:40.400,4.825,200
2020-09-21 09:30:41.120,4.826,15600
2020-09-21 09:30:41.630,4.826,100
2020-09-21 09:30:41.690,4.825,91900
2020-09-21 09:30:41.900,4.826,6000
2020-09-21 09:30:41.930,4.825,1600
2020-09-21 09:30:42.030,4.825,10000
2020-09-21 09:30:42.320,4.825,5000
2020-09-21 09:30:42.510,4.826,18100
2020-09-21 09:30:42.820,4.826,15600
2020-09-21 09:30:42.910,4.825,55000
2020-09-21 09:30:42.910,4.824,315000
2020-09-21 09:30:42.910,4.824,100
2020-09-21 09:30:43.430,4.824,30000
2020-09-21 09:30:43.430,4.824,30000
2020-09-21 09:30:43.760,4.823,20000
2020-09-21 09:30:43.880,4.824,60000
2020-09-21 09:30:43.880,4.823,1000
2020-09-21 09:30:44.150,4.824,15600
2020-09-21 09:30:44.150,4.824,45500
2020-09-21 09:30:44.830,4.824,30000
2020-09-21 09:30:44.830,4.824,30000
2020-09-21 09:30:44.830,4.824,30000
2020-09-21 09:30:44.830,4.824,10000
2020-09-21 09:30:44.830,4.824,30000
2020-09-21 09:30:44.830,4.824,40000
2020-09-21 09:30:44.830,4.824,30000
2020-09-21 09:30:44.830,4.824,30000
2020-09-21 09:30:44.830,4.824,30000
2020-09-21 09:30:44.860,4.824,38000
2020-09-21 09:30:45.290,4.824,50800
2020-09-21 09:30:45.290,4.824,100
2020-09-21 09:30:45.420,4.826,21800
2020-09-21 09:30:45.420,4.826,2400
2020-09-21 09:30:45.720,4.825,3000
2020-09-21 09:30:46.390,4.824,88600
2020-09-21 09:30:46.480,4.824,19400
2020-09-21 09:30:46.510,4.825,1700
2020-09-21 09:30:46.510,4.825,3300
2020-09-21 09:30:46.540,4.824,6700
2020-09-21 09:30:46.680,4.824,2400
2020-09-21 09:30:46.930,4.824,9600
2020-09-21 09:30:47.310,4.824,2000
2020-09-21 09:30:47.400,4.825,6000
2020-09-21 09:30:47.430,4.824,100000
2020-09-21 09:30:48.160,4.824,20400
2020-09-21 09:30:48.160,4.824,15600
2020-09-21 09:30:48.280,4.824,1000
2020-09-21 09:30:48.280,4.824,3700
2020-09-21 09:30:49.130,4.823,100
2020-09-21 09:30:49.440,4.823,900
2020-09-21 09:30:49.440,4.823,5000
2020-09-21 09:30:49.440,4.824,9300
2020-09-21 09:30:49.440,4.824,400
2020-09-21 09:30:49.870,4.822,10000
2020-09-21 09:30:49.870,4.822,10000
2020-09-21 09:30:50.240,4.824,800
2020-09-21 09:30:50.430,4.824,200
2020-09-21 09:30:50.520,4.824,100
2020-09-21 09:30:50.550,4.824,500
2020-09-21 09:30:50.620,4.824,400
2020-09-21 09:30:50.750,4.824,15600
2020-09-21 09:30:50.850,4.823,9400
2020-09-21 09:30:50.850,4.824,10600
2020-09-21 09:30:50.920,4.824,2500
2020-09-21 09:30:50.920,4.825,500
2020-09-21 09:30:51.590,4.823,2000
2020-09-21 09:30:51.590,4.823,8500
2020-09-21 09:30:51.590,4.823,291500
2020-09-21 09:30:51.590,4.822,5000
2020-09-21 09:30:51.780,4.823,11500
2020-09-21 09:30:51.880,4.823,15600
2020-09-21 09:30:52.030,4.823,1100
2020-09-21 09:30:52.240,4.822,3000
2020-09-21 09:30:52.240,4.822,22300
2020-09-21 09:30:52.300,4.823,200
2020-09-21 09:30:52.910,4.822,3000
2020-09-21 09:30:53.070,4.823,15600
2020-09-21 09:30:53.280,4.822,4000
2020-09-21 09:30:53.830,4.823,300000
2020-09-21 09:30:53.900,4.823,50000
2020-09-21 09:30:53.900,4.823,30000
2020-09-21 09:30:53.900,4.823,10000
2020-09-21 09:30:53.900,4.823,50000
2020-09-21 09:30:53.900,4.823,10000
2020-09-21 09:30:54.100,4.822,7700
2020-09-21 09:30:54.250,4.823,15600
2020-09-21 09:30:54.280,4.823,200
2020-09-21 09:30:54.350,4.823,35000
2020-09-21 09:30:54.410,4.823,13600
2020-09-21 09:30:54.690,4.822,15900
2020-09-21 09:30:54.690,4.822,1400
2020-09-21 09:30:54.690,4.822,2700
2020-09-21 09:30:54.720,4.823,15700
2020-09-21 09:30:55.110,4.822,37100
2020-09-21 09:30:55.200,4.823,30000
2020-09-21 09:30:55.200,4.823,4400
2020-09-21 09:30:55.200,4.823,700
2020-09-21 09:30:55.500,4.823,1300
2020-09-21 09:30:55.500,4.823,9600
2020-09-21 09:30:55.500,4.823,1000
2020-09-21 09:30:55.530,4.823,3700
2020-09-21 09:30:55.530,4.822,10200
2020-09-21 09:30:55.590,4.822,100000
2020-09-21 09:30:55.620,4.821,2000
2020-09-21 09:30:56.220,4.822,5000
2020-09-21 09:30:56.220,4.822,127700
2020-09-21 09:30:56.310,4.822,5000
2020-09-21 09:30:56.750,4.822,15600
2020-09-21 09:30:56.840,4.822,30000
2020-09-21 09:30:57.040,4.822,2800
2020-09-21 09:30:57.040,4.822,900
2020-09-21 09:30:57.230,4.822,2400
2020-09-21 09:30:57.480,4.824,4200
2020-09-21 09:30:57.480,4.824,800
2020-09-21 09:30:58.100,4.824,1200
2020-09-21 09:30:58.100,4.824,8400
2020-09-21 09:30:58.100,4.824,10000
2020-09-21 09:30:58.100,4.824,5000
2020-09-21 09:30:58.100,4.824,100
2020-09-21 09:30:58.500,4.824,5900
2020-09-21 09:30:58.500,4.823,5600
2020-09-21 09:30:58.500,4.823,14300
2020-09-21 09:30:58.500,4.823,500
2020-09-21 09:30:58.500,4.823,500
2020-09-21 09:30:58.500,4.822,6100
2020-09-21 09:30:58.500,4.822,7000
2020-09-21 09:30:58.730,4.822,8600
2020-09-21 09:30:58.730,4.822,100
2020-09-21 09:30:58.820,4.821,3000
2020-09-21 09:30:58.820,4.821,7000
2020-09-21 09:30:58.820,4.822,5500
2020-09-21 09:30:58.820,4.822,65000
2020-09-21 09:30:58.910,4.824,10000
2020-09-21 09:30:59.410,4.824,11400
2020-09-21 09:30:59.550,4.824,20000
2020-09-21 09:30:59.930,4.825,2000
2020-09-21 09:30:59.990,4.824,10000
2020-09-21 09:31:00.150,4.824,5000
2020-09-21 09:31:00.370,4.824,2900
2020-09-21 09:31:00.400,4.824,59200
2020-09-21 09:31:00.570,4.822,22500
2020-09-21 09:31:00.570,4.822,400
2020-09-21 09:31:00.570,4.822,76100
2020-09-21 09:31:00.940,4.822,223900
2020-09-21 09:31:00.940,4.822,33900
2020-09-21 09:31:00.940,4.822,15600
2020-09-21 09:31:00.940,4.821,8200
2020-09-21 09:31:00.940,4.82,10000
2020-09-21 09:31:00.940,4.82,8000
2020-09-21 09:31:00.940,4.82,200000
2020-09-21 09:31:00.940,4.82,100000
2020-09-21 09:31:00.940,4.82,10000
2020-09-21 09:31:00.940,4.82,5000
2020-09-21 09:31:00.940,4.82,100
2020-09-21 09:31:00.940,4.82,900
2020-09-21 09:31:01.120,4.82,284400
2020-09-21 09:31:01.300,4.823,9600
2020-09-21 09:31:01.300,4.824,7900
2020-09-21 09:31:01.300,4.824,2400
2020-09-21 09:31:01.300,4.824,100
2020-09-21 09:31:01.300,4.824,1000
2020-09-21 09:31:01.300,4.825,2200
2020-09-21 09:31:01.300,4.825,200
2020-09-21 09:31:01.300,4.825,3000
2020-09-21 09:31:01.300,4.825,700
2020-09-21 09:31:01.340,4.82,100
2020-09-21 09:31:01.560,4.821,1700
2020-09-21 09:31:01.590,4.824,71900
2020-09-21 09:31:01.650,4.824,3300
2020-09-21 09:31:01.910,4.824,1000
2020-09-21 09:31:02.070,4.823,2300
2020-09-21 09:31:02.070,4.822,7700
2020-09-21 09:31:02.310,4.824,15600
2020-09-21 09:31:02.480,4.824,5000
2020-09-21 09:31:02.640,4.823,100
2020-09-21 09:31:02.700,4.823,300
2020-09-21 09:31:02.700,4.822,9700
2020-09-21 09:31:02.990,4.824,100
2020-09-21 09:31:03.150,4.824,20800
2020-09-21 09:31:03.150,4.822,500
2020-09-21 09:31:03.220,4.822,200
2020-09-21 09:31:03.220,4.822,2100
2020-09-21 09:31:03.510,4.823,15600
2020-09-21 09:31:03.510,4.823,1000
2020-09-21 09:31:03.550,4.822,10000
2020-09-21 09:31:04.090,4.823,500
2020-09-21 09:31:04.850,4.823,15600
2020-09-21 09:31:04.900,4.822,1000
2020-09-21 09:31:05.120,4.822,4700
2020-09-21 09:31:06.110,4.823,500
2020-09-21 09:31:06.110,4.823,15600
2020-09-21 09:31:07.200,4.822,63100
2020-09-21 09:31:07.200,4.822,200
2020-09-21 09:31:07.200,4.822,100
2020-09-21 09:31:07.200,4.822,1000
2020-09-21 09:31:07.200,4.822,600
2020-09-21 09:31:07.200,4.822,200
2020-09-21 09:31:07.200,4.822,32600
2020-09-21 09:31:07.450,4.822,15600
2020-09-21 09:31:07.800,4.822,20000
2020-09-21 09:31:08.740,4.822,15600
2020-09-21 09:31:08.740,4.822,10000
2020-09-21 09:31:08.910,4.822,200
2020-09-21 09:31:08.970,4.822,300
2020-09-21 09:31:09.420,4.822,5000
2020-09-21 09:31:09.980,4.822,135500
2020-09-21 09:31:09.980,4.822,55200
2020-09-21 09:31:10.060,4.822,15600
2020-09-21 09:31:10.410,4.822,10000
2020-09-21 09:31:10.750,4.821,11000
2020-09-21 09:31:10.750,4.821,10000
2020-09-21 09:31:10.750,4.821,1000
2020-09-21 09:31:10.750,4.821,1500
2020-09-21 09:31:10.750,4.821,3500
2020-09-21 09:31:10.750,4.82,1000
2020-09-21 09:31:11.690,4.82,15600
2020-09-21 09:31:11.830,4.82,50000
2020-09-21 09:31:11.860,4.82,6300
2020-09-21 09:31:11.930,4.82,30000
2020-09-21 09:31:11.930,4.82,30000
2020-09-21 09:31:11.930,4.82,30000
2020-09-21 09:31:11.930,4.82,50000
2020-09-21 09:31:11.930,4.82,30000
2020-09-21 09:31:11.930,4.82,20000
2020-09-21 09:31:11.930,4.82,300000
2020-09-21 09:31:12.190,4.82,20700
2020-09-21 09:31:12.580,4.82,289400
2020-09-21 09:31:12.960,4.82,10600
2020-09-21 09:31:12.960,4.82,15600
2020-09-21 09:31:13.140,4.82,900
2020-09-21 09:31:13.270,4.819,400
2020-09-21 09:31:13.270,4.819,500
2020-09-21 09:31:13.270,4.819,500
2020-09-21 09:31:13.270,4.819,50000
2020-09-21 09:31:13.270,4.819,5000
2020-09-21 09:31:13.270,4.819,50000
2020-09-21 09:31:13.270,4.819,100
2020-09-21 09:31:13.270,4.819,5000
2020-09-21 09:31:13.850,4.819,4400
2020-09-21 09:31:13.850,4.818,200
2020-09-21 09:31:13.970,4.818,200
2020-09-21 09:31:13.970,4.818,3000
2020-09-21 09:31:13.970,4.818,100
2020-09-21 09:31:13.970,4.819,100
2020-09-21 09:31:14.030,4.819,700
2020-09-21 09:31:14.060,4.818,60200
2020-09-21 09:31:14.060,4.818,55200
2020-09-21 09:31:14.060,4.818,22700
2020-09-21 09:31:14.060,4.818,1000
2020-09-21 09:31:14.060,4.818,5000
2020-09-21 09:31:14.060,4.818,20800
2020-09-21 09:31:14.060,4.818,30000
2020-09-21 09:31:14.060,4.818,5000
2020-09-21 09:31:14.060,4.818,100000
2020-09-21 09:31:14.060,4.818,100
2020-09-21 09:31:14.400,4.819,40000
2020-09-21 09:31:14.400,4.819,20800
2020-09-21 09:31:14.400,4.819,15600
2020-09-21 09:31:14.840,4.819,6900
2020-09-21 09:31:14.840,4.819,400
2020-09-21 09:31:14.840,4.819,500
2020-09-21 09:31:14.840,4.819,2200
2020-09-21 09:31:14.840,4.819,1000
2020-09-21 09:31:14.910,4.819,1800
2020-09-21 09:31:14.910,4.82,22900
2020-09-21 09:31:15.090,4.821,1000
2020-09-21 09:31:15.400,4.818,200
2020-09-21 09:31:15.400,4.821,49000
2020-09-21 09:31:15.400,4.821,300000
2020-09-21 09:31:15.400,4.821,11800
2020-09-21 09:31:15.400,4.821,100
2020-09-21 09:31:15.400,4.821,4800
2020-09-21 09:31:15.400,4.821,134300
2020-09-21 09:31:15.690,4.819,15600
2020-09-21 09:31:15.820,4.818,100
2020-09-21 09:31:15.980,4.819,284400
2020-09-21 09:31:15.980,4.819,2500
2020-09-21 09:31:15.980,4.821,13100
2020-09-21 09:31:16.070,4.819,8700
2020-09-21 09:31:16.380,4.821,32000
2020-09-21 09:31:16.630,4.821,20600
2020-09-21 09:31:16.630,4.821,200000
2020-09-21 09:31:16.630,4.821,79400
2020-09-21 09:31:16.730,4.819,200
2020-09-21 09:31:17.200,4.819,3000
2020-09-21 09:31:17.270,4.821,200
2020-09-21 09:31:17.480,4.821,5000
2020-09-21 09:31:17.610,4.821,7200
2020-09-21 09:31:17.700,4.819,1000
2020-09-21 09:31:17.800,4.821,5000
2020-09-21 09:31:17.890,4.819,4600
2020-09-21 09:31:18.060,4.819,5900
2020-09-21 09:31:18.190,4.82,25800
2020-09-21 09:31:18.320,4.821,1000
2020-09-21 09:31:18.780,4.82,74200
2020-09-21 09:31:18.780,4.819,25800
2020-09-21 09:31:18.810,4.819,100000
2020-09-21 09:31:18.850,4.821,30000
2020-09-21 09:31:18.910,4.819,900
2020-09-21 09:31:19.690,4.819,100
2020-09-21 09:31:19.720,4.821,10000
2020-09-21 09:31:19.720,4.819,200
2020-09-21 09:31:19.790,4.819,42900
2020-09-21 09:31:20.070,4.82,2000
2020-09-21 09:31:20.410,4.821,500
2020-09-21 09:31:20.600,4.82,500
2020-09-21 09:31:20.600,4.819,500
2020-09-21 09:31:20.660,4.819,8300
2020-09-21 09:31:20.690,4.819,500
2020-09-21 09:31:20.730,4.819,5000
2020-09-21 09:31:21.180,4.819,5800
2020-09-21 09:31:21.250,4.819,10000
2020-09-21 09:31:21.480,4.819,3300
2020-09-21 09:31:21.930,4.821,1000
2020-09-21 09:31:22.240,4.819,56500
2020-09-21 09:31:22.730,4.82,1900
2020-09-21 09:31:22.730,4.82,2200
2020-09-21 09:31:22.880,4.819,16800
2020-09-21 09:31:22.880,4.819,15600
2020-09-21 09:31:22.880,4.819,5000
2020-09-21 09:31:22.910,4.819,30000
2020-09-21 09:31:22.910,4.819,30000
2020-09-21 09:31:22.910,4.819,30000
2020-09-21 09:31:22.910,4.819,30000
2020-09-21 09:31:22.910,4.819,30000
2020-09-21 09:31:22.910,4.819,30000
2020-09-21 09:31:22.910,4.819,30000
2020-09-21 09:31:23.270,4.819,40000
2020-09-21 09:31:23.400,4.819,12600
2020-09-21 09:31:23.400,4.82,2800
2020-09-21 09:31:23.400,4.821,60700
2020-09-21 09:31:23.400,4.821,23900
2020-09-21 09:31:24.100,4.821,3200
2020-09-21 09:31:24.280,4.819,200
2020-09-21 09:31:24.280,4.818,400
2020-09-21 09:31:24.530,4.818,4300
2020-09-21 09:31:24.530,4.818,100
2020-09-21 09:31:24.530,4.818,6600
2020-09-21 09:31:24.530,4.818,30000
2020-09-21 09:31:25.060,4.818,25000
2020-09-21 09:31:25.380,4.818,2000
2020-09-21 09:31:25.530,4.818,700
2020-09-21 09:31:25.590,4.818,500
2020-09-21 09:31:26.060,4.818,300
2020-09-21 09:31:26.480,4.818,10100
2020-09-21 09:31:26.830,4.818,10000
2020-09-21 09:31:26.860,4.818,10000
2020-09-21 09:31:26.860,4.818,30000
2020-09-21 09:31:26.860,4.818,10000
2020-09-21 09:31:26.860,4.818,30000
2020-09-21 09:31:26.860,4.818,30000
2020-09-21 09:31:26.860,4.818,20000
2020-09-21 09:31:26.860,4.818,30000
2020-09-21 09:31:26.860,4.818,20000
2020-09-21 09:31:26.860,4.818,10000
2020-09-21 09:31:26.860,4.818,30000
2020-09-21 09:31:26.940,4.818,56400
2020-09-21 09:31:26.940,4.819,900
2020-09-21 09:31:26.940,4.819,3000
2020-09-21 09:31:26.940,4.819,3000
2020-09-21 09:31:26.940,4.819,38900
2020-09-21 09:31:26.940,4.819,8300
2020-09-21 09:31:26.940,4.819,10000
2020-09-21 09:31:26.940,4.819,179500
2020-09-21 09:31:27.070,4.818,100
2020-09-21 09:31:27.140,4.819,120500
2020-09-21 09:31:27.460,4.82,3700
2020-09-21 09:31:27.890,4.819,100
2020-09-21 09:31:28.040,4.82,1300
2020-09-21 09:31:28.040,4.82,200000
2020-09-21 09:31:28.040,4.821,98700
2020-09-21 09:31:28.040,4.819,100
2020-09-21 09:31:28.230,4.819,5000
2020-09-21 09:31:28.720,4.819,100
2020-09-21 09:31:28.720,4.82,1000
2020-09-21 09:31:29.040,4.819,5900
2020-09-21 09:31:29.110,4.82,4300
2020-09-21 09:31:29.110,4.821,400
2020-09-21 09:31:29.530,4.821,25000
2020-09-21 09:31:30.340,4.818,22900
2020-09-21 09:31:30.470,4.818,1000
2020-09-21 09:31:30.890,4.818,1500
2020-09-21 09:31:31.050,4.818,1600
2020-09-21 09:31:31.110,4.819,600
2020-09-21 09:31:31.270,4.819,7700
2020-09-21 09:31:31.270,4.819,42300
2020-09-21 09:31:32.780,4.819,700
2020-09-21 09:31:32.910,4.819,40000
2020-09-21 09:31:32.910,4.819,20000
2020-09-21 09:31:32.910,4.819,50000
2020-09-21 09:31:32.910,4.819,50000
2020-09-21 09:31:32.910,4.819,20000
2020-09-21 09:31:32.910,4.819,40000
2020-09-21 09:31:32.910,4.819,20000
2020-09-21 09:31:32.910,4.819,17000
2020-09-21 09:31:32.910,4.819,33000
2020-09-21 09:31:32.910,4.819,50000
2020-09-21 09:31:32.910,4.819,10000
2020-09-21 09:31:32.910,4.819,50000
2020-09-21 09:31:32.910,4.819,40000
2020-09-21 09:31:33.480,4.818,100000
2020-09-21 09:31:33.570,4.818,22800
2020-09-21 09:31:33.600,4.819,100
2020-09-21 09:31:33.690,4.819,900
2020-09-21 09:31:33.690,4.819,1900
2020-09-21 09:31:33.690,4.819,2000
2020-09-21 09:31:33.690,4.82,2200
2020-09-21 09:31:33.690,4.82,99800
2020-09-21 09:31:33.690,4.818,117000
2020-09-21 09:31:34.110,4.819,20000
2020-09-21 09:31:34.110,4.82,100200
2020-09-21 09:31:34.110,4.82,199800
2020-09-21 09:31:34.170,4.82,200
2020-09-21 09:31:34.540,4.819,100
2020-09-21 09:31:34.630,4.82,100
2020-09-21 09:31:34.630,4.82,20000
2020-09-21 09:31:34.630,4.82,1000
2020-09-21 09:31:34.630,4.82,200000
2020-09-21 09:31:34.630,4.82,40900
2020-09-21 09:31:34.630,4.82,800
2020-09-21 09:31:34.630,4.82,700
2020-09-21 09:31:34.830,4.82,30000
2020-09-21 09:31:34.890,4.82,6500
2020-09-21 09:31:34.890,4.819,1300
2020-09-21 09:31:34.890,4.819,200000
2020-09-21 09:31:34.890,4.821,800
2020-09-21 09:31:36.330,4.819,3000
2020-09-21 09:31:36.360,4.819,40000
2020-09-21 09:31:36.820,4.819,157000
2020-09-21 09:31:36.820,4.82,143000
2020-09-21 09:31:37.320,4.82,1000
2020-09-21 09:31:37.780,4.819,300
2020-09-21 09:31:37.830,4.82,2000
2020-09-21 09:31:38.380,4.819,10000
2020-09-21 09:31:38.530,4.818,13100
2020-09-21 09:31:38.600,4.818,1000
2020-09-21 09:31:38.820,4.818,30000
2020-09-21 09:31:39.330,4.818,255900
2020-09-21 09:31:39.330,4.818,44100
2020-09-21 09:31:39.770,4.818,200000
2020-09-21 09:31:39.770,4.818,55900
2020-09-21 09:31:39.770,4.818,80800
2020-09-21 09:31:39.770,4.818,2100
2020-09-21 09:31:39.770,4.818,3000
2020-09-21 09:31:39.770,4.818,10000
2020-09-21 09:31:39.770,4.818,100000
2020-09-21 09:31:39.770,4.818,700
2020-09-21 09:31:40.330,4.818,100
2020-09-21 09:31:40.360,4.818,10000
2020-09-21 09:31:40.360,4.818,37400
2020-09-21 09:31:40.360,4.818,12600
2020-09-21 09:31:40.360,4.818,20000
2020-09-21 09:31:40.620,4.818,5000
2020-09-21 09:31:41.160,4.818,1000
2020-09-21 09:31:41.160,4.818,4000
2020-09-21 09:31:41.820,4.818,100000
2020-09-21 09:31:41.820,4.818,30000
2020-09-21 09:31:41.850,4.818,27400
2020-09-21 09:31:41.850,4.818,2600
2020-09-21 09:31:41.850,4.818,3400
2020-09-21 09:31:41.850,4.818,26600
2020-09-21 09:31:41.850,4.818,20000
2020-09-21 09:31:41.850,4.818,30000
2020-09-21 09:31:41.850,4.818,30000
2020-09-21 09:31:41.850,4.818,30000
2020-09-21 09:31:41.850,4.818,30000
2020-09-21 09:31:41.850,4.818,30000
2020-09-21 09:31:41.850,4.818,3400
2020-09-21 09:31:41.850,4.818,26600
2020-09-21 09:31:41.850,4.818,30000
2020-09-21 09:31:41.850,4.818,30000
2020-09-21 09:31:41.850,4.818,30000
2020-09-21 09:31:41.850,4.818,20000
2020-09-21 09:31:41.850,4.818,20000
2020-09-21 09:31:41.850,4.818,30000
2020-09-21 09:31:41.920,4.818,13400
2020-09-21 09:31:41.920,4.819,286600
2020-09-21 09:31:42.080,4.819,100
2020-09-21 09:31:42.580,4.819,3300
2020-09-21 09:31:42.580,4.819,200
2020-09-21 09:31:42.580,4.819,3400
2020-09-21 09:31:43.200,4.818,45800
2020-09-21 09:31:43.570,4.817,10000
2020-09-21 09:31:43.570,4.817,5000
2020-09-21 09:31:43.570,4.817,4800
2020-09-21 09:31:43.790,4.817,57400
2020-09-21 09:31:43.790,4.817,10000
2020-09-21 09:31:43.790,4.817,18000
2020-09-21 09:31:43.790,4.817,10000
2020-09-21 09:31:43.790,4.817,10000
2020-09-21 09:31:43.790,4.817,10000
2020-09-21 09:31:43.790,4.817,1000
2020-09-21 09:31:43.790,4.817,10000
2020-09-21 09:31:43.790,4.817,10000
2020-09-21 09:31:43.790,4.817,42200
2020-09-21 09:31:43.790,4.817,10000
2020-09-21 09:31:43.790,4.817,1400
2020-09-21 09:31:44.270,4.818,10400
2020-09-21 09:31:44.390,4.817,5000
2020-09-21 09:31:44.640,4.818,600
2020-09-21 09:31:44.640,4.818,200
2020-09-21 09:31:44.800,4.817,98200
2020-09-21 09:31:44.800,4.817,16800
2020-09-21 09:31:44.800,4.817,2000
2020-09-21 09:31:44.800,4.817,1700
2020-09-21 09:31:44.800,4.817,100000
2020-09-21 09:31:44.800,4.817,10000
2020-09-21 09:31:44.800,4.817,12000
2020-09-21 09:31:44.800,4.817,10000
2020-09-21 09:31:44.800,4.817,49300
2020-09-21 09:31:44.840,4.818,50000
2020-09-21 09:31:44.840,4.818,30000
2020-09-21 09:31:44.840,4.818,20000
2020-09-21 09:31:44.840,4.818,10000
2020-09-21 09:31:44.840,4.818,50000
2020-09-21 09:31:44.840,4.818,50000
2020-09-21 09:31:44.840,4.818,30000
2020-09-21 09:31:44.840,4.818,50000
2020-09-21 09:31:44.840,4.818,50000
2020-09-21 09:31:44.840,4.818,10000
2020-09-21 09:31:44.840,4.818,30000
2020-09-21 09:31:44.840,4.818,40000
2020-09-21 09:31:44.840,4.818,30000
2020-09-21 09:31:44.840,4.818,50000
2020-09-21 09:31:44.840,4.818,50000
2020-09-21 09:31:44.840,4.818,50000
2020-09-21 09:31:44.840,4.818,50000
2020-09-21 09:31:45.130,4.818,67100
2020-09-21 09:31:45.130,4.818,5000
2020-09-21 09:31:45.500,4.818,1000
2020-09-21 09:31:45.870,4.817,100000
2020-09-21 09:31:45.870,4.817,21700
2020-09-21 09:31:46.070,4.818,100
2020-09-21 09:31:47.080,4.818,2000
2020-09-21 09:31:47.200,4.817,28300
2020-09-21 09:31:47.200,4.817,31500
2020-09-21 09:31:47.200,4.817,6200
2020-09-21 09:31:47.470,4.817,12000
2020-09-21 09:31:47.680,4.817,33500
2020-09-21 09:31:47.680,4.818,117800
2020-09-21 09:31:47.680,4.818,300
2020-09-21 09:31:47.890,4.819,4400
2020-09-21 09:31:47.890,4.819,5000
2020-09-21 09:31:47.890,4.819,1100
2020-09-21 09:31:47.890,4.819,4000
2020-09-21 09:31:47.890,4.819,6000
2020-09-21 09:31:47.890,4.819,500
2020-09-21 09:31:47.890,4.819,4900
2020-09-21 09:31:47.890,4.819,7800
2020-09-21 09:31:47.890,4.819,31200
2020-09-21 09:31:47.890,4.819,10000
2020-09-21 09:31:47.890,4.819,200000
2020-09-21 09:31:47.890,4.819,11100
2020-09-21 09:31:47.890,4.819,14000
2020-09-21 09:31:47.950,4.818,3700
2020-09-21 09:31:48.520,4.819,1000
2020-09-21 09:31:48.640,4.819,100
2020-09-21 09:31:49.010,4.819,100
2020-09-21 09:31:49.220,4.818,4100
2020-09-21 09:31:49.220,4.819,28300
2020-09-21 09:31:49.470,4.818,1000
2020-09-21 09:31:49.780,4.819,1000
2020-09-21 09:31:49.930,4.818,1700
2020-09-21 09:31:50.060,4.818,2600
2020-09-21 09:31:50.130,4.818,100
2020-09-21 09:31:50.160,4.818,43400
2020-09-21 09:31:50.940,4.819,155500
2020-09-21 09:31:50.940,4.819,144500
2020-09-21 09:31:51.710,4.818,10000
2020-09-21 09:31:51.860,4.818,8200
2020-09-21 09:31:52.020,4.818,5000
2020-09-21 09:31:52.110,4.818,30100
2020-09-21 09:31:52.110,4.819,100
2020-09-21 09:31:52.200,4.819,3300
2020-09-21 09:31:52.330,4.818,38500
2020-09-21 09:31:52.330,4.818,1000
2020-09-21 09:31:52.330,4.818,1000
2020-09-21 09:31:52.330,4.818,10000
2020-09-21 09:31:52.330,4.818,2000
2020-09-21 09:31:52.330,4.818,50000
2020-09-21 09:31:52.570,4.818,9000
2020-09-21 09:31:52.910,4.818,20000
2020-09-21 09:31:53.110,4.817,200
2020-09-21 09:31:53.440,4.818,10000
2020-09-21 09:31:53.670,4.818,20000
2020-09-21 09:31:53.850,4.818,38500
2020-09-21 09:31:53.850,4.818,1400
2020-09-21 09:31:53.850,4.818,200000
2020-09-21 09:31:53.850,4.818,3000
2020-09-21 09:31:53.850,4.819,57100
2020-09-21 09:31:53.890,4.819,100
2020-09-21 09:31:54.230,4.817,1800
2020-09-21 09:31:54.230,4.817,100
2020-09-21 09:31:54.230,4.817,178900
2020-09-21 09:31:54.230,4.817,40000
2020-09-21 09:31:54.230,4.817,79200
2020-09-21 09:31:54.390,4.817,8200
2020-09-21 09:31:54.620,4.818,2000
2020-09-21 09:31:54.770,4.817,100
2020-09-21 09:31:56.070,4.817,12500
2020-09-21 09:31:56.070,4.817,7500
2020-09-21 09:31:56.700,4.817,2500
2020-09-21 09:31:56.700,4.817,97500
2020-09-21 09:31:56.760,4.818,300
2020-09-21 09:31:56.860,4.818,32700
2020-09-21 09:31:56.860,4.818,267300
2020-09-21 09:31:56.860,4.818,20000
2020-09-21 09:31:56.860,4.818,10000
2020-09-21 09:31:56.860,4.818,2700
2020-09-21 09:31:56.860,4.818,47300
2020-09-21 09:31:56.860,4.818,50000
2020-09-21 09:31:56.860,4.818,40000
2020-09-21 09:31:56.860,4.818,40000
2020-09-21 09:31:56.860,4.818,22700
2020-09-21 09:31:56.860,4.818,1500
2020-09-21 09:31:56.860,4.818,5000
2020-09-21 09:31:56.860,4.818,1500
2020-09-21 09:31:56.930,4.819,94900
2020-09-21 09:31:56.930,4.819,8200
2020-09-21 09:31:56.930,4.819,196900
2020-09-21 09:31:57.360,4.818,8200
2020-09-21 09:31:57.420,4.818,1000
2020-09-21 09:31:58.070,4.819,4700
2020-09-21 09:31:58.160,4.818,100
2020-09-21 09:31:58.160,4.818,200
2020-09-21 09:31:58.340,4.819,54700
2020-09-21 09:31:59.000,4.818,39800
2020-09-21 09:31:59.000,4.818,50000
2020-09-21 09:31:59.000,4.818,50000
2020-09-21 09:31:59.000,4.818,40000
2020-09-21 09:31:59.000,4.818,2000
2020-09-21 09:31:59.000,4.818,300
2020-09-21 09:31:59.000,4.818,10300
2020-09-21 09:31:59.000,4.817,1400
2020-09-21 09:31:59.000,4.817,106200
2020-09-21 09:31:59.220,4.817,20000
2020-09-21 09:31:59.430,4.817,100
2020-09-21 09:31:59.680,4.817,3500
2020-09-21 09:31:59.900,4.819,243700
2020-09-21 09:31:59.900,4.819,5000
2020-09-21 09:31:59.900,4.82,51300
2020-09-21 09:32:00.700,4.817,40000
2020-09-21 09:32:00.700,4.817,300
2020-09-21 09:32:00.850,4.817,100
2020-09-21 09:32:01.210,4.817,200
2020-09-21 09:32:01.210,4.818,2000
2020-09-21 09:32:01.710,4.819,4000
2020-09-21 09:32:01.890,4.819,5000
2020-09-21 09:32:02.380,4.819,500
2020-09-21 09:32:02.410,4.819,258400
2020-09-21 09:32:02.470,4.819,5900
2020-09-21 09:32:02.500,4.819,1100
2020-09-21 09:32:02.710,4.82,200
2020-09-21 09:32:02.770,4.819,6200
2020-09-21 09:32:02.890,4.82,102500
2020-09-21 09:32:02.890,4.82,3000
2020-09-21 09:32:02.890,4.82,20000
2020-09-21 09:32:02.890,4.82,2200
2020-09-21 09:32:02.890,4.82,30500
2020-09-21 09:32:02.890,4.82,1000
2020-09-21 09:32:02.890,4.82,4300
2020-09-21 09:32:02.890,4.82,15000
2020-09-21 09:32:02.890,4.82,5000
2020-09-21 09:32:02.890,4.82,400
2020-09-21 09:32:02.890,4.82,100
2020-09-21 09:32:02.890,4.82,5000
2020-09-21 09:32:02.890,4.82,1000
2020-09-21 09:32:02.890,4.82,400
2020-09-21 09:32:02.890,4.821,48000
2020-09-21 09:32:02.890,4.821,61600
2020-09-21 09:32:02.920,4.819,16900
2020-09-21 09:32:02.920,4.819,13100
2020-09-21 09:32:03.310,4.819,2000
2020-09-21 09:32:03.550,4.819,500
2020-09-21 09:32:03.680,4.819,11400
2020-09-21 09:32:03.680,4.819,700
2020-09-21 09:32:03.680,4.819,10000
2020-09-21 09:32:03.680,4.818,5000
2020-09-21 09:32:03.680,4.818,5000
2020-09-21 09:32:03.680,4.817,41400
2020-09-21 09:32:04.530,4.817,200
2020-09-21 09:32:04.740,4.818,10000
2020-09-21 09:32:04.770,4.818,100
2020-09-21 09:32:04.870,4.818,6000
2020-09-21 09:32:05.240,4.818,100
2020-09-21 09:32:05.580,4.817,10000
2020-09-21 09:32:05.820,4.818,4600
2020-09-21 09:32:05.820,4.818,5000
2020-09-21 09:32:05.820,4.819,200
2020-09-21 09:32:05.820,4.819,200000
2020-09-21 09:32:05.820,4.819,4700
2020-09-21 09:32:05.820,4.819,85500
2020-09-21 09:32:06.000,4.819,2300
2020-09-21 09:32:06.150,4.819,300
2020-09-21 09:32:06.180,4.817,78000
2020-09-21 09:32:06.180,4.817,10000
2020-09-21 09:32:06.180,4.817,200
2020-09-21 09:32:06.180,4.817,10000
2020-09-21 09:32:06.550,4.817,2500
2020-09-21 09:32:06.550,4.817,199300
2020-09-21 09:32:06.640,4.817,200
2020-09-21 09:32:06.830,4.817,1000
2020-09-21 09:32:06.950,4.817,3800
2020-09-21 09:32:06.950,4.819,1200
2020-09-21 09:32:07.760,4.819,2000
2020-09-21 09:32:08.050,4.818,2000
2020-09-21 09:32:08.230,4.818,2100
2020-09-21 09:32:08.460,4.817,3000
2020-09-21 09:32:08.870,4.818,3000
2020-09-21 09:32:09.360,4.818,500
2020-09-21 09:32:09.440,4.817,2500
2020-09-21 09:32:09.440,4.818,1600
2020-09-21 09:32:10.060,4.818,5000
2020-09-21 09:32:10.170,4.818,600
2020-09-21 09:32:10.300,4.818,2000
2020-09-21 09:32:10.720,4.818,35200
2020-09-21 09:32:10.720,4.818,3000
2020-09-21 09:32:10.780,4.818,24900
2020-09-21 09:32:11.950,4.818,236900
2020-09-21 09:32:11.950,4.818,30000
2020-09-21 09:32:11.950,4.818,200
2020-09-21 09:32:11.950,4.818,400
2020-09-21 09:32:11.950,4.818,5200
2020-09-21 09:32:11.950,4.817,2000
2020-09-21 09:32:12.710,4.818,200
2020-09-21 09:32:12.920,4.817,200
2020-09-21 09:32:13.400,4.817,700
2020-09-21 09:32:13.460,4.817,600
2020-09-21 09:32:13.460,4.817,1000
2020-09-21 09:32:13.460,4.817,7800
2020-09-21 09:32:13.770,4.817,2200
2020-09-21 09:32:13.770,4.817,7800
2020-09-21 09:32:13.770,4.818,100
2020-09-21 09:32:13.770,4.818,100
2020-09-21 09:32:13.770,4.819,200000
2020-09-21 09:32:13.770,4.819,92000
2020-09-21 09:32:13.990,4.817,1000
2020-09-21 09:32:14.080,4.818,4400
2020-09-21 09:32:14.390,4.818,7100
2020-09-21 09:32:14.390,4.818,12900
2020-09-21 09:32:14.630,4.817,1000
2020-09-21 09:32:14.630,4.818,1000
2020-09-21 09:32:14.660,4.818,10000
2020-09-21 09:32:14.810,4.818,10300
2020-09-21 09:32:14.810,4.818,265800
2020-09-21 09:32:14.810,4.818,18600
2020-09-21 09:32:14.810,4.818,15600
2020-09-21 09:32:14.840,4.818,1600
2020-09-21 09:32:15.090,4.816,300
2020-09-21 09:32:15.090,4.816,700
2020-09-21 09:32:15.390,4.817,700
2020-09-21 09:32:15.650,4.816,1000
2020-09-21 09:32:16.090,4.816,1000
2020-09-21 09:32:16.340,4.816,5300
2020-09-21 09:32:16.340,4.816,5000
2020-09-21 09:32:16.340,4.816,1000
2020-09-21 09:32:16.340,4.816,700
2020-09-21 09:32:16.340,4.816,20000
2020-09-21 09:32:16.340,4.816,5000
2020-09-21 09:32:16.340,4.816,26800
2020-09-21 09:32:16.340,4.816,100
2020-09-21 09:32:16.340,4.816,3000
2020-09-21 09:32:16.340,4.816,2000
2020-09-21 09:32:16.340,4.816,1500
2020-09-21 09:32:16.340,4.816,33000
2020-09-21 09:32:16.340,4.816,200
2020-09-21 09:32:16.340,4.816,10000
2020-09-21 09:32:16.340,4.816,100
2020-09-21 09:32:16.340,4.816,1000
2020-09-21 09:32:16.340,4.816,1000
2020-09-21 09:32:16.340,4.816,200
2020-09-21 09:32:16.340,4.816,6000
2020-09-21 09:32:16.340,4.816,3000
2020-09-21 09:32:16.340,4.816,200
2020-09-21 09:32:16.340,4.816,700
2020-09-21 09:32:16.340,4.816,16100
2020-09-21 09:32:16.340,4.816,16000
2020-09-21 09:32:16.340,4.816,5000
2020-09-21 09:32:16.340,4.816,50000
2020-09-21 09:32:16.340,4.816,1000
2020-09-21 09:32:16.340,4.816,20000
2020-09-21 09:32:16.340,4.816,10000
2020-09-21 09:32:16.340,4.816,100
2020-09-21 09:32:16.340,4.816,300
2020-09-21 09:32:16.340,4.816,80000
2020-09-21 09:32:16.340,4.816,3000
2020-09-21 09:32:16.340,4.816,10400
2020-09-21 09:32:16.340,4.816,100
2020-09-21 09:32:16.340,4.816,100
2020-09-21 09:32:16.340,4.816,100
2020-09-21 09:32:16.340,4.816,2100
2020-09-21 09:32:16.340,4.816,2400
2020-09-21 09:32:16.340,4.816,1000
2020-09-21 09:32:16.340,4.816,500
2020-09-21 09:32:16.340,4.816,15300
2020-09-21 09:32:16.340,4.816,10000
2020-09-21 09:32:16.340,4.816,2500
2020-09-21 09:32:16.340,4.816,10000
2020-09-21 09:32:16.340,4.816,500
2020-09-21 09:32:16.340,4.816,4800
2020-09-21 09:32:16.340,4.816,300
2020-09-21 09:32:16.340,4.816,1000
2020-09-21 09:32:16.340,4.816,300
2020-09-21 09:32:16.340,4.816,100
2020-09-21 09:32:16.340,4.816,100
2020-09-21 09:32:16.340,4.816,296000
2020-09-21 09:32:16.340,4.816,500
2020-09-21 09:32:16.340,4.816,100
2020-09-21 09:32:16.340,4.816,7000
2020-09-21 09:32:16.340,4.816,8800
2020-09-21 09:32:16.340,4.816,600
2020-09-21 09:32:16.340,4.816,5000
2020-09-21 09:32:16.340,4.816,100
2020-09-21 09:32:16.340,4.816,2000
2020-09-21 09:32:16.340,4.816,800
2020-09-21 09:32:16.340,4.816,500
2020-09-21 09:32:16.340,4.816,1000
2020-09-21 09:32:16.340,4.816,2100
2020-09-21 09:32:16.340,4.816,5000
2020-09-21 09:32:16.340,4.816,200
2020-09-21 09:32:16.340,4.816,40000
2020-09-21 09:32:16.340,4.816,3200
2020-09-21 09:32:16.610,4.815,1000
2020-09-21 09:32:17.140,4.816,138200
2020-09-21 09:32:17.140,4.817,200
2020-09-21 09:32:17.140,4.817,3000
2020-09-21 09:32:17.140,4.818,158600
2020-09-21 09:32:17.240,4.817,1000
2020-09-21 09:32:17.240,4.817,8800
2020-09-21 09:32:17.660,4.817,1000
2020-09-21 09:32:17.990,4.818,3000
2020-09-21 09:32:18.050,4.818,3600
2020-09-21 09:32:18.110,4.817,1000
2020-09-21 09:32:18.390,4.818,17600
2020-09-21 09:32:18.390,4.818,500
2020-09-21 09:32:18.390,4.818,11900
2020-09-21 09:32:18.450,4.818,188100
2020-09-21 09:32:18.450,4.818,111900
2020-09-21 09:32:18.580,4.817,1000
2020-09-21 09:32:18.580,4.817,100
2020-09-21 09:32:18.970,4.817,10000
2020-09-21 09:32:19.070,4.817,1000
2020-09-21 09:32:19.160,4.818,5000
2020-09-21 09:32:19.250,4.818,3000
2020-09-21 09:32:19.250,4.818,75700
2020-09-21 09:32:19.350,4.817,10000
2020-09-21 09:32:19.590,4.817,1000
2020-09-21 09:32:19.770,4.818,2500
2020-09-21 09:32:19.860,4.817,3100
2020-09-21 09:32:20.090,4.817,1000
2020-09-21 09:32:20.180,4.818,1900
2020-09-21 09:32:20.180,4.818,8500
2020-09-21 09:32:20.310,4.817,1700
2020-09-21 09:32:20.540,4.817,800
2020-09-21 09:32:20.870,4.818,6500
2020-09-21 09:32:21.140,4.817,800
2020-09-21 09:32:21.140,4.817,100
2020-09-21 09:32:21.140,4.817,10300
2020-09-21 09:32:21.200,4.818,50000
2020-09-21 09:32:21.260,4.817,100
2020-09-21 09:32:21.260,4.817,500
2020-09-21 09:32:21.360,4.817,1900
2020-09-21 09:32:21.420,4.817,2500
2020-09-21 09:32:22.040,4.817,300
2020-09-21 09:32:22.430,4.818,2700
2020-09-21 09:32:22.480,4.817,600
2020-09-21 09:32:22.890,4.817,64800
2020-09-21 09:32:22.890,4.817,135200
2020-09-21 09:32:22.890,4.817,100
2020-09-21 09:32:22.950,4.817,1900
2020-09-21 09:32:23.080,4.817,600
2020-09-21 09:32:23.080,4.817,100
2020-09-21 09:32:23.200,4.817,400
2020-09-21 09:32:23.390,4.818,50000
2020-09-21 09:32:23.420,4.817,4200
2020-09-21 09:32:23.420,4.818,30000
2020-09-21 09:32:23.420,4.818,30000
2020-09-21 09:32:23.540,4.817,157500
2020-09-21 09:32:23.540,4.817,100
2020-09-21 09:32:23.540,4.817,112600
2020-09-21 09:32:23.540,4.817,10000
2020-09-21 09:32:23.540,4.817,4700
2020-09-21 09:32:23.540,4.817,8000
2020-09-21 09:32:23.690,4.816,3300
2020-09-21 09:32:23.970,4.817,3000
2020-09-21 09:32:24.060,4.817,200
2020-09-21 09:32:24.580,4.816,1500
2020-09-21 09:32:25.410,4.816,12400
2020-09-21 09:32:25.470,4.817,2200
2020-09-21 09:32:26.170,4.816,1500
2020-09-21 09:32:26.600,4.816,81300
2020-09-21 09:32:26.600,4.816,52200
2020-09-21 09:32:26.600,4.816,12100
2020-09-21 09:32:26.600,4.816,200
2020-09-21 09:32:26.600,4.816,300000
2020-09-21 09:32:26.730,4.816,2300
2020-09-21 09:32:26.820,4.816,40000
2020-09-21 09:32:26.880,4.816,50000
2020-09-21 09:32:26.880,4.816,30000
2020-09-21 09:32:26.880,4.816,50000
2020-09-21 09:32:26.880,4.816,20000
2020-09-21 09:32:26.880,4.816,50000
2020-09-21 09:32:26.880,4.816,50000
2020-09-21 09:32:26.880,4.816,30000
2020-09-21 09:32:26.880,4.816,10000
2020-09-21 09:32:26.880,4.816,30000
2020-09-21 09:32:26.910,4.816,40000
2020-09-21 09:32:27.060,4.815,500
2020-09-21 09:32:27.130,4.815,1700
2020-09-21 09:32:27.480,4.816,51900
2020-09-21 09:32:27.540,4.817,100
2020-09-21 09:32:27.780,4.816,100
2020-09-21 09:32:27.880,4.816,700
2020-09-21 09:32:28.300,4.817,1000
2020-09-21 09:32:29.380,4.816,200
2020-09-21 09:32:29.380,4.816,3100
2020-09-21 09:32:29.560,4.816,700
2020-09-21 09:32:29.620,4.816,600
2020-09-21 09:32:29.890,4.817,2200
2020-09-21 09:32:29.890,4.817,7800
2020-09-21 09:32:29.890,4.817,30000
2020-09-21 09:32:29.890,4.817,30000
2020-09-21 09:32:29.890,4.817,30000
2020-09-21 09:32:29.890,4.817,10000
2020-09-21 09:32:29.890,4.817,30000
2020-09-21 09:32:29.890,4.817,10000
2020-09-21 09:32:29.890,4.817,10000
2020-09-21 09:32:29.890,4.817,30000
2020-09-21 09:32:29.890,4.817,12200
2020-09-21 09:32:29.890,4.817,100
2020-09-21 09:32:29.890,4.817,17700
2020-09-21 09:32:29.890,4.817,30000
2020-09-21 09:32:29.890,4.817,30000
2020-09-21 09:32:29.890,4.817,30000
2020-09-21 09:32:29.890,4.817,30000
2020-09-21 09:32:29.890,4.817,30000
2020-09-21 09:32:29.890,4.817,20000
2020-09-21 09:32:29.890,4.817,12300
2020-09-21 09:32:29.890,4.817,7700
2020-09-21 09:32:29.960,4.817,20000
2020-09-21 09:32:31.230,4.817,100
2020-09-21 09:32:31.510,4.817,4100
2020-09-21 09:32:31.510,4.817,1000
2020-09-21 09:32:31.530,4.816,2300
2020-09-21 09:32:31.630,4.816,300
2020-09-21 09:32:31.750,4.817,2000
2020-09-21 09:32:32.650,4.816,100
2020-09-21 09:32:32.850,4.817,10000
2020-09-21 09:32:32.880,4.817,50000
2020-09-21 09:32:32.910,4.817,5100
2020-09-21 09:32:32.910,4.817,7500
2020-09-21 09:32:32.910,4.817,3000
2020-09-21 09:32:32.910,4.817,200
2020-09-21 09:32:32.910,4.817,40000
2020-09-21 09:32:32.910,4.817,100
2020-09-21 09:32:32.910,4.817,7800
2020-09-21 09:32:32.910,4.817,10000
2020-09-21 09:32:32.910,4.817,200
2020-09-21 09:32:32.910,4.817,1900
2020-09-21 09:32:32.980,4.817,5000
2020-09-21 09:32:33.160,4.817,200000
2020-09-21 09:32:33.470,4.817,2800
2020-09-21 09:32:33.710,4.818,300
2020-09-21 09:32:33.710,4.817,16400
2020-09-21 09:32:33.710,4.817,500
2020-09-21 09:32:33.710,4.817,5000
2020-09-21 09:32:33.710,4.816,82700
2020-09-21 09:32:33.710,4.816,11400
2020-09-21 09:32:33.710,4.816,1500
2020-09-21 09:32:33.710,4.816,82500
2020-09-21 09:32:33.830,4.817,30000
2020-09-21 09:32:33.830,4.817,10000
2020-09-21 09:32:34.290,4.817,100
2020-09-21 09:32:34.600,4.817,91700
2020-09-21 09:32:34.690,4.817,5000
2020-09-21 09:32:34.900,4.817,3300
2020-09-21 09:32:34.900,4.816,17500
2020-09-21 09:32:34.900,4.816,700
2020-09-21 09:32:34.900,4.816,5000
2020-09-21 09:32:34.900,4.816,65300
2020-09-21 09:32:34.900,4.816,77800
2020-09-21 09:32:34.900,4.816,100
2020-09-21 09:32:34.900,4.816,5000
2020-09-21 09:32:34.900,4.815,25300
2020-09-21 09:32:35.840,4.816,1100
2020-09-21 09:32:35.840,4.816,38900
2020-09-21 09:32:35.980,4.816,5000
2020-09-21 09:32:35.980,4.816,300
2020-09-21 09:32:36.170,4.815,171500
2020-09-21 09:32:36.170,4.815,80000
2020-09-21 09:32:36.170,4.815,48500
2020-09-21 09:32:36.170,4.816,600
2020-09-21 09:32:36.170,4.816,5300
2020-09-21 09:32:36.170,4.817,7700
2020-09-21 09:32:36.170,4.817,700
2020-09-21 09:32:36.380,4.817,1900
2020-09-21 09:32:36.540,4.817,300
2020-09-21 09:32:36.630,4.817,2000
2020-09-21 09:32:36.760,4.817,5000
2020-09-21 09:32:36.850,4.818,20000
2020-09-21 09:32:37.010,4.818,2000
2020-09-21 09:32:37.130,4.817,100
2020-09-21 09:32:37.460,4.817,90200
2020-09-21 09:32:37.460,4.817,600
2020-09-21 09:32:37.500,4.816,8300
2020-09-21 09:32:37.500,4.816,200
2020-09-21 09:32:37.840,4.816,43100
2020-09-21 09:32:37.840,4.816,156900
2020-09-21 09:32:39.230,4.816,43100
2020-09-21 09:32:39.230,4.816,8400
2020-09-21 09:32:39.230,4.816,200000
2020-09-21 09:32:39.230,4.816,5000
2020-09-21 09:32:39.230,4.816,800
2020-09-21 09:32:39.230,4.816,300
2020-09-21 09:32:39.230,4.816,42400
2020-09-21 09:32:39.380,4.816,5100
2020-09-21 09:32:39.440,4.815,4600
2020-09-21 09:32:39.530,4.815,1000
2020-09-21 09:32:40.090,4.815,18000
2020-09-21 09:32:40.570,4.816,2500
2020-09-21 09:32:40.950,4.815,27900
2020-09-21 09:32:40.950,4.815,2100
2020-09-21 09:32:41.260,4.815,7900
2020-09-21 09:32:41.260,4.815,500
2020-09-21 09:32:41.260,4.815,2800
2020-09-21 09:32:41.260,4.815,500
2020-09-21 09:32:41.260,4.815,1000
2020-09-21 09:32:41.260,4.815,200
2020-09-21 09:32:41.260,4.815,200
2020-09-21 09:32:41.260,4.815,5000
2020-09-21 09:32:41.260,4.815,500
2020-09-21 09:32:41.260,4.815,2000
2020-09-21 09:32:41.260,4.815,63200
2020-09-21 09:32:41.260,4.815,700
2020-09-21 09:32:41.260,4.815,600
2020-09-21 09:32:41.260,4.815,100
2020-09-21 09:32:41.260,4.815,100
2020-09-21 09:32:41.260,4.815,5000
2020-09-21 09:32:41.260,4.815,6100
2020-09-21 09:32:41.260,4.815,13500
2020-09-21 09:32:41.520,4.815,80400
2020-09-21 09:32:41.520,4.815,3000
2020-09-21 09:32:41.520,4.815,58000
2020-09-21 09:32:41.520,4.815,900
2020-09-21 09:32:41.520,4.815,12200
2020-09-21 09:32:41.520,4.815,10000
2020-09-21 09:32:41.520,4.815,500
2020-09-21 09:32:41.520,4.815,1000
2020-09-21 09:32:41.520,4.815,300
2020-09-21 09:32:41.520,4.815,100000
2020-09-21 09:32:41.520,4.815,2000
2020-09-21 09:32:41.520,4.815,9400
2020-09-21 09:32:41.520,4.815,10000
2020-09-21 09:32:41.520,4.815,2000
2020-09-21 09:32:41.520,4.815,10300
2020-09-21 09:32:41.550,4.816,4000
2020-09-21 09:32:41.640,4.815,30000
2020-09-21 09:32:41.790,4.816,200
2020-09-21 09:32:41.790,4.816,3000
2020-09-21 09:32:41.970,4.816,100000
2020-09-21 09:32:42.280,4.815,4000
2020-09-21 09:32:42.370,4.815,10000
2020-09-21 09:32:42.390,4.815,1300
2020-09-21 09:32:42.960,4.815,3100
2020-09-21 09:32:43.390,4.815,800
2020-09-21 09:32:43.550,4.816,2000
2020-09-21 09:32:44.250,4.815,22300
2020-09-21 09:32:44.250,4.815,1000
2020-09-21 09:32:44.250,4.815,2100
2020-09-21 09:32:44.250,4.815,100
2020-09-21 09:32:44.250,4.815,2500
2020-09-21 09:32:44.250,4.815,200
2020-09-21 09:32:44.250,4.815,2000
2020-09-21 09:32:44.250,4.815,1000
2020-09-21 09:32:44.250,4.815,500
2020-09-21 09:32:44.250,4.815,700
2020-09-21 09:32:44.250,4.815,64000
2020-09-21 09:32:44.250,4.815,200
2020-09-21 09:32:44.250,4.815,5000
2020-09-21 09:32:44.250,4.815,1000
2020-09-21 09:32:44.250,4.815,8900
2020-09-21 09:32:44.250,4.815,100
2020-09-21 09:32:44.250,4.815,100
2020-09-21 09:32:44.250,4.815,500
2020-09-21 09:32:44.250,4.815,100
2020-09-21 09:32:44.250,4.814,42600
2020-09-21 09:32:44.250,4.814,100
2020-09-21 09:32:44.250,4.814,100
2020-09-21 09:32:44.250,4.814,100
2020-09-21 09:32:44.250,4.814,100
2020-09-21 09:32:44.250,4.814,100
2020-09-21 09:32:44.250,4.814,100
2020-09-21 09:32:44.250,4.814,100
2020-09-21 09:32:44.250,4.814,100
2020-09-21 09:32:44.250,4.814,100
2020-09-21 09:32:44.250,4.814,200
2020-09-21 09:32:44.250,4.814,2100
2020-09-21 09:32:44.250,4.814,200
2020-09-21 09:32:44.250,4.814,200
2020-09-21 09:32:44.250,4.814,1000
2020-09-21 09:32:44.250,4.814,100
2020-09-21 09:32:44.250,4.814,100
2020-09-21 09:32:44.250,4.814,100
2020-09-21 09:32:44.250,4.814,100
2020-09-21 09:32:44.250,4.814,400
2020-09-21 09:32:44.250,4.814,300
2020-09-21 09:32:44.250,4.814,100
2020-09-21 09:32:44.250,4.814,100
2020-09-21 09:32:44.250,4.814,2000
2020-09-21 09:32:44.250,4.814,100
2020-09-21 09:32:44.250,4.814,100
2020-09-21 09:32:44.250,4.814,84000
2020-09-21 09:32:44.250,4.814,100
2020-09-21 09:32:44.250,4.814,1000
2020-09-21 09:32:44.250,4.814,100
2020-09-21 09:32:44.250,4.814,100
2020-09-21 09:32:44.250,4.814,100
2020-09-21 09:32:44.250,4.814,100
2020-09-21 09:32:44.250,4.814,100
2020-09-21 09:32:44.250,4.814,1000
2020-09-21 09:32:44.250,4.814,100
2020-09-21 09:32:44.250,4.814,100
2020-09-21 09:32:44.250,4.814,100
2020-09-21 09:32:44.250,4.814,100
2020-09-21 09:32:44.250,4.814,100
2020-09-21 09:32:44.250,4.814,500
2020-09-21 09:32:44.250,4.814,200
2020-09-21 09:32:44.250,4.814,700
2020-09-21 09:32:44.250,4.814,200
2020-09-21 09:32:44.250,4.814,100
2020-09-21 09:32:44.250,4.814,100
2020-09-21 09:32:44.250,4.814,100
2020-09-21 09:32:44.250,4.814,1500
2020-09-21 09:32:44.250,4.814,200
2020-09-21 09:32:44.250,4.814,100
2020-09-21 09:32:44.250,4.814,100
2020-09-21 09:32:44.250,4.814,100
2020-09-21 09:32:44.250,4.814,100
2020-09-21 09:32:44.250,4.814,400
2020-09-21 09:32:44.250,4.814,100
2020-09-21 09:32:44.250,4.814,500
2020-09-21 09:32:44.250,4.814,100
2020-09-21 09:32:44.250,4.814,100
2020-09-21 09:32:44.250,4.814,100
2020-09-21 09:32:44.250,4.814,100
2020-09-21 09:32:44.250,4.814,100
2020-09-21 09:32:44.250,4.814,100
2020-09-21 09:32:44.250,4.814,1000
2020-09-21 09:32:44.250,4.814,100
2020-09-21 09:32:44.250,4.814,100
2020-09-21 09:32:44.250,4.814,1000
2020-09-21 09:32:44.250,4.814,200
2020-09-21 09:32:44.250,4.814,100
2020-09-21 09:32:44.250,4.814,5000
2020-09-21 09:32:44.250,4.814,20700
2020-09-21 09:32:44.250,4.814,2100
2020-09-21 09:32:44.250,4.814,5000
2020-09-21 09:32:44.250,4.814,1000
2020-09-21 09:32:44.250,4.814,100
2020-09-21 09:32:44.250,4.814,5000
2020-09-21 09:32:44.250,4.814,3000
2020-09-21 09:32:44.250,4.814,100
2020-09-21 09:32:44.250,4.814,5000
2020-09-21 09:32:44.250,4.814,100
2020-09-21 09:32:44.250,4.814,1600
2020-09-21 09:32:44.250,4.814,10300
2020-09-21 09:32:44.250,4.814,100
2020-09-21 09:32:44.250,4.814,1000
2020-09-21 09:32:44.250,4.814,3000
2020-09-21 09:32:44.250,4.814,200
2020-09-21 09:32:44.250,4.814,40500
2020-09-21 09:32:44.250,4.814,200
2020-09-21 09:32:44.250,4.814,5000
2020-09-21 09:32:44.250,4.814,20000
2020-09-21 09:32:44.250,4.814,4000
2020-09-21 09:32:44.250,4.814,4100
2020-09-21 09:32:44.250,4.814,8300
2020-09-21 09:32:44.250,4.814,400
2020-09-21 09:32:44.250,4.814,200
2020-09-21 09:32:44.250,4.814,200
2020-09-21 09:32:44.250,4.814,1000
2020-09-21 09:32:44.250,4.814,500
2020-09-21 09:32:44.250,4.814,7000
2020-09-21 09:32:44.250,4.814,200
2020-09-21 09:32:44.250,4.814,3000
2020-09-21 09:32:44.250,4.814,100
2020-09-21 09:32:44.250,4.814,800
2020-09-21 09:32:44.250,4.814,100
2020-09-21 09:32:44.250,4.814,100
2020-09-21 09:32:44.250,4.814,100
2020-09-21 09:32:44.250,4.814,500
2020-09-21 09:32:44.250,4.814,46100
2020-09-21 09:32:44.410,4.815,300000
2020-09-21 09:32:44.410,4.815,10300
2020-09-21 09:32:44.900,4.814,13900
2020-09-21 09:32:44.900,4.814,2500
2020-09-21 09:32:44.900,4.814,13600
2020-09-21 09:32:46.780,4.815,26800
2020-09-21 09:32:46.780,4.814,700
2020-09-21 09:32:47.810,4.814,5700
2020-09-21 09:32:47.810,4.814,300
2020-09-21 09:32:47.810,4.814,100
2020-09-21 09:32:47.810,4.814,3900
2020-09-21 09:32:48.160,4.815,103700
2020-09-21 09:32:48.270,4.814,1200
2020-09-21 09:32:48.770,4.815,15000
2020-09-21 09:32:48.860,4.814,3200
2020-09-21 09:32:49.060,4.814,100
2020-09-21 09:32:49.940,4.815,4000
2020-09-21 09:32:50.010,4.815,300000
2020-09-21 09:32:50.230,4.815,5000
2020-09-21 09:32:50.410,4.814,1600
2020-09-21 09:32:50.410,4.814,4400
2020-09-21 09:32:50.450,4.815,100000
2020-09-21 09:32:50.850,4.814,2800
2020-09-21 09:32:51.470,4.815,100
2020-09-21 09:32:51.620,4.815,16600
2020-09-21 09:32:52.240,4.814,2800
2020-09-21 09:32:52.240,4.814,15600
2020-09-21 09:32:52.830,4.814,30000
2020-09-21 09:32:52.870,4.814,4400
2020-09-21 09:32:52.870,4.814,45600
2020-09-21 09:32:52.900,4.814,10000
2020-09-21 09:32:52.900,4.814,30000
2020-09-21 09:32:52.900,4.814,50000
2020-09-21 09:32:52.900,4.814,20000
2020-09-21 09:32:52.900,4.814,30000
2020-09-21 09:32:53.030,4.813,100
2020-09-21 09:32:53.030,4.813,100
2020-09-21 09:32:53.030,4.813,1800
2020-09-21 09:32:53.350,4.814,17000
2020-09-21 09:32:53.510,4.814,10000
2020-09-21 09:32:53.880,4.814,50000
2020-09-21 09:32:53.880,4.814,20000
2020-09-21 09:32:54.100,4.814,3600
2020-09-21 09:32:54.100,4.814,13800
2020-09-21 09:32:54.100,4.814,300
2020-09-21 09:32:54.100,4.814,9000
2020-09-21 09:32:54.360,4.814,30000
2020-09-21 09:32:54.550,4.814,1000
2020-09-21 09:32:54.550,4.815,18500
2020-09-21 09:32:54.550,4.815,49000
2020-09-21 09:32:54.550,4.815,1400
2020-09-21 09:32:54.550,4.815,5000
2020-09-21 09:32:54.550,4.815,225100
2020-09-21 09:32:55.490,4.815,18000
2020-09-21 09:32:56.460,4.815,5000
2020-09-21 09:32:57.310,4.815,300
2020-09-21 09:32:57.470,4.815,2000
2020-09-21 09:32:57.500,4.814,3200
2020-09-21 09:32:57.500,4.814,3100
2020-09-21 09:32:58.030,4.814,1000
2020-09-21 09:32:58.670,4.814,3100
2020-09-21 09:32:58.670,4.814,3700
2020-09-21 09:32:58.670,4.814,23000
2020-09-21 09:32:58.670,4.814,29900
2020-09-21 09:32:58.830,4.814,27800
2020-09-21 09:32:59.300,4.814,15000
2020-09-21 09:32:59.510,4.814,5000
2020-09-21 09:32:59.740,4.813,1000
2020-09-21 09:32:59.770,4.813,700
2020-09-21 09:32:59.840,4.814,5900
2020-09-21 09:32:59.840,4.814,2500
2020-09-21 09:32:59.840,4.814,50000
2020-09-21 09:32:59.870,4.814,30000
2020-09-21 09:32:59.870,4.814,10000
2020-09-21 09:32:59.870,4.814,50000
2020-09-21 09:32:59.870,4.814,30000
2020-09-21 09:32:59.870,4.814,30000
2020-09-21 09:32:59.870,4.814,13900
2020-09-21 09:32:59.900,4.815,100000
2020-09-21 09:33:01.140,4.815,100
2020-09-21 09:33:01.620,4.815,6600
2020-09-21 09:33:02.500,4.814,100
2020-09-21 09:33:02.740,4.815,2000
2020-09-21 09:33:02.840,4.815,50000
2020-09-21 09:33:02.960,4.815,30000
2020-09-21 09:33:02.960,4.815,50000
2020-09-21 09:33:02.960,4.815,30000
2020-09-21 09:33:02.960,4.815,30000
2020-09-21 09:33:02.960,4.815,20000
2020-09-21 09:33:02.960,4.815,30000
2020-09-21 09:33:02.960,4.814,1500
2020-09-21 09:33:03.920,4.814,100
2020-09-21 09:33:03.980,4.814,14400
2020-09-21 09:33:03.980,4.814,20000
2020-09-21 09:33:03.980,4.814,10600
2020-09-21 09:33:04.200,4.814,200
2020-09-21 09:33:04.270,4.814,1800
2020-09-21 09:33:04.390,4.814,17400
2020-09-21 09:33:04.390,4.814,7600
2020-09-21 09:33:05.460,4.814,1200
2020-09-21 09:33:05.590,4.814,500
2020-09-21 09:33:06.080,4.814,3100
2020-09-21 09:33:06.460,4.815,300000
2020-09-21 09:33:06.580,4.814,700
2020-09-21 09:33:07.810,4.814,1500
2020-09-21 09:33:08.380,4.815,900
2020-09-21 09:33:08.380,4.815,9100
2020-09-21 09:33:08.410,4.815,10900
2020-09-21 09:33:08.410,4.815,1000
2020-09-21 09:33:08.410,4.815,21100
2020-09-21 09:33:08.410,4.815,7000
2020-09-21 09:33:08.540,4.815,200
2020-09-21 09:33:08.630,4.814,1000
2020-09-21 09:33:08.820,4.814,14400
2020-09-21 09:33:08.820,4.814,500
2020-09-21 09:33:08.820,4.814,5000
2020-09-21 09:33:08.820,4.814,20000
2020-09-21 09:33:08.850,4.814,3000
2020-09-21 09:33:08.850,4.814,1300
2020-09-21 09:33:09.030,4.814,1000
2020-09-21 09:33:09.030,4.814,200
2020-09-21 09:33:09.030,4.813,400
2020-09-21 09:33:09.510,4.814,100
2020-09-21 09:33:09.600,4.814,1000
2020-09-21 09:33:09.790,4.813,1000
2020-09-21 09:33:09.790,4.814,9300
2020-09-21 09:33:09.850,4.814,103800
2020-09-21 09:33:09.970,4.814,140400
2020-09-21 09:33:09.970,4.814,200
2020-09-21 09:33:09.970,4.815,400
2020-09-21 09:33:09.970,4.815,100
2020-09-21 09:33:09.970,4.815,100
2020-09-21 09:33:09.970,4.815,10000
2020-09-21 09:33:09.970,4.815,1000
2020-09-21 09:33:09.970,4.815,100
2020-09-21 09:33:09.970,4.815,8500
2020-09-21 09:33:09.970,4.815,8500
2020-09-21 09:33:09.970,4.815,8700
2020-09-21 09:33:09.970,4.815,200
2020-09-21 09:33:09.970,4.815,3000
2020-09-21 09:33:09.970,4.815,200
2020-09-21 09:33:09.970,4.815,20000
2020-09-21 09:33:09.970,4.815,10000
2020-09-21 09:33:09.970,4.815,1700
2020-09-21 09:33:10.360,4.815,400
2020-09-21 09:33:11.150,4.815,500
2020-09-21 09:33:11.410,4.815,2400
2020-09-21 09:33:11.410,4.815,37600
2020-09-21 09:33:11.410,4.814,100
2020-09-21 09:33:11.410,4.814,1000
2020-09-21 09:33:11.830,4.814,2000
2020-09-21 09:33:12.110,4.814,5000
2020-09-21 09:33:12.170,4.814,2100
2020-09-21 09:33:12.170,4.814,2100
2020-09-21 09:33:12.170,4.814,100
2020-09-21 09:33:12.170,4.815,34000
2020-09-21 09:33:12.170,4.815,11700
2020-09-21 09:33:13.060,4.814,2000
2020-09-21 09:33:13.640,4.813,13900
2020-09-21 09:33:13.640,4.813,800
2020-09-21 09:33:13.640,4.813,100
2020-09-21 09:33:13.640,4.813,700
2020-09-21 09:33:13.640,4.813,20000
2020-09-21 09:33:13.640,4.813,200
2020-09-21 09:33:13.640,4.813,2000
2020-09-21 09:33:13.640,4.813,5000
2020-09-21 09:33:13.640,4.813,1700
2020-09-21 09:33:13.640,4.813,1000
2020-09-21 09:33:13.640,4.813,10000
2020-09-21 09:33:13.640,4.813,600
2020-09-21 09:33:14.050,4.813,1100
2020-09-21 09:33:14.770,4.813,2200
2020-09-21 09:33:14.830,4.813,30000
2020-09-21 09:33:14.830,4.813,10000
2020-09-21 09:33:14.830,4.813,30000
2020-09-21 09:33:14.830,4.813,30000
2020-09-21 09:33:14.830,4.813,30000
2020-09-21 09:33:14.890,4.813,30000
2020-09-21 09:33:14.890,4.813,30000
2020-09-21 09:33:16.190,4.813,1300
2020-09-21 09:33:16.540,4.812,100
2020-09-21 09:33:16.540,4.812,400
2020-09-21 09:33:16.640,4.812,30100
2020-09-21 09:33:16.640,4.812,500
2020-09-21 09:33:16.800,4.813,300
2020-09-21 09:33:16.960,4.813,10000
2020-09-21 09:33:18.100,4.813,200
2020-09-21 09:33:18.560,4.813,1000
2020-09-21 09:33:19.960,4.812,1200
2020-09-21 09:33:20.290,4.813,500
2020-09-21 09:33:20.660,4.812,67800
2020-09-21 09:33:20.660,4.812,4900
2020-09-21 09:33:20.660,4.812,132300
2020-09-21 09:33:20.660,4.812,1000
2020-09-21 09:33:20.660,4.812,60000
2020-09-21 09:33:20.660,4.812,19000
2020-09-21 09:33:20.660,4.812,4100
2020-09-21 09:33:20.660,4.812,3300
2020-09-21 09:33:20.660,4.812,1000
2020-09-21 09:33:20.660,4.812,400
2020-09-21 09:33:20.660,4.812,100
2020-09-21 09:33:20.660,4.812,500
2020-09-21 09:33:20.660,4.812,700
2020-09-21 09:33:20.660,4.812,200
2020-09-21 09:33:20.660,4.812,200
2020-09-21 09:33:20.660,4.812,2000
2020-09-21 09:33:20.660,4.812,2800
2020-09-21 09:33:20.660,4.812,10000
2020-09-21 09:33:20.660,4.812,10000
2020-09-21 09:33:20.660,4.811,300
2020-09-21 09:33:20.660,4.811,200
2020-09-21 09:33:20.660,4.811,200
2020-09-21 09:33:20.660,4.811,39300
2020-09-21 09:33:20.660,4.811,22700
2020-09-21 09:33:20.660,4.811,6200
2020-09-21 09:33:20.660,4.811,200
2020-09-21 09:33:20.660,4.811,800
2020-09-21 09:33:20.660,4.811,200
2020-09-21 09:33:20.660,4.811,100
2020-09-21 09:33:20.660,4.811,2500
2020-09-21 09:33:20.660,4.811,10300
2020-09-21 09:33:20.660,4.811,500
2020-09-21 09:33:20.660,4.811,4100
2020-09-21 09:33:20.660,4.811,5000
2020-09-21 09:33:20.660,4.811,100
2020-09-21 09:33:20.660,4.811,100
2020-09-21 09:33:20.660,4.811,200
2020-09-21 09:33:20.660,4.811,300
2020-09-21 09:33:20.660,4.811,500
2020-09-21 09:33:20.660,4.811,100
2020-09-21 09:33:20.660,4.811,1500
2020-09-21 09:33:20.660,4.811,4200
2020-09-21 09:33:20.660,4.811,100
2020-09-21 09:33:20.660,4.811,100
2020-09-21 09:33:20.660,4.811,200
2020-09-21 09:33:20.660,4.811,200
2020-09-21 09:33:20.660,4.811,7000
2020-09-21 09:33:20.660,4.811,200
2020-09-21 09:33:20.660,4.811,200
2020-09-21 09:33:20.660,4.811,200
2020-09-21 09:33:20.660,4.811,200
2020-09-21 09:33:20.660,4.811,200
2020-09-21 09:33:20.660,4.811,100
2020-09-21 09:33:20.660,4.811,100
2020-09-21 09:33:20.660,4.811,100
2020-09-21 09:33:20.660,4.811,100
2020-09-21 09:33:20.660,4.811,100
2020-09-21 09:33:20.660,4.811,100
2020-09-21 09:33:20.660,4.811,200
2020-09-21 09:33:20.660,4.811,100
2020-09-21 09:33:20.660,4.811,100
2020-09-21 09:33:20.660,4.811,100
2020-09-21 09:33:20.660,4.811,100
2020-09-21 09:33:20.660,4.811,200
2020-09-21 09:33:20.660,4.811,100
2020-09-21 09:33:20.660,4.811,100
2020-09-21 09:33:20.660,4.811,100
2020-09-21 09:33:20.660,4.811,100
2020-09-21 09:33:20.660,4.811,100
2020-09-21 09:33:20.660,4.811,100
2020-09-21 09:33:20.660,4.811,200
