Datetime,Price,Volume
2020-09-16 09:25:00.770,3.363,1300
2020-09-16 09:25:00.770,3.363,500
2020-09-16 09:25:00.770,3.363,1200
2020-09-16 09:25:00.770,3.363,500
2020-09-16 09:25:00.770,3.363,6000
2020-09-16 09:25:00.770,3.363,600
2020-09-16 09:25:00.770,3.363,100
2020-09-16 09:25:00.770,3.363,16600
2020-09-16 09:25:00.770,3.363,11000
2020-09-16 09:25:00.770,3.363,17100
2020-09-16 09:25:00.770,3.363,17000
2020-09-16 09:25:00.770,3.363,200
2020-09-16 09:25:00.770,3.363,20700
2020-09-16 09:25:00.770,3.363,5600
2020-09-16 09:25:00.770,3.363,100
2020-09-16 09:25:00.770,3.363,1000
2020-09-16 09:25:00.770,3.363,2600
2020-09-16 09:25:00.770,3.363,100
2020-09-16 09:25:00.770,3.363,5000
2020-09-16 09:25:00.770,3.363,100
2020-09-16 09:25:00.770,3.363,92200
2020-09-16 09:25:00.770,3.363,100
2020-09-16 09:25:00.770,3.363,10000
2020-09-16 09:25:00.770,3.363,1000
2020-09-16 09:25:00.770,3.363,600
2020-09-16 09:25:00.770,3.363,1000
2020-09-16 09:25:00.770,3.363,18800
2020-09-16 09:25:00.770,3.363,30700
2020-09-16 09:25:00.770,3.363,1000
2020-09-16 09:25:00.770,3.363,7000
2020-09-16 09:25:00.770,3.363,30500
2020-09-16 09:25:00.770,3.363,1000
2020-09-16 09:25:00.770,3.363,1000
2020-09-16 09:25:00.770,3.363,10000
2020-09-16 09:25:00.770,3.363,600
2020-09-16 09:25:00.770,3.363,100
2020-09-16 09:25:00.770,3.363,1000
2020-09-16 09:25:00.770,3.363,1000
2020-09-16 09:25:00.770,3.363,6200
2020-09-16 09:25:00.770,3.363,200
2020-09-16 09:25:00.770,3.363,100
2020-09-16 09:25:00.770,3.363,200
2020-09-16 09:25:00.770,3.363,100
2020-09-16 09:25:00.770,3.363,89500
2020-09-16 09:25:00.770,3.363,500
2020-09-16 09:25:00.770,3.363,10000
2020-09-16 09:25:00.770,3.363,100
2020-09-16 09:25:00.770,3.363,6500
2020-09-16 09:25:00.770,3.363,8500
2020-09-16 09:25:00.770,3.363,5000
2020-09-16 09:25:00.770,3.363,4200
2020-09-16 09:25:00.770,3.363,55700
2020-09-16 09:25:00.770,3.363,200
2020-09-16 09:25:00.770,3.363,9900
2020-09-16 09:25:00.770,3.363,500
2020-09-16 09:25:00.770,3.363,200
2020-09-16 09:25:00.770,3.363,500
2020-09-16 09:25:00.770,3.363,3000
2020-09-16 09:25:00.770,3.363,18400
2020-09-16 09:25:00.770,3.363,500
2020-09-16 09:25:00.770,3.363,68300
2020-09-16 09:25:00.770,3.363,49900
2020-09-16 09:25:00.770,3.363,1800
2020-09-16 09:25:00.770,3.363,1900
2020-09-16 09:25:00.770,3.363,16000
2020-09-16 09:25:00.770,3.363,6000
2020-09-16 09:25:00.770,3.363,500
2020-09-16 09:25:00.770,3.363,3100
2020-09-16 09:25:00.770,3.363,6000
2020-09-16 09:25:00.770,3.363,141500
2020-09-16 09:25:00.770,3.363,400
2020-09-16 09:25:00.770,3.363,200
2020-09-16 09:25:00.770,3.363,300
2020-09-16 09:25:00.770,3.363,200
2020-09-16 09:25:00.770,3.363,200
2020-09-16 09:25:00.770,3.363,200
2020-09-16 09:25:00.770,3.363,2000
2020-09-16 09:25:00.770,3.363,127900
2020-09-16 09:25:00.770,3.363,13000
2020-09-16 09:25:00.770,3.363,4000
2020-09-16 09:25:00.770,3.363,6000
2020-09-16 09:25:00.770,3.363,100
2020-09-16 09:25:00.770,3.363,100
2020-09-16 09:25:00.770,3.363,200
2020-09-16 09:25:00.770,3.363,200
2020-09-16 09:25:00.770,3.363,400
2020-09-16 09:30:00.360,3.363,2000
2020-09-16 09:30:00.500,3.363,2600
2020-09-16 09:30:00.500,3.363,300
2020-09-16 09:30:00.590,3.364,3000
2020-09-16 09:30:00.590,3.364,100
2020-09-16 09:30:00.590,3.365,100
2020-09-16 09:30:00.590,3.366,1000
2020-09-16 09:30:00.590,3.366,13800
2020-09-16 09:30:00.650,3.366,86200
2020-09-16 09:30:00.650,3.366,1500
2020-09-16 09:30:00.650,3.367,100
2020-09-16 09:30:00.650,3.367,300
2020-09-16 09:30:00.650,3.367,3000
2020-09-16 09:30:00.650,3.367,5500
2020-09-16 09:30:00.650,3.367,100
2020-09-16 09:30:00.650,3.367,1000
2020-09-16 09:30:00.650,3.367,3000
2020-09-16 09:30:00.650,3.367,300
2020-09-16 09:30:00.650,3.367,36900
2020-09-16 09:30:00.650,3.363,100
2020-09-16 09:30:00.750,3.363,1500
2020-09-16 09:30:00.810,3.366,100
2020-09-16 09:30:00.880,3.366,100
2020-09-16 09:30:00.950,3.366,5000
2020-09-16 09:30:01.020,3.366,44800
2020-09-16 09:30:01.020,3.364,3000
2020-09-16 09:30:01.020,3.364,300
2020-09-16 09:30:01.020,3.364,100
2020-09-16 09:30:01.070,3.363,100
2020-09-16 09:30:01.070,3.363,3300
2020-09-16 09:30:01.070,3.363,100
2020-09-16 09:30:01.070,3.363,200
2020-09-16 09:30:01.070,3.363,10000
2020-09-16 09:30:01.070,3.363,36400
2020-09-16 09:30:01.070,3.363,3000
2020-09-16 09:30:01.070,3.363,66600
2020-09-16 09:30:01.070,3.363,2800
2020-09-16 09:30:01.070,3.363,200
2020-09-16 09:30:01.070,3.363,6400
2020-09-16 09:30:01.070,3.363,15000
2020-09-16 09:30:01.070,3.363,2000
2020-09-16 09:30:01.290,3.363,2000
2020-09-16 09:30:01.370,3.363,600
2020-09-16 09:30:01.630,3.363,500
2020-09-16 09:30:01.790,3.363,100
2020-09-16 09:30:01.790,3.363,3800
2020-09-16 09:30:01.790,3.363,300
2020-09-16 09:30:01.790,3.363,9700
2020-09-16 09:30:01.980,3.363,100
2020-09-16 09:30:01.980,3.363,3000
2020-09-16 09:30:02.100,3.363,100
2020-09-16 09:30:02.100,3.362,2000
2020-09-16 09:30:02.220,3.363,100
2020-09-16 09:30:02.430,3.363,20000
2020-09-16 09:30:02.590,3.363,1500
2020-09-16 09:30:02.700,3.363,100
2020-09-16 09:30:03.090,3.363,5000
2020-09-16 09:30:03.210,3.363,200
2020-09-16 09:30:03.470,3.363,20000
2020-09-16 09:30:03.550,3.363,1000
2020-09-16 09:30:04.000,3.362,9600
2020-09-16 09:30:04.710,3.362,1500
2020-09-16 09:30:04.790,3.363,2000
2020-09-16 09:30:04.820,3.363,100
2020-09-16 09:30:05.080,3.363,87100
2020-09-16 09:30:05.080,3.363,2000
2020-09-16 09:30:05.080,3.363,6000
2020-09-16 09:30:05.080,3.363,4900
2020-09-16 09:30:05.330,3.363,2900
2020-09-16 09:30:05.560,3.363,5000
2020-09-16 09:30:05.750,3.362,11200
2020-09-16 09:30:05.820,3.363,2200
2020-09-16 09:30:05.820,3.363,5800
2020-09-16 09:30:06.700,3.363,20000
2020-09-16 09:30:06.900,3.363,200
2020-09-16 09:30:07.970,3.362,300000
2020-09-16 09:30:09.070,3.362,30000
2020-09-16 09:30:09.240,3.362,1000
2020-09-16 09:30:12.200,3.363,4000
2020-09-16 09:30:12.200,3.363,4000
2020-09-16 09:30:12.200,3.363,3000
2020-09-16 09:30:12.200,3.363,700
2020-09-16 09:30:12.200,3.363,1000
2020-09-16 09:30:12.200,3.363,5000
2020-09-16 09:30:12.200,3.363,500
2020-09-16 09:30:12.200,3.363,5000
2020-09-16 09:30:12.200,3.363,4500
2020-09-16 09:30:12.200,3.363,100
2020-09-16 09:30:12.200,3.363,15000
2020-09-16 09:30:12.200,3.363,500
2020-09-16 09:30:12.200,3.363,5000
2020-09-16 09:30:12.200,3.363,18000
2020-09-16 09:30:12.200,3.363,500
2020-09-16 09:30:12.200,3.363,500
2020-09-16 09:30:12.200,3.363,2000
2020-09-16 09:30:12.200,3.363,18000
2020-09-16 09:30:12.200,3.363,50000
2020-09-16 09:30:12.200,3.363,8900
2020-09-16 09:30:12.200,3.363,5900
2020-09-16 09:30:12.770,3.363,17500
2020-09-16 09:30:14.780,3.363,500
2020-09-16 09:30:15.920,3.364,16900
2020-09-16 09:30:15.920,3.364,10500
2020-09-16 09:30:15.920,3.364,100
2020-09-16 09:30:15.920,3.364,30500
2020-09-16 09:30:15.920,3.365,300
2020-09-16 09:30:15.920,3.365,241700
2020-09-16 09:30:21.330,3.363,1000
2020-09-16 09:30:21.330,3.363,299000
2020-09-16 09:30:21.740,3.365,258300
2020-09-16 09:30:21.980,3.365,11300
2020-09-16 09:30:23.070,3.365,10000
2020-09-16 09:30:23.210,3.365,20400
2020-09-16 09:30:24.750,3.363,1000
2020-09-16 09:30:24.750,3.363,4000
2020-09-16 09:30:24.960,3.363,600
2020-09-16 09:30:25.120,3.363,1000
2020-09-16 09:30:26.400,3.363,4700
2020-09-16 09:30:26.910,3.363,1700
2020-09-16 09:30:28.690,3.365,6500
2020-09-16 09:30:29.220,3.363,30000
2020-09-16 09:30:29.490,3.363,79800
2020-09-16 09:30:31.570,3.363,8000
2020-09-16 09:30:31.660,3.365,100
2020-09-16 09:30:32.080,3.363,5000
2020-09-16 09:30:32.140,3.363,2400
2020-09-16 09:30:33.460,3.365,5000
2020-09-16 09:30:33.610,3.363,10000
2020-09-16 09:30:35.020,3.364,1000
2020-09-16 09:30:35.020,3.363,89000
2020-09-16 09:30:36.620,3.363,30000
2020-09-16 09:30:36.770,3.363,300000
2020-09-16 09:30:36.830,3.363,800
2020-09-16 09:30:37.620,3.365,27500
2020-09-16 09:30:37.880,3.363,200
2020-09-16 09:30:39.570,3.363,300000
2020-09-16 09:30:40.210,3.365,200
2020-09-16 09:30:41.160,3.363,32800
2020-09-16 09:30:41.160,3.363,17200
2020-09-16 09:30:41.950,3.364,11300
2020-09-16 09:30:42.100,3.364,10000
2020-09-16 09:30:42.350,3.365,10000
2020-09-16 09:30:42.620,3.365,2000
2020-09-16 09:30:44.050,3.363,2000
2020-09-16 09:30:44.240,3.365,28300
2020-09-16 09:30:44.240,3.365,5500
2020-09-16 09:30:44.240,3.365,20000
2020-09-16 09:30:45.560,3.365,300000
2020-09-16 09:30:45.560,3.365,300000
2020-09-16 09:30:45.560,3.365,30000
2020-09-16 09:30:45.560,3.365,30000
2020-09-16 09:30:45.960,3.365,10000
2020-09-16 09:30:46.100,3.365,15000
2020-09-16 09:30:48.120,3.365,4000
2020-09-16 09:30:48.420,3.365,157200
2020-09-16 09:30:48.420,3.365,142800
2020-09-16 09:30:49.180,3.365,10000
2020-09-16 09:30:49.180,3.365,10000
2020-09-16 09:30:49.360,3.366,1600
2020-09-16 09:30:49.360,3.366,13300
2020-09-16 09:30:49.360,3.366,3300
2020-09-16 09:30:49.360,3.366,4000
2020-09-16 09:30:50.160,3.366,8000
2020-09-16 09:30:50.560,3.366,500
2020-09-16 09:30:51.330,3.366,700
2020-09-16 09:30:51.650,3.367,30000
2020-09-16 09:30:51.650,3.367,1000
2020-09-16 09:30:51.650,3.367,21500
2020-09-16 09:30:51.650,3.367,500
2020-09-16 09:30:51.650,3.367,5000
2020-09-16 09:30:51.650,3.367,100
2020-09-16 09:30:51.650,3.367,1100
2020-09-16 09:30:51.650,3.367,200
2020-09-16 09:30:51.910,3.368,300
2020-09-16 09:30:54.880,3.366,600
2020-09-16 09:30:56.980,3.367,10000
2020-09-16 09:30:58.090,3.367,2000
2020-09-16 09:30:58.610,3.367,1600
2020-09-16 09:30:59.200,3.367,30000
2020-09-16 09:31:01.430,3.366,4900
2020-09-16 09:31:01.430,3.366,295100
2020-09-16 09:31:01.930,3.366,11200
2020-09-16 09:31:02.740,3.368,300
2020-09-16 09:31:03.280,3.366,300
2020-09-16 09:31:03.700,3.367,1000
2020-09-16 09:31:05.510,3.366,1100
2020-09-16 09:31:10.730,3.367,900
2020-09-16 09:31:10.730,3.367,6200
2020-09-16 09:31:11.090,3.367,20000
2020-09-16 09:31:11.260,3.367,200
2020-09-16 09:31:11.820,3.367,3600
2020-09-16 09:31:11.820,3.367,400
2020-09-16 09:31:11.820,3.367,65100
2020-09-16 09:31:12.190,3.367,2900
2020-09-16 09:31:12.450,3.367,1000
2020-09-16 09:31:12.650,3.367,4000
2020-09-16 09:31:12.710,3.367,300
2020-09-16 09:31:12.930,3.368,6400
2020-09-16 09:31:12.930,3.368,10000
2020-09-16 09:31:12.930,3.368,1000
2020-09-16 09:31:12.930,3.368,10000
2020-09-16 09:31:12.930,3.368,2000
2020-09-16 09:31:12.930,3.368,2000
2020-09-16 09:31:12.930,3.368,3600
2020-09-16 09:31:12.930,3.368,400
2020-09-16 09:31:12.930,3.368,1000
2020-09-16 09:31:12.930,3.368,1800
2020-09-16 09:31:12.930,3.368,30000
2020-09-16 09:31:12.930,3.368,3000
2020-09-16 09:31:12.930,3.368,100
2020-09-16 09:31:12.930,3.368,5000
2020-09-16 09:31:12.930,3.368,400
2020-09-16 09:31:12.930,3.368,10000
2020-09-16 09:31:12.930,3.368,5000
2020-09-16 09:31:13.220,3.368,300000
2020-09-16 09:31:13.920,3.368,52700
2020-09-16 09:31:13.980,3.368,10000
2020-09-16 09:31:14.070,3.368,300000
2020-09-16 09:31:14.070,3.368,10000
2020-09-16 09:31:14.190,3.368,2000
2020-09-16 09:31:14.320,3.368,10000
2020-09-16 09:31:16.350,3.368,123600
2020-09-16 09:31:16.350,3.368,176400
2020-09-16 09:31:17.380,3.368,10000
2020-09-16 09:31:17.740,3.368,40000
2020-09-16 09:31:17.740,3.368,50000
2020-09-16 09:31:17.920,3.368,10000
2020-09-16 09:31:18.350,3.368,10000
2020-09-16 09:31:18.910,3.368,10000
2020-09-16 09:31:18.910,3.368,10000
2020-09-16 09:31:19.110,3.368,19400
2020-09-16 09:31:19.110,3.367,222800
2020-09-16 09:31:19.110,3.367,57800
2020-09-16 09:31:19.110,3.367,300000
2020-09-16 09:31:20.280,3.368,10000
2020-09-16 09:31:20.280,3.368,10000
2020-09-16 09:31:20.280,3.368,9600
2020-09-16 09:31:20.590,3.367,100
2020-09-16 09:31:20.590,3.367,40000
2020-09-16 09:31:20.590,3.367,100000
2020-09-16 09:31:20.660,3.366,1000
2020-09-16 09:31:21.030,3.367,159900
2020-09-16 09:31:21.030,3.368,400
2020-09-16 09:31:21.030,3.368,4700
2020-09-16 09:31:21.030,3.368,300000
2020-09-16 09:31:21.030,3.368,10000
2020-09-16 09:31:21.030,3.368,10000
2020-09-16 09:31:21.230,3.368,4000
2020-09-16 09:31:21.300,3.368,50000
2020-09-16 09:31:21.300,3.368,50000
2020-09-16 09:31:21.300,3.368,50000
2020-09-16 09:31:21.300,3.368,20000
2020-09-16 09:31:21.300,3.368,10000
2020-09-16 09:31:21.300,3.368,40000
2020-09-16 09:31:21.300,3.368,50000
2020-09-16 09:31:21.970,3.368,11200
2020-09-16 09:31:23.010,3.368,50000
2020-09-16 09:31:23.010,3.368,239700
2020-09-16 09:31:23.010,3.368,60300
2020-09-16 09:31:23.010,3.368,50000
2020-09-16 09:31:23.010,3.368,30000
2020-09-16 09:31:23.010,3.368,50000
2020-09-16 09:31:23.010,3.368,30000
2020-09-16 09:31:23.010,3.368,30000
2020-09-16 09:31:23.010,3.368,30000
2020-09-16 09:31:23.010,3.368,30000
2020-09-16 09:31:23.010,3.368,30000
2020-09-16 09:31:23.010,3.368,30000
2020-09-16 09:31:23.010,3.368,30000
2020-09-16 09:31:23.010,3.368,50000
2020-09-16 09:31:23.010,3.368,30000
2020-09-16 09:31:23.010,3.368,10000
2020-09-16 09:31:23.010,3.368,40000
2020-09-16 09:31:23.020,3.368,30000
2020-09-16 09:31:23.020,3.368,30000
2020-09-16 09:31:23.020,3.368,40000
2020-09-16 09:31:23.020,3.368,30000
2020-09-16 09:31:23.100,3.368,10000
2020-09-16 09:31:23.160,3.368,10000
2020-09-16 09:31:23.340,3.368,10000
2020-09-16 09:31:23.860,3.368,10000
2020-09-16 09:31:23.860,3.368,10000
2020-09-16 09:31:24.210,3.368,10000
2020-09-16 09:31:24.440,3.368,30000
2020-09-16 09:31:24.470,3.368,10000
2020-09-16 09:31:24.510,3.368,10000
2020-09-16 09:31:24.510,3.368,10000
2020-09-16 09:31:24.650,3.368,119700
2020-09-16 09:31:24.650,3.368,38600
2020-09-16 09:31:24.850,3.368,10000
2020-09-16 09:31:24.900,3.368,10000
2020-09-16 09:31:24.930,3.368,300000
2020-09-16 09:31:25.240,3.368,10000
2020-09-16 09:31:25.270,3.368,531400
2020-09-16 09:31:25.270,3.368,1200
2020-09-16 09:31:26.010,3.367,300000
2020-09-16 09:31:26.010,3.367,50000
2020-09-16 09:31:26.010,3.367,10000
2020-09-16 09:31:26.010,3.367,50000
2020-09-16 09:31:26.010,3.367,50000
2020-09-16 09:31:26.010,3.367,50000
2020-09-16 09:31:26.010,3.367,30000
2020-09-16 09:31:26.010,3.367,50000
2020-09-16 09:31:26.100,3.367,10000
2020-09-16 09:31:26.440,3.367,10000
2020-09-16 09:31:26.870,3.367,10000
2020-09-16 09:31:27.300,3.368,200
2020-09-16 09:31:27.370,3.367,10000
2020-09-16 09:31:27.610,3.367,10000
2020-09-16 09:31:27.810,3.367,100100
2020-09-16 09:31:27.810,3.366,1700
2020-09-16 09:31:27.810,3.366,498200
2020-09-16 09:31:29.090,3.366,300000
2020-09-16 09:31:29.090,3.366,30000
2020-09-16 09:31:29.440,3.367,6000
2020-09-16 09:31:31.880,3.367,300
2020-09-16 09:31:33.650,3.366,50000
2020-09-16 09:31:33.650,3.366,20000
2020-09-16 09:31:34.960,3.366,1800
2020-09-16 09:31:34.960,3.366,2000
2020-09-16 09:31:34.960,3.366,15000
2020-09-16 09:31:34.960,3.366,31200
2020-09-16 09:31:34.960,3.366,50000
2020-09-16 09:31:34.960,3.366,50000
2020-09-16 09:31:34.960,3.366,50000
2020-09-16 09:31:34.960,3.366,10000
2020-09-16 09:31:34.960,3.366,50000
2020-09-16 09:31:34.960,3.366,50000
2020-09-16 09:31:34.960,3.366,50000
2020-09-16 09:31:34.960,3.366,50000
2020-09-16 09:31:34.960,3.366,20000
2020-09-16 09:31:34.960,3.366,50000
2020-09-16 09:31:34.960,3.366,50000
2020-09-16 09:31:34.960,3.366,50000
2020-09-16 09:31:34.960,3.366,50000
2020-09-16 09:31:34.960,3.366,10000
2020-09-16 09:31:38.000,3.366,278800
2020-09-16 09:31:38.000,3.366,21200
2020-09-16 09:31:38.000,3.366,300000
2020-09-16 09:31:38.000,3.366,300000
2020-09-16 09:31:38.210,3.366,50000
2020-09-16 09:31:38.860,3.367,3700
2020-09-16 09:31:38.860,3.367,10000
2020-09-16 09:31:38.860,3.367,300000
2020-09-16 09:31:38.860,3.367,10000
2020-09-16 09:31:38.860,3.367,300000
2020-09-16 09:31:38.950,3.367,5400
2020-09-16 09:31:39.100,3.367,5000
2020-09-16 09:31:39.630,3.367,600
2020-09-16 09:31:41.040,3.367,30000
2020-09-16 09:31:41.040,3.367,30000
2020-09-16 09:31:41.040,3.367,20000
2020-09-16 09:31:41.040,3.367,50000
2020-09-16 09:31:41.040,3.367,50000
2020-09-16 09:31:41.040,3.367,30000
2020-09-16 09:31:41.100,3.367,55300
2020-09-16 09:31:41.100,3.366,228800
2020-09-16 09:31:41.100,3.366,15900
2020-09-16 09:31:41.100,3.366,13100
2020-09-16 09:31:41.100,3.366,286900
2020-09-16 09:31:41.120,3.366,4000
2020-09-16 09:31:41.940,3.366,5000
2020-09-16 09:31:41.960,3.366,11300
2020-09-16 09:31:43.010,3.366,100000
2020-09-16 09:31:43.780,3.366,200
2020-09-16 09:31:44.200,3.367,10000
2020-09-16 09:31:44.200,3.367,10000
2020-09-16 09:31:44.200,3.367,700
2020-09-16 09:31:44.260,3.367,2100
2020-09-16 09:31:44.760,3.367,7200
2020-09-16 09:31:46.730,3.367,800
2020-09-16 09:31:46.790,3.367,29200
2020-09-16 09:31:47.190,3.367,9000
2020-09-16 09:31:47.560,3.367,8300
2020-09-16 09:31:47.790,3.367,16500
2020-09-16 09:31:48.080,3.367,7700
2020-09-16 09:31:49.670,3.367,30000
2020-09-16 09:31:49.670,3.367,10000
2020-09-16 09:31:51.600,3.367,10000
2020-09-16 09:31:52.600,3.367,300000
2020-09-16 09:31:52.600,3.367,300000
2020-09-16 09:31:53.200,3.367,50000
2020-09-16 09:31:53.200,3.367,50000
2020-09-16 09:31:53.200,3.367,50000
2020-09-16 09:31:53.200,3.367,29300
2020-09-16 09:31:53.200,3.367,20700
2020-09-16 09:31:53.200,3.367,50000
2020-09-16 09:31:53.200,3.367,50000
2020-09-16 09:31:53.200,3.367,10000
2020-09-16 09:31:53.200,3.367,50000
2020-09-16 09:31:53.200,3.367,50000
2020-09-16 09:31:53.200,3.367,50000
2020-09-16 09:31:53.200,3.367,10000
2020-09-16 09:31:53.200,3.367,50000
2020-09-16 09:31:53.200,3.367,50000
2020-09-16 09:31:53.200,3.367,50000
2020-09-16 09:31:53.630,3.367,10000
2020-09-16 09:31:54.410,3.367,100
2020-09-16 09:31:54.580,3.367,40000
2020-09-16 09:31:55.700,3.367,50000
2020-09-16 09:31:55.700,3.367,50000
2020-09-16 09:31:55.700,3.367,50000
2020-09-16 09:31:55.700,3.367,50000
2020-09-16 09:31:55.700,3.367,30000
2020-09-16 09:31:55.700,3.367,50000
2020-09-16 09:31:55.700,3.367,40000
2020-09-16 09:31:55.730,3.367,100
2020-09-16 09:31:58.640,3.367,60000
2020-09-16 09:31:58.700,3.367,29100
2020-09-16 09:31:58.700,3.367,270900
2020-09-16 09:31:58.700,3.367,10000
2020-09-16 09:31:58.700,3.367,50000
2020-09-16 09:31:58.700,3.367,50000
2020-09-16 09:31:58.700,3.367,50000
2020-09-16 09:31:58.700,3.367,50000
2020-09-16 09:31:58.700,3.367,300000
2020-09-16 09:31:58.700,3.367,50000
2020-09-16 09:31:58.700,3.367,50000
2020-09-16 09:31:58.700,3.367,19100
2020-09-16 09:31:58.700,3.367,20900
2020-09-16 09:31:58.700,3.367,10000
2020-09-16 09:31:58.700,3.367,50000
2020-09-16 09:31:58.700,3.367,50000
2020-09-16 09:31:58.700,3.367,50000
2020-09-16 09:31:58.700,3.367,50000
2020-09-16 09:31:58.700,3.367,10000
2020-09-16 09:31:58.700,3.367,20000
2020-09-16 09:31:58.700,3.367,50000
2020-09-16 09:31:58.700,3.367,10000
2020-09-16 09:31:59.560,3.367,10000
2020-09-16 09:31:59.710,3.367,300000
2020-09-16 09:32:00.250,3.367,7000
2020-09-16 09:32:01.150,3.367,2800
2020-09-16 09:32:01.450,3.367,32600
2020-09-16 09:32:01.570,3.367,3000
2020-09-16 09:32:01.570,3.367,9700
2020-09-16 09:32:01.650,3.367,54000
2020-09-16 09:32:01.650,3.367,246000
2020-09-16 09:32:01.650,3.367,10000
2020-09-16 09:32:01.650,3.367,10000
2020-09-16 09:32:01.650,3.367,30000
2020-09-16 09:32:01.650,3.367,50000
2020-09-16 09:32:01.650,3.367,40000
2020-09-16 09:32:01.650,3.367,50000
2020-09-16 09:32:01.650,3.367,10000
2020-09-16 09:32:01.650,3.367,50000
2020-09-16 09:32:01.650,3.367,50000
2020-09-16 09:32:01.650,3.367,50000
2020-09-16 09:32:01.650,3.367,50000
2020-09-16 09:32:01.650,3.367,10000
2020-09-16 09:32:01.650,3.367,50000
2020-09-16 09:32:01.650,3.367,30000
2020-09-16 09:32:01.760,3.367,600000
2020-09-16 09:32:01.930,3.367,11200
2020-09-16 09:32:02.110,3.367,1600
2020-09-16 09:32:02.700,3.367,287200
2020-09-16 09:32:02.700,3.367,100
2020-09-16 09:32:02.700,3.366,12700
2020-09-16 09:32:03.590,3.367,99400
2020-09-16 09:32:03.590,3.367,10000
2020-09-16 09:32:03.590,3.367,10000
2020-09-16 09:32:04.050,3.367,30000
2020-09-16 09:32:04.110,3.367,14600
2020-09-16 09:32:04.710,3.366,300000
2020-09-16 09:32:04.710,3.366,50000
2020-09-16 09:32:04.710,3.366,50000
2020-09-16 09:32:04.710,3.366,30000
2020-09-16 09:32:04.710,3.366,10000
2020-09-16 09:32:04.710,3.366,39900
2020-09-16 09:32:04.710,3.366,4000
2020-09-16 09:32:04.710,3.366,1200
2020-09-16 09:32:04.710,3.366,100
2020-09-16 09:32:04.710,3.366,254800
2020-09-16 09:32:04.710,3.366,30000
2020-09-16 09:32:04.710,3.366,50000
2020-09-16 09:32:04.710,3.366,30000
2020-09-16 09:32:04.710,3.366,30000
2020-09-16 09:32:04.710,3.366,50000
2020-09-16 09:32:04.710,3.366,50000
2020-09-16 09:32:04.710,3.366,30000
2020-09-16 09:32:04.710,3.366,30000
2020-09-16 09:32:04.710,3.366,30000
2020-09-16 09:32:04.710,3.366,30000
2020-09-16 09:32:05.720,3.366,131800
2020-09-16 09:32:06.690,3.365,7300
2020-09-16 09:32:06.690,3.365,300
2020-09-16 09:32:06.690,3.365,2900
2020-09-16 09:32:06.690,3.365,10000
2020-09-16 09:32:06.690,3.365,1000
2020-09-16 09:32:06.690,3.363,48000
2020-09-16 09:32:06.690,3.363,100000
2020-09-16 09:32:06.690,3.363,1000
2020-09-16 09:32:06.690,3.363,600
2020-09-16 09:32:06.690,3.362,128900
2020-09-16 09:32:08.300,3.366,10000
2020-09-16 09:32:08.300,3.367,90000
2020-09-16 09:32:08.990,3.367,19500
2020-09-16 09:32:09.500,3.367,800
2020-09-16 09:32:13.680,3.366,3000
2020-09-16 09:32:14.090,3.365,900
2020-09-16 09:32:15.270,3.365,200
2020-09-16 09:32:16.320,3.365,9100
2020-09-16 09:32:16.320,3.366,6200
2020-09-16 09:32:16.350,3.366,10000
2020-09-16 09:32:18.090,3.364,2500
2020-09-16 09:32:18.270,3.364,32200
2020-09-16 09:32:18.270,3.364,28700
2020-09-16 09:32:20.760,3.365,10800
2020-09-16 09:32:22.080,3.363,11300
2020-09-16 09:32:24.840,3.365,3000
2020-09-16 09:32:25.700,3.365,16200
2020-09-16 09:32:26.710,3.365,2800
2020-09-16 09:32:28.080,3.364,500
2020-09-16 09:32:28.250,3.364,56500
2020-09-16 09:32:28.250,3.364,83500
2020-09-16 09:32:28.670,3.364,10000
2020-09-16 09:32:30.750,3.365,200
2020-09-16 09:32:32.190,3.364,300000
2020-09-16 09:32:32.190,3.364,300000
2020-09-16 09:32:32.190,3.364,50000
2020-09-16 09:32:32.270,3.364,50000
2020-09-16 09:32:32.270,3.364,10000
2020-09-16 09:32:32.360,3.364,4100
2020-09-16 09:32:32.920,3.364,8000
2020-09-16 09:32:33.160,3.364,500
2020-09-16 09:32:36.620,3.364,60000
2020-09-16 09:32:37.330,3.364,100000
2020-09-16 09:32:37.390,3.364,200
2020-09-16 09:32:37.560,3.364,17200
2020-09-16 09:32:37.560,3.363,4600
2020-09-16 09:32:37.560,3.363,100000
2020-09-16 09:32:37.560,3.363,1000
2020-09-16 09:32:37.560,3.363,4500
2020-09-16 09:32:38.370,3.363,800
2020-09-16 09:32:41.580,3.362,1900
2020-09-16 09:32:41.940,3.362,11300
2020-09-16 09:32:42.310,3.363,3100
2020-09-16 09:32:42.950,3.363,500
2020-09-16 09:32:42.980,3.362,300
2020-09-16 09:32:46.720,3.363,50000
2020-09-16 09:32:46.810,3.362,80000
2020-09-16 09:32:47.560,3.362,11200
2020-09-16 09:32:48.680,3.362,40000
2020-09-16 09:32:51.330,3.362,6000
2020-09-16 09:32:51.410,3.362,80300
2020-09-16 09:32:51.410,3.362,471300
2020-09-16 09:32:51.410,3.362,200
2020-09-16 09:32:51.410,3.362,148200
2020-09-16 09:32:51.820,3.362,5000
2020-09-16 09:32:52.150,3.362,197800
2020-09-16 09:32:52.150,3.362,4500
2020-09-16 09:32:52.150,3.362,97700
2020-09-16 09:32:52.150,3.362,2300
2020-09-16 09:32:52.150,3.362,1000
2020-09-16 09:32:52.240,3.361,10000
2020-09-16 09:32:52.240,3.361,200
2020-09-16 09:32:52.240,3.361,100
2020-09-16 09:32:52.240,3.361,300
2020-09-16 09:32:52.240,3.361,10000
2020-09-16 09:32:52.240,3.361,60000
2020-09-16 09:32:52.240,3.361,100000
2020-09-16 09:32:52.240,3.361,3000
2020-09-16 09:32:52.240,3.361,100000
2020-09-16 09:32:52.240,3.361,4000
2020-09-16 09:32:52.240,3.361,12400
2020-09-16 09:32:54.650,3.362,1000
2020-09-16 09:32:55.190,3.361,2900
2020-09-16 09:32:57.890,3.361,14700
2020-09-16 09:32:57.890,3.361,800
2020-09-16 09:32:57.890,3.361,100
2020-09-16 09:32:57.890,3.361,1000
2020-09-16 09:32:58.680,3.361,53400
2020-09-16 09:32:58.680,3.361,2000
2020-09-16 09:32:58.740,3.36,100
2020-09-16 09:32:58.740,3.36,2000
2020-09-16 09:32:58.740,3.36,400
2020-09-16 09:33:00.390,3.36,100
2020-09-16 09:33:00.390,3.36,200
2020-09-16 09:33:00.390,3.36,100
2020-09-16 09:33:00.390,3.36,1000
2020-09-16 09:33:00.390,3.36,200
2020-09-16 09:33:00.390,3.36,1100
2020-09-16 09:33:00.390,3.36,10000
2020-09-16 09:33:00.390,3.36,800
2020-09-16 09:33:00.390,3.36,2000
2020-09-16 09:33:00.390,3.36,5600
2020-09-16 09:33:01.980,3.36,9400
2020-09-16 09:33:01.980,3.36,1800
2020-09-16 09:33:02.330,3.36,600
2020-09-16 09:33:03.330,3.362,4300
2020-09-16 09:33:04.370,3.36,1300
2020-09-16 09:33:07.060,3.36,16300
2020-09-16 09:33:07.060,3.36,7000
2020-09-16 09:33:07.060,3.36,10000
2020-09-16 09:33:07.060,3.36,500
2020-09-16 09:33:07.060,3.36,100
2020-09-16 09:33:07.060,3.36,5900
2020-09-16 09:33:07.670,3.36,2100
2020-09-16 09:33:07.670,3.36,100
2020-09-16 09:33:07.670,3.36,5000
2020-09-16 09:33:07.670,3.36,1000
2020-09-16 09:33:07.670,3.36,1800
2020-09-16 09:33:07.670,3.361,10000
2020-09-16 09:33:07.960,3.361,1700
2020-09-16 09:33:09.040,3.361,33000
2020-09-16 09:33:09.040,3.361,1700
2020-09-16 09:33:09.070,3.362,1300
2020-09-16 09:33:09.070,3.362,2300
2020-09-16 09:33:09.070,3.363,118300
2020-09-16 09:33:09.070,3.363,2900
2020-09-16 09:33:09.070,3.363,5000
2020-09-16 09:33:09.070,3.363,10000
2020-09-16 09:33:09.070,3.364,3000
2020-09-16 09:33:09.070,3.364,5300
2020-09-16 09:33:10.630,3.362,3000
2020-09-16 09:33:10.630,3.361,52700
2020-09-16 09:33:11.190,3.361,400
2020-09-16 09:33:14.660,3.362,5000
2020-09-16 09:33:15.320,3.362,100
2020-09-16 09:33:16.710,3.362,13500
2020-09-16 09:33:19.950,3.363,10000
2020-09-16 09:33:19.980,3.363,25700
2020-09-16 09:33:21.440,3.362,32600
2020-09-16 09:33:21.470,3.363,2000
2020-09-16 09:33:21.880,3.362,11200
2020-09-16 09:33:22.160,3.362,11000
2020-09-16 09:33:24.530,3.362,300000
2020-09-16 09:33:25.620,3.362,300000
2020-09-16 09:33:25.730,3.362,226600
2020-09-16 09:33:25.730,3.362,73400
2020-09-16 09:33:25.730,3.362,30000
2020-09-16 09:33:25.730,3.362,1800
2020-09-16 09:33:25.730,3.362,600
2020-09-16 09:33:26.250,3.362,300
2020-09-16 09:33:26.850,3.361,300000
2020-09-16 09:33:27.990,3.362,300
2020-09-16 09:33:28.080,3.362,100
2020-09-16 09:33:28.370,3.361,60000
2020-09-16 09:33:28.710,3.361,300000
2020-09-16 09:33:28.820,3.361,240000
2020-09-16 09:33:28.820,3.361,60000
2020-09-16 09:33:30.780,3.362,15400
2020-09-16 09:33:31.560,3.362,5000
2020-09-16 09:33:33.110,3.361,10000
2020-09-16 09:33:33.110,3.361,100
2020-09-16 09:33:33.110,3.361,300
2020-09-16 09:33:33.110,3.361,6000
2020-09-16 09:33:33.770,3.361,283600
2020-09-16 09:33:33.870,3.361,10000
2020-09-16 09:33:34.320,3.362,4400
2020-09-16 09:33:34.590,3.361,6400
2020-09-16 09:33:34.590,3.361,100
2020-09-16 09:33:34.590,3.361,3900
2020-09-16 09:33:35.810,3.362,2100
2020-09-16 09:33:35.810,3.362,2900
2020-09-16 09:33:37.190,3.361,50000
2020-09-16 09:33:37.190,3.361,27100
2020-09-16 09:33:37.360,3.362,100
2020-09-16 09:33:38.190,3.361,30000
2020-09-16 09:33:38.770,3.362,299900
2020-09-16 09:33:38.770,3.362,8500
2020-09-16 09:33:38.770,3.362,4000
2020-09-16 09:33:38.820,3.362,2500
2020-09-16 09:33:39.020,3.363,30000
2020-09-16 09:33:39.020,3.363,5000
2020-09-16 09:33:39.020,3.363,2000
2020-09-16 09:33:39.020,3.363,100000
2020-09-16 09:33:39.020,3.363,7400
2020-09-16 09:33:39.020,3.363,600
2020-09-16 09:33:40.640,3.363,5000
2020-09-16 09:33:41.870,3.363,150000
2020-09-16 09:33:41.870,3.362,150000
2020-09-16 09:33:41.930,3.362,5000
2020-09-16 09:33:41.960,3.362,11300
2020-09-16 09:33:46.180,3.362,300000
2020-09-16 09:33:48.660,3.364,7700
2020-09-16 09:33:50.100,3.364,8100
2020-09-16 09:33:50.100,3.364,400
2020-09-16 09:33:50.100,3.364,1000
2020-09-16 09:33:50.100,3.364,5000
2020-09-16 09:33:50.100,3.364,20000
2020-09-16 09:33:50.100,3.365,1500
2020-09-16 09:33:50.100,3.365,100
2020-09-16 09:33:50.100,3.365,10400
2020-09-16 09:33:50.100,3.365,2000
2020-09-16 09:33:50.100,3.365,1000
2020-09-16 09:33:50.100,3.365,5000
2020-09-16 09:33:50.100,3.365,1000
2020-09-16 09:33:50.100,3.365,400
2020-09-16 09:33:50.100,3.365,20000
2020-09-16 09:33:50.100,3.365,116400
2020-09-16 09:33:51.270,3.362,1400
2020-09-16 09:33:53.950,3.362,3000
2020-09-16 09:33:58.570,3.364,600
2020-09-16 09:33:58.820,3.363,600
2020-09-16 09:33:58.940,3.363,104600
2020-09-16 09:33:58.940,3.362,114400
2020-09-16 09:33:58.940,3.362,8900
2020-09-16 09:33:58.940,3.362,200
2020-09-16 09:33:58.940,3.362,30000
2020-09-16 09:33:58.940,3.362,6000
2020-09-16 09:33:58.940,3.362,200
2020-09-16 09:33:58.940,3.362,1000
2020-09-16 09:33:58.940,3.362,34700
2020-09-16 09:34:01.920,3.361,11300
2020-09-16 09:34:04.160,3.362,1000
2020-09-16 09:34:04.160,3.362,3000
2020-09-16 09:34:05.240,3.362,10000
2020-09-16 09:34:07.030,3.362,3000
2020-09-16 09:34:08.050,3.362,1700
2020-09-16 09:34:10.860,3.362,30000
2020-09-16 09:34:12.610,3.362,10000
2020-09-16 09:34:13.790,3.362,30000
2020-09-16 09:34:13.840,3.362,4900
2020-09-16 09:34:16.830,3.363,40000
2020-09-16 09:34:16.830,3.362,206100
2020-09-16 09:34:16.830,3.362,10000
2020-09-16 09:34:16.830,3.362,8500
2020-09-16 09:34:16.830,3.362,1000
2020-09-16 09:34:16.830,3.362,34400
2020-09-16 09:34:16.830,3.362,300000
2020-09-16 09:34:16.830,3.362,300000
2020-09-16 09:34:17.230,3.362,265600
2020-09-16 09:34:17.230,3.362,2000
2020-09-16 09:34:17.230,3.362,10000
2020-09-16 09:34:17.230,3.361,22400
2020-09-16 09:34:17.310,3.363,20000
2020-09-16 09:34:18.920,3.362,7600
2020-09-16 09:34:18.920,3.363,10000
2020-09-16 09:34:18.920,3.363,20000
2020-09-16 09:34:19.780,3.363,2400
2020-09-16 09:34:19.780,3.361,17600
2020-09-16 09:34:20.340,3.362,800
2020-09-16 09:34:21.700,3.362,600
2020-09-16 09:34:21.950,3.362,8600
2020-09-16 09:34:21.950,3.361,2600
2020-09-16 09:34:25.150,3.362,1100
2020-09-16 09:34:25.150,3.364,12800
2020-09-16 09:34:25.150,3.364,1500
2020-09-16 09:34:26.980,3.364,17600
2020-09-16 09:34:28.200,3.361,70000
2020-09-16 09:34:30.190,3.362,600
2020-09-16 09:34:30.770,3.362,1000
2020-09-16 09:34:32.930,3.362,300
2020-09-16 09:34:33.190,3.362,300000
2020-09-16 09:34:35.100,3.362,200
2020-09-16 09:34:35.820,3.362,1800
2020-09-16 09:34:38.470,3.362,6200
2020-09-16 09:34:38.500,3.361,5000
2020-09-16 09:34:39.770,3.362,100
2020-09-16 09:34:41.880,3.361,11200
2020-09-16 09:34:47.480,3.361,109900
2020-09-16 09:34:47.480,3.361,2000
2020-09-16 09:34:47.480,3.361,10000
2020-09-16 09:34:47.480,3.361,300000
2020-09-16 09:34:47.480,3.361,30000
2020-09-16 09:34:47.480,3.361,48100
2020-09-16 09:34:50.560,3.361,4000
2020-09-16 09:34:50.620,3.361,10000
2020-09-16 09:34:51.010,3.361,40000
2020-09-16 09:34:51.290,3.362,200
2020-09-16 09:34:52.420,3.361,1500
2020-09-16 09:34:54.410,3.361,46400
2020-09-16 09:34:54.410,3.361,300
2020-09-16 09:34:54.410,3.361,50000
2020-09-16 09:34:54.410,3.361,10000
2020-09-16 09:34:54.410,3.361,14900
2020-09-16 09:34:54.410,3.361,10000
2020-09-16 09:34:54.410,3.361,100
2020-09-16 09:34:54.410,3.361,30000
2020-09-16 09:35:00.650,3.361,6500
2020-09-16 09:35:01.140,3.361,7400
2020-09-16 09:35:01.950,3.36,3200
2020-09-16 09:35:01.950,3.36,3000
2020-09-16 09:35:01.950,3.36,100
2020-09-16 09:35:01.950,3.36,1400
2020-09-16 09:35:01.950,3.36,3700
2020-09-16 09:35:02.270,3.361,9000
2020-09-16 09:35:02.840,3.36,30000
2020-09-16 09:35:03.850,3.36,20000
2020-09-16 09:35:04.150,3.36,46300
2020-09-16 09:35:04.150,3.36,10000
2020-09-16 09:35:04.150,3.36,1000
2020-09-16 09:35:04.150,3.36,14800
2020-09-16 09:35:04.150,3.36,30000
2020-09-16 09:35:04.150,3.36,500
2020-09-16 09:35:04.150,3.36,200
2020-09-16 09:35:04.150,3.36,100
2020-09-16 09:35:04.150,3.36,100
2020-09-16 09:35:04.150,3.36,100
2020-09-16 09:35:04.150,3.36,100
2020-09-16 09:35:04.150,3.36,2100
2020-09-16 09:35:04.150,3.36,100
2020-09-16 09:35:04.150,3.36,100
2020-09-16 09:35:04.150,3.36,9000
2020-09-16 09:35:04.150,3.36,200
2020-09-16 09:35:04.150,3.36,2000
2020-09-16 09:35:04.150,3.36,30000
2020-09-16 09:35:04.150,3.36,100
2020-09-16 09:35:04.150,3.36,7800
2020-09-16 09:35:04.150,3.36,300
2020-09-16 09:35:04.150,3.36,10000
2020-09-16 09:35:04.150,3.36,6500
2020-09-16 09:35:04.150,3.36,500
2020-09-16 09:35:04.150,3.36,1000
2020-09-16 09:35:04.150,3.36,127100
2020-09-16 09:35:04.290,3.36,30000
2020-09-16 09:35:05.700,3.36,23100
2020-09-16 09:35:06.720,3.36,115400
2020-09-16 09:35:06.870,3.361,25900
2020-09-16 09:35:07.450,3.36,4400
2020-09-16 09:35:07.450,3.36,500
2020-09-16 09:35:07.450,3.36,1000
2020-09-16 09:35:07.450,3.36,200
2020-09-16 09:35:07.450,3.36,900
2020-09-16 09:35:07.450,3.36,700
2020-09-16 09:35:07.450,3.36,100
2020-09-16 09:35:07.450,3.36,1000
2020-09-16 09:35:07.450,3.36,4800
2020-09-16 09:35:07.450,3.36,2000
2020-09-16 09:35:07.450,3.36,14400
2020-09-16 09:35:07.860,3.36,15600
2020-09-16 09:35:08.780,3.36,23700
2020-09-16 09:35:10.070,3.359,3000
2020-09-16 09:35:10.070,3.359,200
2020-09-16 09:35:10.070,3.359,100
2020-09-16 09:35:10.070,3.359,7000
2020-09-16 09:35:10.070,3.359,8000
2020-09-16 09:35:10.070,3.359,1000
2020-09-16 09:35:10.070,3.359,300
2020-09-16 09:35:10.070,3.359,3600
2020-09-16 09:35:10.070,3.359,3100
2020-09-16 09:35:10.070,3.359,3100
2020-09-16 09:35:10.070,3.359,3100
2020-09-16 09:35:10.070,3.359,5000
2020-09-16 09:35:10.070,3.359,10000
2020-09-16 09:35:10.070,3.359,100000
2020-09-16 09:35:10.070,3.359,100
2020-09-16 09:35:10.070,3.359,1000
2020-09-16 09:35:10.070,3.359,100
2020-09-16 09:35:10.070,3.359,1000
2020-09-16 09:35:10.070,3.359,150300
2020-09-16 09:35:10.100,3.359,400
2020-09-16 09:35:10.340,3.36,255700
2020-09-16 09:35:10.340,3.36,100
2020-09-16 09:35:10.340,3.36,2400
2020-09-16 09:35:11.080,3.36,2100
2020-09-16 09:35:11.280,3.361,400
2020-09-16 09:35:11.430,3.361,200
2020-09-16 09:35:11.730,3.36,30000
2020-09-16 09:35:13.320,3.36,9700
2020-09-16 09:35:14.420,3.359,30000
2020-09-16 09:35:14.420,3.359,30000
2020-09-16 09:35:14.420,3.359,30000
2020-09-16 09:35:14.420,3.359,30000
2020-09-16 09:35:14.420,3.359,29300
2020-09-16 09:35:14.420,3.359,100
2020-09-16 09:35:14.420,3.359,600
2020-09-16 09:35:14.420,3.359,19400
2020-09-16 09:35:14.420,3.359,10600
2020-09-16 09:35:14.420,3.359,30000
2020-09-16 09:35:14.420,3.359,20000
2020-09-16 09:35:15.640,3.359,239400
2020-09-16 09:35:15.770,3.359,10000
2020-09-16 09:35:16.510,3.359,200
2020-09-16 09:35:17.070,3.359,10000
2020-09-16 09:35:17.470,3.359,33800
2020-09-16 09:35:18.010,3.359,300
2020-09-16 09:35:18.190,3.359,500
2020-09-16 09:35:18.680,3.359,800
2020-09-16 09:35:20.890,3.358,200
2020-09-16 09:35:20.890,3.358,2800
2020-09-16 09:35:21.280,3.359,5000
2020-09-16 09:35:21.280,3.359,500
2020-09-16 09:35:21.280,3.359,200
2020-09-16 09:35:21.940,3.359,14300
2020-09-16 09:35:21.940,3.359,3400
2020-09-16 09:35:21.940,3.358,4200
2020-09-16 09:35:21.940,3.358,2000
2020-09-16 09:35:21.940,3.358,100
2020-09-16 09:35:21.940,3.358,5000
2020-09-16 09:35:21.940,3.358,6000
2020-09-16 09:35:21.940,3.358,100000
2020-09-16 09:35:21.940,3.358,1100
2020-09-16 09:35:21.940,3.358,100
2020-09-16 09:35:21.940,3.358,2000
2020-09-16 09:35:21.940,3.358,3100
2020-09-16 09:35:21.940,3.358,600
2020-09-16 09:35:21.940,3.358,500
2020-09-16 09:35:21.940,3.358,1000
2020-09-16 09:35:21.940,3.358,1000
2020-09-16 09:35:22.690,3.358,55600
2020-09-16 09:35:22.800,3.359,7100
2020-09-16 09:35:22.800,3.358,9200
2020-09-16 09:35:23.630,3.36,2900
2020-09-16 09:35:23.860,3.359,85900
2020-09-16 09:35:24.740,3.359,100
2020-09-16 09:35:24.890,3.359,50000
2020-09-16 09:35:26.320,3.359,20000
2020-09-16 09:35:26.910,3.359,300000
2020-09-16 09:35:26.910,3.359,300000
2020-09-16 09:35:28.150,3.359,144000
2020-09-16 09:35:29.030,3.359,130100
2020-09-16 09:35:29.030,3.36,47100
2020-09-16 09:35:29.030,3.36,11200
2020-09-16 09:35:29.030,3.36,5200
2020-09-16 09:35:29.600,3.36,4800
2020-09-16 09:35:29.600,3.36,300000
2020-09-16 09:35:29.830,3.36,3000
2020-09-16 09:35:29.940,3.36,3000
2020-09-16 09:35:31.010,3.36,3100
2020-09-16 09:35:31.040,3.36,300
2020-09-16 09:35:31.980,3.36,3400
2020-09-16 09:35:32.220,3.36,800
2020-09-16 09:35:32.450,3.36,300000
2020-09-16 09:35:32.720,3.36,2800
2020-09-16 09:35:33.310,3.36,31000
2020-09-16 09:35:34.260,3.36,3500
2020-09-16 09:35:34.410,3.36,11700
2020-09-16 09:35:36.000,3.36,39000
2020-09-16 09:35:36.000,3.36,2000
2020-09-16 09:35:36.000,3.36,100
2020-09-16 09:35:36.000,3.359,10500
2020-09-16 09:35:37.110,3.359,1000
2020-09-16 09:35:37.660,3.359,47400
2020-09-16 09:35:37.660,3.359,2100
2020-09-16 09:35:39.040,3.36,100
2020-09-16 09:35:39.040,3.36,3000
2020-09-16 09:35:39.040,3.36,2500
2020-09-16 09:35:39.040,3.361,300
2020-09-16 09:35:39.040,3.361,15000
2020-09-16 09:35:39.040,3.361,100
2020-09-16 09:35:39.040,3.361,9000
2020-09-16 09:35:40.160,3.359,16000
2020-09-16 09:35:41.800,3.36,1000
2020-09-16 09:35:42.140,3.36,49000
2020-09-16 09:35:42.140,3.36,32000
2020-09-16 09:35:42.140,3.36,11200
2020-09-16 09:35:43.420,3.36,50000
2020-09-16 09:35:43.810,3.36,20000
2020-09-16 09:35:46.790,3.36,1400
2020-09-16 09:35:49.420,3.36,16800
2020-09-16 09:35:49.850,3.36,5000
2020-09-16 09:35:49.960,3.36,200
2020-09-16 09:35:51.200,3.36,2000
2020-09-16 09:35:51.700,3.361,1000
2020-09-16 09:35:51.700,3.361,50000
2020-09-16 09:35:51.700,3.361,17700
2020-09-16 09:35:51.700,3.361,300
2020-09-16 09:35:51.700,3.361,16000
2020-09-16 09:35:51.700,3.361,5000
2020-09-16 09:35:56.970,3.361,10000
2020-09-16 09:35:57.540,3.361,4000
2020-09-16 09:35:59.740,3.361,20000
2020-09-16 09:36:00.960,3.362,100
2020-09-16 09:36:00.960,3.362,1000
2020-09-16 09:36:00.960,3.362,28300
2020-09-16 09:36:00.960,3.362,400
2020-09-16 09:36:00.960,3.362,50000
2020-09-16 09:36:00.960,3.362,500
2020-09-16 09:36:00.960,3.362,6700
2020-09-16 09:36:00.960,3.362,2000
2020-09-16 09:36:00.960,3.362,20000
2020-09-16 09:36:01.950,3.362,50000
2020-09-16 09:36:01.950,3.362,11300
2020-09-16 09:36:02.160,3.362,300000
2020-09-16 09:36:02.280,3.362,20000
2020-09-16 09:36:02.280,3.362,20000
2020-09-16 09:36:02.370,3.362,30000
2020-09-16 09:36:02.370,3.362,30000
2020-09-16 09:36:02.370,3.362,30000
2020-09-16 09:36:02.370,3.362,30000
2020-09-16 09:36:02.370,3.362,30000
2020-09-16 09:36:02.370,3.362,10000
2020-09-16 09:36:02.370,3.362,10000
2020-09-16 09:36:02.370,3.362,40000
2020-09-16 09:36:02.370,3.362,30000
2020-09-16 09:36:02.370,3.362,30000
2020-09-16 09:36:02.370,3.362,10000
2020-09-16 09:36:02.370,3.362,20000
2020-09-16 09:36:02.370,3.362,30000
2020-09-16 09:36:02.370,3.362,30000
2020-09-16 09:36:02.370,3.362,29700
2020-09-16 09:36:03.530,3.361,600
2020-09-16 09:36:04.200,3.361,20000
2020-09-16 09:36:05.210,3.361,20000
2020-09-16 09:36:05.210,3.361,6000
2020-09-16 09:36:06.590,3.362,300
2020-09-16 09:36:06.590,3.362,30000
2020-09-16 09:36:06.590,3.362,30000
2020-09-16 09:36:06.590,3.362,20000
2020-09-16 09:36:06.590,3.362,30000
2020-09-16 09:36:06.590,3.362,20000
2020-09-16 09:36:06.590,3.362,10000
2020-09-16 09:36:06.590,3.362,20000
2020-09-16 09:36:06.590,3.362,600
2020-09-16 09:36:06.590,3.362,10000
2020-09-16 09:36:06.590,3.362,10000
2020-09-16 09:36:06.890,3.362,50000
2020-09-16 09:36:07.290,3.362,30000
2020-09-16 09:36:07.290,3.362,30000
2020-09-16 09:36:07.290,3.362,30000
2020-09-16 09:36:07.440,3.362,348600
2020-09-16 09:36:07.680,3.362,20000
2020-09-16 09:36:07.680,3.362,110500
2020-09-16 09:36:07.680,3.362,100
2020-09-16 09:36:07.680,3.362,10000
2020-09-16 09:36:08.080,3.362,179400
2020-09-16 09:36:08.200,3.362,20000
2020-09-16 09:36:08.200,3.362,20000
2020-09-16 09:36:08.360,3.362,300000
2020-09-16 09:36:08.360,3.362,300000
2020-09-16 09:36:08.480,3.362,10000
2020-09-16 09:36:08.830,3.362,50000
2020-09-16 09:36:08.920,3.362,10000
2020-09-16 09:36:08.920,3.362,10000
2020-09-16 09:36:09.350,3.362,100
2020-09-16 09:36:09.380,3.362,500
2020-09-16 09:36:11.510,3.361,20000
2020-09-16 09:36:12.340,3.361,20000
2020-09-16 09:36:12.590,3.362,100
2020-09-16 09:36:12.930,3.362,9400
2020-09-16 09:36:12.930,3.362,600
2020-09-16 09:36:13.160,3.361,29400
2020-09-16 09:36:13.160,3.361,27500
2020-09-16 09:36:13.160,3.361,1000
2020-09-16 09:36:13.160,3.361,1200
2020-09-16 09:36:13.300,3.361,300
2020-09-16 09:36:14.130,3.361,10000
2020-09-16 09:36:14.780,3.36,20000
2020-09-16 09:36:16.410,3.361,5000
2020-09-16 09:36:17.110,3.36,300000
2020-09-16 09:36:17.110,3.36,300000
2020-09-16 09:36:21.880,3.36,3000
2020-09-16 09:36:21.880,3.36,20000
2020-09-16 09:36:21.880,3.36,2000
2020-09-16 09:36:21.880,3.36,20000
2020-09-16 09:36:21.880,3.36,100
2020-09-16 09:36:21.880,3.36,254900
2020-09-16 09:36:21.880,3.36,300000
2020-09-16 09:36:21.910,3.36,11200
2020-09-16 09:36:24.440,3.361,200
2020-09-16 09:36:24.500,3.36,9000
2020-09-16 09:36:24.590,3.36,30000
2020-09-16 09:36:24.880,3.361,500
2020-09-16 09:36:25.200,3.36,10000
2020-09-16 09:36:26.340,3.36,60000
2020-09-16 09:36:27.070,3.36,225100
2020-09-16 09:36:27.070,3.36,3000
2020-09-16 09:36:27.070,3.36,3000
2020-09-16 09:36:27.070,3.36,20000
2020-09-16 09:36:27.070,3.36,300
2020-09-16 09:36:27.070,3.36,48600
2020-09-16 09:36:27.820,3.36,60000
2020-09-16 09:36:28.650,3.36,9200
2020-09-16 09:36:29.610,3.36,5600
2020-09-16 09:36:29.780,3.36,34000
2020-09-16 09:36:30.610,3.36,300000
2020-09-16 09:36:30.610,3.36,300000
2020-09-16 09:36:32.650,3.36,142600
2020-09-16 09:36:32.650,3.36,1500
2020-09-16 09:36:32.650,3.36,155900
2020-09-16 09:36:32.650,3.36,300000
2020-09-16 09:36:32.860,3.361,20000
2020-09-16 09:36:41.230,3.36,3000
2020-09-16 09:36:41.470,3.36,17000
2020-09-16 09:36:42.050,3.36,1000
2020-09-16 09:36:42.600,3.36,186900
2020-09-16 09:36:42.600,3.36,11300
2020-09-16 09:36:44.010,3.36,1000
2020-09-16 09:36:44.010,3.36,3900
2020-09-16 09:36:44.710,3.361,2000
2020-09-16 09:36:44.800,3.36,2000
2020-09-16 09:36:46.570,3.36,60000
2020-09-16 09:36:46.680,3.36,167000
2020-09-16 09:36:46.840,3.36,11500
2020-09-16 09:36:47.880,3.36,1000
2020-09-16 09:36:50.040,3.36,500
2020-09-16 09:36:51.390,3.36,4900
2020-09-16 09:36:51.390,3.36,5100
2020-09-16 09:36:51.500,3.36,3500
2020-09-16 09:36:51.740,3.361,1000
2020-09-16 09:36:51.740,3.361,2000
2020-09-16 09:36:53.240,3.361,30000
2020-09-16 09:36:53.240,3.361,30000
2020-09-16 09:36:53.240,3.361,30000
2020-09-16 09:36:53.240,3.361,30000
2020-09-16 09:36:53.280,3.361,50000
2020-09-16 09:36:53.800,3.361,17000
2020-09-16 09:36:53.800,3.361,2000
2020-09-16 09:36:53.800,3.36,1000
2020-09-16 09:36:54.690,3.361,20000
2020-09-16 09:36:54.840,3.361,10000
2020-09-16 09:36:55.410,3.361,10000
2020-09-16 09:36:55.600,3.361,5000
2020-09-16 09:36:55.870,3.361,30000
2020-09-16 09:36:55.870,3.361,10000
2020-09-16 09:36:56.130,3.361,15000
2020-09-16 09:36:58.850,3.362,200
2020-09-16 09:37:00.580,3.36,15000
2020-09-16 09:37:01.990,3.361,11300
2020-09-16 09:37:02.460,3.361,100
2020-09-16 09:37:03.080,3.361,1200
2020-09-16 09:37:03.400,3.361,1000
2020-09-16 09:37:06.110,3.361,300
2020-09-16 09:37:06.530,3.361,36100
2020-09-16 09:37:06.530,3.361,1400
2020-09-16 09:37:10.630,3.361,2600
2020-09-16 09:37:11.650,3.36,6100
2020-09-16 09:37:13.190,3.361,700
2020-09-16 09:37:13.190,3.362,9200
2020-09-16 09:37:13.190,3.362,100
2020-09-16 09:37:13.690,3.362,100
2020-09-16 09:37:17.360,3.361,10500
2020-09-16 09:37:21.060,3.361,300000
2020-09-16 09:37:21.940,3.361,11200
2020-09-16 09:37:22.320,3.361,600
2020-09-16 09:37:22.660,3.361,300000
2020-09-16 09:37:22.760,3.361,30000
2020-09-16 09:37:22.760,3.361,30000
2020-09-16 09:37:22.760,3.361,30000
2020-09-16 09:37:22.840,3.361,187700
2020-09-16 09:37:27.110,3.361,3000
2020-09-16 09:37:27.380,3.361,1000
2020-09-16 09:37:30.160,3.36,200
2020-09-16 09:37:31.630,3.361,60000
2020-09-16 09:37:32.090,3.361,1000
2020-09-16 09:37:34.360,3.36,47300
2020-09-16 09:37:34.910,3.361,30000
2020-09-16 09:37:35.150,3.36,30000
2020-09-16 09:37:37.790,3.361,200
2020-09-16 09:37:37.850,3.361,30000
2020-09-16 09:37:40.870,3.361,30000
2020-09-16 09:37:42.020,3.361,11300
2020-09-16 09:37:43.880,3.361,28500
2020-09-16 09:37:43.880,3.361,1500
2020-09-16 09:37:45.220,3.362,100
2020-09-16 09:37:46.290,3.361,20000
2020-09-16 09:37:48.000,3.362,100
2020-09-16 09:37:49.550,3.361,600
2020-09-16 09:37:53.190,3.361,20000
2020-09-16 09:37:53.830,3.361,1000
2020-09-16 09:37:55.300,3.361,10000
2020-09-16 09:37:55.500,3.362,1000
2020-09-16 09:37:56.240,3.361,20000
2020-09-16 09:37:58.470,3.361,200
2020-09-16 09:37:58.960,3.362,2000
2020-09-16 09:37:59.210,3.362,100
2020-09-16 09:37:59.270,3.361,20000
2020-09-16 09:38:00.320,3.362,6500
2020-09-16 09:38:00.320,3.362,900
2020-09-16 09:38:00.880,3.361,100
2020-09-16 09:38:01.950,3.361,11200
2020-09-16 09:38:02.330,3.361,20000
2020-09-16 09:38:03.110,3.361,2800
2020-09-16 09:38:03.230,3.361,3000
2020-09-16 09:38:07.040,3.361,1000
2020-09-16 09:38:08.720,3.361,20000
2020-09-16 09:38:09.050,3.361,30000
2020-09-16 09:38:11.850,3.361,2000
2020-09-16 09:38:13.350,3.362,9100
2020-09-16 09:38:13.350,3.362,900
2020-09-16 09:38:13.780,3.361,6600
2020-09-16 09:38:13.780,3.361,50000
2020-09-16 09:38:13.780,3.361,3400
2020-09-16 09:38:18.260,3.361,20000
2020-09-16 09:38:19.040,3.361,276600
2020-09-16 09:38:19.040,3.361,100
2020-09-16 09:38:19.040,3.361,3800
2020-09-16 09:38:19.220,3.361,700
2020-09-16 09:38:19.760,3.361,1000
2020-09-16 09:38:20.570,3.36,3100
2020-09-16 09:38:20.860,3.361,1000
2020-09-16 09:38:21.200,3.361,5000
2020-09-16 09:38:22.000,3.36,11300
2020-09-16 09:38:24.210,3.36,20000
2020-09-16 09:38:24.890,3.361,300
2020-09-16 09:38:25.660,3.361,10000
2020-09-16 09:38:26.210,3.36,30000
2020-09-16 09:38:26.240,3.36,30000
2020-09-16 09:38:26.240,3.36,30000
2020-09-16 09:38:27.100,3.36,20000
2020-09-16 09:38:28.740,3.36,30000
2020-09-16 09:38:28.740,3.36,30000
2020-09-16 09:38:28.740,3.36,18100
2020-09-16 09:38:28.740,3.36,2000
2020-09-16 09:38:28.740,3.36,9900
2020-09-16 09:38:28.740,3.36,30000
2020-09-16 09:38:28.740,3.36,20100
2020-09-16 09:38:28.740,3.36,2000
2020-09-16 09:38:28.740,3.36,200
2020-09-16 09:38:28.740,3.36,900
2020-09-16 09:38:28.740,3.36,1000
2020-09-16 09:38:28.740,3.36,200
2020-09-16 09:38:28.740,3.36,5600
2020-09-16 09:38:28.740,3.36,4400
2020-09-16 09:38:28.740,3.36,200
2020-09-16 09:38:28.740,3.36,25400
2020-09-16 09:38:28.740,3.36,24600
2020-09-16 09:38:28.740,3.36,5400
2020-09-16 09:38:28.740,3.36,30000
2020-09-16 09:38:28.740,3.36,30000
2020-09-16 09:38:28.740,3.36,30000
2020-09-16 09:38:28.740,3.361,1500
2020-09-16 09:38:28.740,3.361,11900
2020-09-16 09:38:28.800,3.36,30000
2020-09-16 09:38:28.800,3.36,10000
2020-09-16 09:38:28.800,3.36,30000
2020-09-16 09:38:28.800,3.36,20000
2020-09-16 09:38:28.800,3.36,30000
2020-09-16 09:38:28.800,3.361,8100
2020-09-16 09:38:28.800,3.361,17000
2020-09-16 09:38:28.800,3.361,11800
2020-09-16 09:38:28.830,3.361,1200
2020-09-16 09:38:28.830,3.361,8800
2020-09-16 09:38:28.870,3.361,1100
2020-09-16 09:38:28.890,3.361,5600
2020-09-16 09:38:28.890,3.361,400
2020-09-16 09:38:29.010,3.361,1600
2020-09-16 09:38:29.300,3.36,20000
2020-09-16 09:38:31.420,3.361,2500
2020-09-16 09:38:31.420,3.361,2000
2020-09-16 09:38:31.420,3.361,500
2020-09-16 09:38:32.000,3.36,56500
2020-09-16 09:38:32.190,3.36,8100
2020-09-16 09:38:32.190,3.36,10000
2020-09-16 09:38:32.190,3.36,100
2020-09-16 09:38:32.190,3.36,200
2020-09-16 09:38:32.190,3.36,1600
2020-09-16 09:38:32.190,3.36,400
2020-09-16 09:38:35.670,3.36,100
2020-09-16 09:38:38.040,3.359,20000
2020-09-16 09:38:38.040,3.359,300
2020-09-16 09:38:38.040,3.359,1200
2020-09-16 09:38:38.040,3.359,700
2020-09-16 09:38:38.040,3.359,2300
2020-09-16 09:38:38.040,3.359,4900
2020-09-16 09:38:38.040,3.359,600
2020-09-16 09:38:38.640,3.36,29500
2020-09-16 09:38:38.640,3.36,30000
2020-09-16 09:38:38.640,3.36,100000
2020-09-16 09:38:38.640,3.36,1000
2020-09-16 09:38:38.640,3.36,20000
2020-09-16 09:38:38.640,3.36,2400
2020-09-16 09:38:38.720,3.359,1000
2020-09-16 09:38:38.720,3.359,9000
2020-09-16 09:38:38.720,3.359,100
2020-09-16 09:38:38.720,3.359,100
2020-09-16 09:38:38.720,3.359,10000
2020-09-16 09:38:38.720,3.359,37200
2020-09-16 09:38:41.960,3.36,3000
2020-09-16 09:38:41.960,3.36,8200
2020-09-16 09:38:43.160,3.36,10000
2020-09-16 09:38:44.550,3.36,57500
2020-09-16 09:38:47.910,3.36,100
2020-09-16 09:38:49.110,3.36,1000
2020-09-16 09:38:50.160,3.361,900
2020-09-16 09:38:50.340,3.36,300
2020-09-16 09:38:50.600,3.36,57400
2020-09-16 09:38:52.690,3.36,1700
2020-09-16 09:38:53.750,3.36,10000
2020-09-16 09:38:53.780,3.36,3000
2020-09-16 09:38:56.570,3.36,57400
2020-09-16 09:38:57.340,3.361,3000
2020-09-16 09:38:58.700,3.361,100
2020-09-16 09:38:58.780,3.361,500
2020-09-16 09:38:58.780,3.361,4500
2020-09-16 09:39:00.290,3.36,2000
2020-09-16 09:39:02.000,3.36,11300
2020-09-16 09:39:02.690,3.36,57400
2020-09-16 09:39:04.010,3.36,3300
2020-09-16 09:39:05.340,3.361,700
2020-09-16 09:39:06.940,3.36,1000
2020-09-16 09:39:07.340,3.361,500
2020-09-16 09:39:08.700,3.36,18100
2020-09-16 09:39:08.700,3.36,200
2020-09-16 09:39:08.700,3.36,1000
2020-09-16 09:39:08.700,3.36,500
2020-09-16 09:39:08.700,3.36,2100
2020-09-16 09:39:08.700,3.36,200
2020-09-16 09:39:10.010,3.359,100
2020-09-16 09:39:10.010,3.359,900
2020-09-16 09:39:12.890,3.36,300
2020-09-16 09:39:13.120,3.36,3600
2020-09-16 09:39:16.050,3.36,1000
2020-09-16 09:39:16.770,3.36,15000
2020-09-16 09:39:17.060,3.359,100
2020-09-16 09:39:17.060,3.359,2000
2020-09-16 09:39:17.060,3.358,2800
2020-09-16 09:39:20.980,3.359,57400
2020-09-16 09:39:21.160,3.359,400
2020-09-16 09:39:22.760,3.359,20000
2020-09-16 09:39:22.760,3.359,30000
2020-09-16 09:39:22.760,3.359,30000
2020-09-16 09:39:22.760,3.359,30000
2020-09-16 09:39:22.910,3.359,20000
2020-09-16 09:39:22.910,3.359,50000
2020-09-16 09:39:22.910,3.359,50000
2020-09-16 09:39:22.910,3.359,10000
2020-09-16 09:39:22.910,3.359,1900
2020-09-16 09:39:22.910,3.359,3300
2020-09-16 09:39:26.020,3.358,17200
2020-09-16 09:39:26.020,3.358,12800
2020-09-16 09:39:26.020,3.358,10000
2020-09-16 09:39:26.020,3.358,17400
2020-09-16 09:39:26.020,3.358,2600
2020-09-16 09:39:26.020,3.358,12400
2020-09-16 09:39:26.020,3.358,10000
2020-09-16 09:39:26.020,3.358,200
2020-09-16 09:39:26.020,3.358,5000
2020-09-16 09:39:26.020,3.358,200
2020-09-16 09:39:26.020,3.358,2000
2020-09-16 09:39:26.020,3.358,200
2020-09-16 09:39:26.020,3.358,7200
2020-09-16 09:39:26.020,3.358,21600
2020-09-16 09:39:26.020,3.358,1200
2020-09-16 09:39:26.020,3.358,19300
2020-09-16 09:39:26.020,3.358,500
2020-09-16 09:39:26.020,3.358,200
2020-09-16 09:39:26.020,3.358,500
2020-09-16 09:39:26.020,3.358,100
2020-09-16 09:39:26.020,3.358,3000
2020-09-16 09:39:26.020,3.358,4100
2020-09-16 09:39:26.020,3.358,600
2020-09-16 09:39:26.020,3.358,5000
2020-09-16 09:39:26.020,3.358,900
2020-09-16 09:39:27.730,3.358,1300
2020-09-16 09:39:27.730,3.358,8700
2020-09-16 09:39:28.900,3.357,5000
2020-09-16 09:39:28.900,3.357,100
2020-09-16 09:39:28.900,3.357,200
2020-09-16 09:39:28.900,3.357,7000
2020-09-16 09:39:28.900,3.357,100000
2020-09-16 09:39:28.900,3.357,100
2020-09-16 09:39:28.900,3.357,1000
2020-09-16 09:39:28.900,3.357,1000
2020-09-16 09:39:28.900,3.357,8800
2020-09-16 09:39:28.900,3.357,100
2020-09-16 09:39:28.900,3.357,3000
2020-09-16 09:39:29.340,3.357,100
2020-09-16 09:39:31.480,3.356,200
2020-09-16 09:39:31.480,3.356,100
2020-09-16 09:39:31.480,3.356,10000
2020-09-16 09:39:31.480,3.356,1000
2020-09-16 09:39:31.480,3.356,200
2020-09-16 09:39:31.480,3.356,7000
2020-09-16 09:39:31.480,3.356,500
2020-09-16 09:39:31.480,3.356,500
2020-09-16 09:39:31.480,3.356,40500
2020-09-16 09:39:32.780,3.356,2000
2020-09-16 09:39:36.550,3.356,56500
2020-09-16 09:39:38.620,3.356,1000
2020-09-16 09:39:38.620,3.356,100
2020-09-16 09:39:38.620,3.356,10000
2020-09-16 09:39:38.620,3.356,5000
2020-09-16 09:39:38.620,3.356,100
2020-09-16 09:39:38.620,3.356,1000
2020-09-16 09:39:38.620,3.356,40200
2020-09-16 09:39:39.250,3.357,10000
2020-09-16 09:39:39.380,3.357,5000
2020-09-16 09:39:39.520,3.356,10000
2020-09-16 09:39:41.010,3.356,30000
2020-09-16 09:39:42.140,3.357,158600
2020-09-16 09:39:42.140,3.357,57500
2020-09-16 09:39:43.940,3.357,20000
2020-09-16 09:39:44.680,3.357,57500
2020-09-16 09:39:45.760,3.357,3000
2020-09-16 09:39:46.470,3.357,3500
2020-09-16 09:39:46.470,3.357,5000
2020-09-16 09:39:46.470,3.356,74000
2020-09-16 09:39:46.500,3.356,1000
2020-09-16 09:39:47.550,3.356,20000
2020-09-16 09:39:49.440,3.356,30000
2020-09-16 09:39:50.190,3.356,6100
2020-09-16 09:39:51.990,3.357,30000
2020-09-16 09:39:52.540,3.356,88700
2020-09-16 09:39:52.540,3.356,7100
2020-09-16 09:39:52.540,3.356,1600
2020-09-16 09:39:52.540,3.356,4000
2020-09-16 09:39:52.540,3.356,10000
2020-09-16 09:39:53.260,3.356,100
2020-09-16 09:39:54.550,3.356,6000
2020-09-16 09:39:54.850,3.356,3000
2020-09-16 09:39:55.870,3.356,5800
2020-09-16 09:39:56.080,3.356,173700
2020-09-16 09:39:56.080,3.356,7500
2020-09-16 09:39:56.080,3.357,100
2020-09-16 09:39:56.680,3.356,57500
2020-09-16 09:39:59.710,3.356,20000
2020-09-16 09:39:59.830,3.356,1000
2020-09-16 09:40:02.720,3.356,10300
2020-09-16 09:40:02.720,3.356,100
2020-09-16 09:40:02.720,3.356,3000
2020-09-16 09:40:02.720,3.355,10000
2020-09-16 09:40:02.720,3.355,600
2020-09-16 09:40:02.720,3.355,100
2020-09-16 09:40:02.720,3.355,1000
2020-09-16 09:40:02.720,3.355,200
2020-09-16 09:40:02.720,3.355,100
2020-09-16 09:40:02.720,3.355,15000
2020-09-16 09:40:02.720,3.355,7000
2020-09-16 09:40:02.720,3.355,10100
2020-09-16 09:40:03.130,3.356,300
2020-09-16 09:40:03.300,3.357,100
2020-09-16 09:40:03.840,3.357,100
2020-09-16 09:40:04.380,3.356,4300
2020-09-16 09:40:04.560,3.356,1000
2020-09-16 09:40:05.940,3.357,20000
2020-09-16 09:40:05.940,3.356,10000
2020-09-16 09:40:06.060,3.356,4700
2020-09-16 09:40:06.060,3.356,3000
2020-09-16 09:40:06.060,3.356,1000
2020-09-16 09:40:06.060,3.356,1000
2020-09-16 09:40:06.060,3.355,19900
2020-09-16 09:40:06.060,3.355,500
2020-09-16 09:40:06.060,3.355,100000
2020-09-16 09:40:06.060,3.355,100
2020-09-16 09:40:06.060,3.355,100
2020-09-16 09:40:06.060,3.355,100
2020-09-16 09:40:06.060,3.355,5000
2020-09-16 09:40:06.060,3.355,500
2020-09-16 09:40:06.060,3.355,1000
2020-09-16 09:40:06.060,3.355,5000
2020-09-16 09:40:06.060,3.355,21900
2020-09-16 09:40:06.060,3.355,100000
2020-09-16 09:40:06.060,3.355,10000
2020-09-16 09:40:06.060,3.355,10000
2020-09-16 09:40:06.060,3.355,1000
2020-09-16 09:40:06.060,3.355,1000
2020-09-16 09:40:06.060,3.355,100
2020-09-16 09:40:06.060,3.355,1000
2020-09-16 09:40:06.060,3.355,13100
2020-09-16 09:40:06.180,3.357,1400
2020-09-16 09:40:06.540,3.356,3300
2020-09-16 09:40:07.830,3.356,1700
2020-09-16 09:40:08.210,3.356,3900
2020-09-16 09:40:08.210,3.355,10400
2020-09-16 09:40:08.210,3.355,5000
2020-09-16 09:40:08.210,3.355,5000
2020-09-16 09:40:08.210,3.355,100
2020-09-16 09:40:08.210,3.355,200
2020-09-16 09:40:08.210,3.355,100
2020-09-16 09:40:08.210,3.355,1900
2020-09-16 09:40:08.210,3.355,23400
2020-09-16 09:40:08.930,3.356,1000
2020-09-16 09:40:09.420,3.356,3000
2020-09-16 09:40:10.540,3.356,200
2020-09-16 09:40:11.300,3.356,5000
2020-09-16 09:40:11.880,3.356,48200
2020-09-16 09:40:14.170,3.356,100
2020-09-16 09:40:14.940,3.356,51700
2020-09-16 09:40:14.940,3.356,3100
2020-09-16 09:40:14.940,3.356,600
2020-09-16 09:40:14.960,3.356,2100
2020-09-16 09:40:15.430,3.356,1500
2020-09-16 09:40:16.070,3.356,150000
2020-09-16 09:40:17.280,3.357,200
2020-09-16 09:40:18.240,3.357,5600
2020-09-16 09:40:18.240,3.357,3000
2020-09-16 09:40:18.240,3.357,100
2020-09-16 09:40:18.240,3.357,9300
2020-09-16 09:40:18.750,3.356,4500
2020-09-16 09:40:19.740,3.357,1000
2020-09-16 09:40:20.340,3.357,100
2020-09-16 09:40:20.890,3.357,57500
2020-09-16 09:40:21.040,3.357,100
2020-09-16 09:40:22.000,3.358,57500
2020-09-16 09:40:22.000,3.358,10000
2020-09-16 09:40:22.000,3.358,10000
2020-09-16 09:40:24.280,3.358,1100
2020-09-16 09:40:27.030,3.358,57500
2020-09-16 09:40:28.240,3.358,300
2020-09-16 09:40:29.710,3.358,6200
2020-09-16 09:40:29.800,3.358,1000
2020-09-16 09:40:30.000,3.359,10000
2020-09-16 09:40:30.000,3.359,10000
2020-09-16 09:40:30.000,3.359,10000
2020-09-16 09:40:30.000,3.359,10000
2020-09-16 09:40:30.000,3.359,10000
2020-09-16 09:40:30.000,3.359,10000
2020-09-16 09:40:30.000,3.359,10000
2020-09-16 09:40:30.000,3.359,10000
2020-09-16 09:40:30.000,3.359,10000
2020-09-16 09:40:30.550,3.359,1600
2020-09-16 09:40:31.360,3.359,8400
2020-09-16 09:40:31.360,3.358,11600
2020-09-16 09:40:32.990,3.358,57400
2020-09-16 09:40:34.220,3.358,600
2020-09-16 09:40:34.920,3.358,5000
2020-09-16 09:40:36.050,3.358,600
2020-09-16 09:40:37.930,3.359,600
2020-09-16 09:40:37.930,3.358,81200
2020-09-16 09:40:37.930,3.358,10600
2020-09-16 09:40:37.930,3.358,1000
2020-09-16 09:40:37.930,3.358,100
2020-09-16 09:40:37.930,3.358,88000
2020-09-16 09:40:37.930,3.358,118500
2020-09-16 09:40:37.930,3.358,300000
2020-09-16 09:40:38.880,3.358,57500
2020-09-16 09:40:43.060,3.359,3000
2020-09-16 09:40:43.060,3.358,297000
2020-09-16 09:40:44.170,3.359,400
2020-09-16 09:40:44.930,3.358,57400
2020-09-16 09:40:46.010,3.358,700
2020-09-16 09:40:48.600,3.358,68900
2020-09-16 09:40:48.600,3.358,1000
2020-09-16 09:40:48.600,3.358,230100
2020-09-16 09:40:48.600,3.358,300000
2020-09-16 09:40:48.930,3.358,1000
2020-09-16 09:40:49.270,3.359,140000
2020-09-16 09:40:49.970,3.358,300000
2020-09-16 09:40:50.570,3.359,10000
2020-09-16 09:40:50.950,3.358,57500
2020-09-16 09:40:51.220,3.359,33800
2020-09-16 09:40:53.300,3.359,100
2020-09-16 09:40:55.150,3.358,10000
2020-09-16 09:40:57.070,3.358,1400
2020-09-16 09:40:57.070,3.358,56000
2020-09-16 09:40:58.840,3.359,1000
2020-09-16 09:40:59.670,3.359,2000
2020-09-16 09:41:00.010,3.359,4400
2020-09-16 09:41:02.830,3.359,10000
2020-09-16 09:41:02.890,3.359,2100
2020-09-16 09:41:03.090,3.358,57400
2020-09-16 09:41:03.240,3.359,400
2020-09-16 09:41:03.240,3.359,2400
2020-09-16 09:41:04.920,3.359,5600
2020-09-16 09:41:04.920,3.359,1000
2020-09-16 09:41:04.920,3.359,18300
2020-09-16 09:41:09.150,3.359,57500
2020-09-16 09:41:11.570,3.36,5000
2020-09-16 09:41:14.290,3.359,4200
2020-09-16 09:41:15.060,3.359,57400
2020-09-16 09:41:15.960,3.36,10400
2020-09-16 09:41:15.960,3.36,57400
2020-09-16 09:41:15.960,3.36,200
2020-09-16 09:41:15.960,3.36,11200
2020-09-16 09:41:15.960,3.36,11300
2020-09-16 09:41:15.960,3.36,11200
2020-09-16 09:41:15.960,3.36,11300
2020-09-16 09:41:15.960,3.36,11200
2020-09-16 09:41:15.960,3.36,700
2020-09-16 09:41:15.960,3.36,13300
2020-09-16 09:41:15.960,3.36,30700
2020-09-16 09:41:15.960,3.36,11300
2020-09-16 09:41:15.960,3.36,100
2020-09-16 09:41:15.960,3.36,400
2020-09-16 09:41:20.950,3.361,6800
2020-09-16 09:41:20.950,3.361,293200
2020-09-16 09:41:21.150,3.36,57400
2020-09-16 09:41:21.980,3.36,11200
2020-09-16 09:41:24.650,3.361,6100
2020-09-16 09:41:24.710,3.36,13900
2020-09-16 09:41:27.120,3.36,57500
2020-09-16 09:41:27.950,3.36,500
2020-09-16 09:41:27.970,3.361,200700
2020-09-16 09:41:27.970,3.361,19000
2020-09-16 09:41:29.480,3.361,30000
2020-09-16 09:41:29.480,3.361,10000
2020-09-16 09:41:29.480,3.361,30000
2020-09-16 09:41:30.220,3.361,1000
2020-09-16 09:41:30.990,3.361,100
2020-09-16 09:41:31.860,3.361,9200
2020-09-16 09:41:31.860,3.361,10000
2020-09-16 09:41:31.860,3.361,280800
2020-09-16 09:41:32.320,3.361,100
2020-09-16 09:41:32.490,3.361,10000
2020-09-16 09:41:33.240,3.361,9100
2020-09-16 09:41:33.240,3.36,48300
2020-09-16 09:41:33.550,3.36,300000
2020-09-16 09:41:35.450,3.36,230500
2020-09-16 09:41:35.450,3.36,20000
2020-09-16 09:41:35.450,3.36,600
2020-09-16 09:41:35.450,3.36,10000
2020-09-16 09:41:35.450,3.36,38900
2020-09-16 09:41:36.130,3.361,3000
2020-09-16 09:41:36.250,3.361,400
2020-09-16 09:41:38.100,3.361,2700
2020-09-16 09:41:38.270,3.36,20000
2020-09-16 09:41:40.570,3.36,50000
2020-09-16 09:41:40.920,3.361,3000
2020-09-16 09:41:41.610,3.361,300
2020-09-16 09:41:41.930,3.36,11300
2020-09-16 09:41:42.760,3.361,5000
2020-09-16 09:41:43.440,3.361,1000
2020-09-16 09:41:44.570,3.36,38700
2020-09-16 09:41:44.570,3.36,100
2020-09-16 09:41:44.570,3.36,400
2020-09-16 09:41:44.570,3.36,1000
2020-09-16 09:41:44.570,3.36,3000
2020-09-16 09:41:44.840,3.36,200
2020-09-16 09:41:45.070,3.359,115900
2020-09-16 09:41:45.070,3.359,800
2020-09-16 09:41:45.070,3.359,183300
2020-09-16 09:41:47.140,3.36,100
2020-09-16 09:41:47.590,3.359,300000
2020-09-16 09:41:48.730,3.36,1000
2020-09-16 09:41:50.460,3.359,300000
2020-09-16 09:41:50.670,3.359,60000
2020-09-16 09:41:50.700,3.36,2000
2020-09-16 09:41:50.890,3.36,100
2020-09-16 09:41:51.080,3.359,56700
2020-09-16 09:41:51.080,3.359,700
2020-09-16 09:41:51.140,3.359,1800
2020-09-16 09:41:52.490,3.36,100
2020-09-16 09:41:53.000,3.36,1000
2020-09-16 09:41:56.150,3.36,20000
2020-09-16 09:41:57.110,3.359,7500
2020-09-16 09:41:57.110,3.359,49900
2020-09-16 09:41:57.660,3.359,5400
2020-09-16 09:41:59.620,3.36,20000
2020-09-16 09:42:00.100,3.36,2000
2020-09-16 09:42:02.350,3.359,4700
2020-09-16 09:42:02.350,3.359,20000
2020-09-16 09:42:02.350,3.359,1000
2020-09-16 09:42:02.350,3.359,100
2020-09-16 09:42:02.350,3.359,200
2020-09-16 09:42:02.350,3.359,100
2020-09-16 09:42:02.350,3.359,273900
2020-09-16 09:42:02.520,3.359,26100
2020-09-16 09:42:02.640,3.358,126600
2020-09-16 09:42:02.640,3.358,1000
2020-09-16 09:42:02.640,3.358,500
2020-09-16 09:42:02.640,3.358,1500
2020-09-16 09:42:02.640,3.358,170400
2020-09-16 09:42:02.640,3.358,129600
2020-09-16 09:42:02.640,3.358,6000
2020-09-16 09:42:02.640,3.358,1000
2020-09-16 09:42:02.640,3.358,1000
2020-09-16 09:42:02.640,3.358,162400
2020-09-16 09:42:02.640,3.358,137600
2020-09-16 09:42:02.640,3.358,1500
2020-09-16 09:42:02.640,3.358,50000
2020-09-16 09:42:02.640,3.358,5000
2020-09-16 09:42:02.640,3.358,1500
2020-09-16 09:42:02.640,3.358,10000
2020-09-16 09:42:02.640,3.358,6000
2020-09-16 09:42:02.640,3.358,5000
2020-09-16 09:42:03.490,3.358,4000
2020-09-16 09:42:05.530,3.358,7600
2020-09-16 09:42:05.920,3.358,1000
2020-09-16 09:42:06.670,3.358,19600
2020-09-16 09:42:07.950,3.358,9400
2020-09-16 09:42:09.840,3.358,100
2020-09-16 09:42:11.930,3.358,9600
2020-09-16 09:42:12.270,3.358,300
2020-09-16 09:42:12.540,3.358,4000
2020-09-16 09:42:13.150,3.357,200
2020-09-16 09:42:13.150,3.357,5000
2020-09-16 09:42:13.150,3.357,600
2020-09-16 09:42:13.150,3.357,22000
2020-09-16 09:42:13.180,3.357,5000
2020-09-16 09:42:15.190,3.357,57500
2020-09-16 09:42:15.250,3.357,1800
2020-09-16 09:42:15.480,3.358,2000
2020-09-16 09:42:16.410,3.357,1000
2020-09-16 09:42:16.720,3.358,200
2020-09-16 09:42:19.020,3.357,100
2020-09-16 09:42:20.260,3.357,100
2020-09-16 09:42:21.120,3.357,12500
2020-09-16 09:42:21.120,3.357,44900
2020-09-16 09:42:22.570,3.358,3000
2020-09-16 09:42:23.850,3.358,10000
2020-09-16 09:42:24.630,3.358,42200
2020-09-16 09:42:24.630,3.358,5000
2020-09-16 09:42:24.630,3.358,7200
2020-09-16 09:42:24.630,3.358,45600
2020-09-16 09:42:26.440,3.358,4400
2020-09-16 09:42:26.440,3.359,600
2020-09-16 09:42:26.710,3.357,1200
2020-09-16 09:42:26.840,3.359,3000
2020-09-16 09:42:27.290,3.358,3000
2020-09-16 09:42:27.290,3.357,13000
2020-09-16 09:42:27.290,3.357,41500
2020-09-16 09:42:32.030,3.359,2000
2020-09-16 09:42:33.270,3.358,100
2020-09-16 09:42:33.270,3.358,1500
2020-09-16 09:42:33.270,3.358,1000
2020-09-16 09:42:33.270,3.357,54900
2020-09-16 09:42:33.750,3.357,2000
2020-09-16 09:42:34.130,3.357,201600
2020-09-16 09:42:34.130,3.357,1000
2020-09-16 09:42:34.130,3.357,100
2020-09-16 09:42:34.130,3.357,1000
2020-09-16 09:42:34.130,3.357,96300
2020-09-16 09:42:39.840,3.359,1000
2020-09-16 09:42:39.930,3.358,10000
2020-09-16 09:42:39.930,3.358,1500
2020-09-16 09:42:41.560,3.358,500
2020-09-16 09:42:43.640,3.358,100
2020-09-16 09:42:43.860,3.358,1000
2020-09-16 09:42:45.360,3.358,57400
2020-09-16 09:42:45.360,3.358,17000
2020-09-16 09:42:46.170,3.358,25600
2020-09-16 09:42:50.370,3.358,31900
2020-09-16 09:42:50.370,3.358,39900
2020-09-16 09:42:50.370,3.358,1600
2020-09-16 09:42:52.200,3.358,57400
2020-09-16 09:42:52.470,3.358,1100
2020-09-16 09:42:54.320,3.359,2500
2020-09-16 09:42:54.320,3.359,2500
2020-09-16 09:42:56.230,3.358,3000
2020-09-16 09:42:58.230,3.358,57500
2020-09-16 09:42:58.440,3.359,100
2020-09-16 09:42:59.800,3.358,1300
2020-09-16 09:43:00.160,3.359,29400
2020-09-16 09:43:02.890,3.358,5200
2020-09-16 09:43:04.200,3.358,57400
2020-09-16 09:43:05.030,3.358,5900
2020-09-16 09:43:05.150,3.358,37800
2020-09-16 09:43:05.150,3.358,1500
2020-09-16 09:43:05.150,3.358,3000
2020-09-16 09:43:05.150,3.358,400
2020-09-16 09:43:05.150,3.358,50000
2020-09-16 09:43:05.150,3.357,3700
2020-09-16 09:43:05.150,3.357,10000
2020-09-16 09:43:05.150,3.357,300
2020-09-16 09:43:05.150,3.357,10000
2020-09-16 09:43:05.150,3.357,400
2020-09-16 09:43:05.150,3.357,10000
2020-09-16 09:43:05.150,3.357,5000
2020-09-16 09:43:05.150,3.357,2000
2020-09-16 09:43:05.150,3.357,1000
2020-09-16 09:43:05.150,3.357,164900
2020-09-16 09:43:09.690,3.358,100
2020-09-16 09:43:11.160,3.357,10000
2020-09-16 09:43:13.270,3.357,7300
2020-09-16 09:43:15.150,3.357,3000
2020-09-16 09:43:15.450,3.357,100
2020-09-16 09:43:15.560,3.357,300
2020-09-16 09:43:15.560,3.358,500
2020-09-16 09:43:15.560,3.358,1500
2020-09-16 09:43:15.560,3.358,8000
2020-09-16 09:43:16.390,3.357,57400
2020-09-16 09:43:17.050,3.357,57000
2020-09-16 09:43:17.050,3.357,3000
2020-09-16 09:43:17.050,3.357,240000
2020-09-16 09:43:18.620,3.357,10000
2020-09-16 09:43:20.560,3.357,50000
2020-09-16 09:43:20.560,3.357,10000
2020-09-16 09:43:20.560,3.357,5000
2020-09-16 09:43:20.560,3.357,2400
2020-09-16 09:43:20.560,3.357,10000
2020-09-16 09:43:20.620,3.357,100
2020-09-16 09:43:20.920,3.357,172500
2020-09-16 09:43:20.920,3.357,1500
2020-09-16 09:43:22.400,3.357,57500
2020-09-16 09:43:24.120,3.357,9600
2020-09-16 09:43:24.590,3.357,58900
2020-09-16 09:43:24.590,3.356,3000
2020-09-16 09:43:24.590,3.356,100
2020-09-16 09:43:24.590,3.356,400
2020-09-16 09:43:24.590,3.356,200
2020-09-16 09:43:24.590,3.356,5000
2020-09-16 09:43:24.590,3.356,100
2020-09-16 09:43:24.590,3.356,1000
2020-09-16 09:43:24.590,3.356,2000
2020-09-16 09:43:24.590,3.356,1000
2020-09-16 09:43:24.590,3.356,75700
2020-09-16 09:43:26.280,3.358,1400
2020-09-16 09:43:28.300,3.356,57500
2020-09-16 09:43:28.680,3.357,1300
2020-09-16 09:43:28.680,3.357,1000
2020-09-16 09:43:29.050,3.357,1200
2020-09-16 09:43:29.220,3.357,4000
2020-09-16 09:43:31.860,3.356,1200
2020-09-16 09:43:32.100,3.357,300
2020-09-16 09:43:32.620,3.356,3000
2020-09-16 09:43:34.440,3.356,57500
2020-09-16 09:43:35.490,3.357,3100
2020-09-16 09:43:35.840,3.357,300
2020-09-16 09:43:38.260,3.357,200
2020-09-16 09:43:38.330,3.356,100
2020-09-16 09:43:40.240,3.357,100
2020-09-16 09:43:40.240,3.356,57300
2020-09-16 09:43:46.330,3.357,5000
2020-09-16 09:43:46.330,3.356,47700
2020-09-16 09:43:46.330,3.356,4800
2020-09-16 09:43:47.550,3.356,10000
2020-09-16 09:43:49.360,3.358,1900
2020-09-16 09:43:52.320,3.357,57500
2020-09-16 09:43:52.870,3.357,100000
2020-09-16 09:43:53.750,3.357,8000
2020-09-16 09:43:56.320,3.357,40000
2020-09-16 09:43:58.340,3.357,57500
2020-09-16 09:43:59.320,3.357,500
2020-09-16 09:43:59.720,3.357,2000
2020-09-16 09:43:59.860,3.357,5300
2020-09-16 09:44:00.280,3.357,1000
2020-09-16 09:44:00.630,3.358,300
2020-09-16 09:44:01.710,3.357,28200
2020-09-16 09:44:01.710,3.357,1000
2020-09-16 09:44:01.710,3.357,4000
2020-09-16 09:44:01.710,3.357,5800
2020-09-16 09:44:03.140,3.357,30000
2020-09-16 09:44:04.370,3.357,57400
2020-09-16 09:44:06.420,3.357,2000
2020-09-16 09:44:06.650,3.358,45900
2020-09-16 09:44:06.650,3.358,400
2020-09-16 09:44:06.650,3.358,4200
2020-09-16 09:44:06.650,3.358,284600
2020-09-16 09:44:06.650,3.358,3200
2020-09-16 09:44:06.650,3.358,46800
2020-09-16 09:44:06.650,3.358,1800
2020-09-16 09:44:06.650,3.358,26700
2020-09-16 09:44:06.650,3.358,1100
2020-09-16 09:44:06.650,3.358,5000
2020-09-16 09:44:07.400,3.358,29900
2020-09-16 09:44:07.670,3.358,2300
2020-09-16 09:44:08.130,3.358,300000
2020-09-16 09:44:10.020,3.358,5000
2020-09-16 09:44:10.480,3.358,57500
2020-09-16 09:44:12.470,3.358,3300
2020-09-16 09:44:13.170,3.358,14300
2020-09-16 09:44:18.650,3.358,1700
2020-09-16 09:44:18.650,3.358,28300
2020-09-16 09:44:18.850,3.358,20000
2020-09-16 09:44:20.330,3.358,9100
2020-09-16 09:44:20.330,3.359,25500
2020-09-16 09:44:20.330,3.359,3000
2020-09-16 09:44:20.330,3.359,88600
2020-09-16 09:44:20.330,3.359,1000
2020-09-16 09:44:20.330,3.359,10000
2020-09-16 09:44:20.330,3.359,50000
2020-09-16 09:44:20.330,3.359,14300
2020-09-16 09:44:20.330,3.359,1000
2020-09-16 09:44:20.330,3.359,8000
2020-09-16 09:44:20.330,3.359,1000
2020-09-16 09:44:20.330,3.36,404300
2020-09-16 09:44:20.330,3.36,57400
2020-09-16 09:44:20.330,3.36,6000
2020-09-16 09:44:20.330,3.36,11200
2020-09-16 09:44:20.330,3.36,500
2020-09-16 09:44:20.330,3.36,11300
2020-09-16 09:44:20.330,3.36,500
2020-09-16 09:44:20.330,3.36,11300
2020-09-16 09:44:20.330,3.36,33000
2020-09-16 09:44:20.330,3.36,11200
2020-09-16 09:44:20.330,3.36,11200
2020-09-16 09:44:20.330,3.36,100
2020-09-16 09:44:20.330,3.36,11300
2020-09-16 09:44:20.330,3.36,11200
2020-09-16 09:44:20.330,3.36,8000
2020-09-16 09:44:20.330,3.36,20000
2020-09-16 09:44:20.330,3.36,21100
2020-09-16 09:44:20.720,3.36,10000
2020-09-16 09:44:20.720,3.36,30000
2020-09-16 09:44:21.880,3.36,11300
2020-09-16 09:44:22.550,3.36,7600
2020-09-16 09:44:22.550,3.359,500
2020-09-16 09:44:22.550,3.358,93000
2020-09-16 09:44:22.550,3.357,51100
2020-09-16 09:44:22.630,3.357,33700
2020-09-16 09:44:22.630,3.357,2000
2020-09-16 09:44:22.630,3.357,21800
2020-09-16 09:44:26.290,3.36,6200
2020-09-16 09:44:26.740,3.359,100
2020-09-16 09:44:32.540,3.36,7500
2020-09-16 09:44:34.630,3.359,200
2020-09-16 09:44:34.630,3.359,500
2020-09-16 09:44:36.630,3.359,200
2020-09-16 09:44:37.090,3.358,4000
2020-09-16 09:44:37.110,3.359,10000
2020-09-16 09:44:39.800,3.359,46500
2020-09-16 09:44:39.800,3.359,10000
2020-09-16 09:44:40.440,3.359,57500
2020-09-16 09:44:41.890,3.359,100
2020-09-16 09:44:44.550,3.359,300000
2020-09-16 09:44:46.300,3.359,200
2020-09-16 09:44:46.510,3.359,57400
2020-09-16 09:44:47.310,3.36,100
2020-09-16 09:44:48.400,3.36,5000
2020-09-16 09:44:49.350,3.359,3000
2020-09-16 09:44:51.180,3.36,1300
2020-09-16 09:44:52.500,3.359,57500
2020-09-16 09:44:58.040,3.359,3300
2020-09-16 09:44:58.070,3.359,300000
2020-09-16 09:44:58.600,3.359,57400
2020-09-16 09:45:00.040,3.359,7100
2020-09-16 09:45:00.040,3.359,200
2020-09-16 09:45:00.040,3.359,3100
2020-09-16 09:45:00.040,3.359,2000
2020-09-16 09:45:00.040,3.359,6000
2020-09-16 09:45:00.040,3.359,9500
2020-09-16 09:45:00.040,3.359,2900
2020-09-16 09:45:02.790,3.359,400
2020-09-16 09:45:02.820,3.358,300000
2020-09-16 09:45:03.840,3.358,500
2020-09-16 09:45:03.840,3.357,8300
2020-09-16 09:45:04.900,3.358,100
2020-09-16 09:45:04.900,3.357,8800
2020-09-16 09:45:05.220,3.359,10000
2020-09-16 09:45:06.580,3.357,45800
2020-09-16 09:45:09.680,3.359,1500
2020-09-16 09:45:10.840,3.358,100
2020-09-16 09:45:11.330,3.357,215300
2020-09-16 09:45:11.330,3.357,1000
2020-09-16 09:45:11.330,3.357,100
2020-09-16 09:45:11.330,3.357,10000
2020-09-16 09:45:11.330,3.357,30900
2020-09-16 09:45:12.260,3.358,300
2020-09-16 09:45:13.850,3.358,17600
2020-09-16 09:45:14.090,3.358,1000
2020-09-16 09:45:14.710,3.357,3000
2020-09-16 09:45:14.710,3.358,38500
2020-09-16 09:45:14.710,3.359,3000
2020-09-16 09:45:14.710,3.359,57400
2020-09-16 09:45:14.710,3.359,100
2020-09-16 09:45:14.710,3.359,1000
2020-09-16 09:45:15.840,3.359,500
2020-09-16 09:45:16.670,3.357,57400
2020-09-16 09:45:18.100,3.357,208700
2020-09-16 09:45:18.100,3.357,1200
2020-09-16 09:45:18.100,3.357,10000
2020-09-16 09:45:18.100,3.357,100
2020-09-16 09:45:18.100,3.357,800
2020-09-16 09:45:18.100,3.357,79200
2020-09-16 09:45:18.490,3.358,5000
2020-09-16 09:45:18.930,3.358,1300
2020-09-16 09:45:20.770,3.356,5200
2020-09-16 09:45:20.770,3.356,100
2020-09-16 09:45:20.770,3.356,1000
2020-09-16 09:45:20.770,3.356,10000
2020-09-16 09:45:20.770,3.356,500
2020-09-16 09:45:20.770,3.356,10000
2020-09-16 09:45:20.770,3.356,26600
2020-09-16 09:45:21.790,3.357,1000
2020-09-16 09:45:22.140,3.357,1200
2020-09-16 09:45:22.170,3.356,16700
2020-09-16 09:45:22.670,3.357,500
2020-09-16 09:45:23.130,3.356,800
2020-09-16 09:45:26.590,3.357,300
2020-09-16 09:45:27.090,3.356,5900
2020-09-16 09:45:27.090,3.356,400
2020-09-16 09:45:27.090,3.356,300
2020-09-16 09:45:27.090,3.356,100000
2020-09-16 09:45:27.090,3.356,1000
2020-09-16 09:45:27.090,3.356,1000
2020-09-16 09:45:27.090,3.356,2000
2020-09-16 09:45:27.090,3.356,2000
2020-09-16 09:45:27.090,3.356,200
2020-09-16 09:45:27.090,3.356,10000
2020-09-16 09:45:27.090,3.356,3000
2020-09-16 09:45:27.090,3.356,100
2020-09-16 09:45:27.090,3.356,4300
2020-09-16 09:45:27.090,3.356,20000
2020-09-16 09:45:27.090,3.356,149800
2020-09-16 09:45:27.320,3.356,150200
2020-09-16 09:45:27.320,3.356,10000
2020-09-16 09:45:28.320,3.356,5000
2020-09-16 09:45:28.560,3.355,100
2020-09-16 09:45:28.560,3.355,100
2020-09-16 09:45:28.560,3.355,11200
2020-09-16 09:45:28.560,3.355,9700
2020-09-16 09:45:28.560,3.355,9900
2020-09-16 09:45:28.560,3.355,900
2020-09-16 09:45:28.560,3.355,10000
2020-09-16 09:45:28.560,3.355,13600
2020-09-16 09:45:32.230,3.356,500
2020-09-16 09:45:33.720,3.356,19000
2020-09-16 09:45:34.310,3.355,10000
2020-09-16 09:45:35.730,3.356,100
2020-09-16 09:45:36.750,3.356,500
2020-09-16 09:45:39.680,3.355,1000
2020-09-16 09:45:40.060,3.356,100
2020-09-16 09:45:40.760,3.355,57500
2020-09-16 09:45:41.040,3.355,10000
2020-09-16 09:45:43.980,3.355,125000
2020-09-16 09:45:45.080,3.356,19600
2020-09-16 09:45:46.590,3.355,5000
2020-09-16 09:45:46.750,3.355,57500
2020-09-16 09:45:49.830,3.356,92300
2020-09-16 09:45:49.830,3.356,57500
2020-09-16 09:45:49.830,3.356,20000
2020-09-16 09:45:49.830,3.356,50200
2020-09-16 09:45:49.950,3.355,28600
2020-09-16 09:45:50.530,3.355,2400
2020-09-16 09:45:51.480,3.355,100
2020-09-16 09:45:51.870,3.355,33300
2020-09-16 09:45:52.450,3.356,100
2020-09-16 09:45:52.520,3.356,300
2020-09-16 09:45:52.760,3.355,56000
2020-09-16 09:45:52.760,3.355,1500
2020-09-16 09:45:54.520,3.355,2000
2020-09-16 09:45:55.170,3.355,6500
2020-09-16 09:45:55.170,3.355,1000
2020-09-16 09:45:55.170,3.355,10000
2020-09-16 09:45:55.170,3.355,10000
2020-09-16 09:45:55.170,3.355,9000
2020-09-16 09:45:55.170,3.355,200
2020-09-16 09:45:55.170,3.355,100
2020-09-16 09:45:55.170,3.355,100
2020-09-16 09:45:55.170,3.355,1000
2020-09-16 09:45:55.170,3.355,1000
2020-09-16 09:45:55.170,3.355,500
2020-09-16 09:45:55.170,3.355,300
2020-09-16 09:45:55.170,3.355,700
2020-09-16 09:45:55.170,3.355,1000
2020-09-16 09:45:55.170,3.355,1000
2020-09-16 09:45:55.170,3.355,7900
2020-09-16 09:45:55.170,3.355,5000
2020-09-16 09:45:55.170,3.355,5000
2020-09-16 09:45:55.170,3.355,30000
2020-09-16 09:45:55.170,3.355,1000
2020-09-16 09:45:55.170,3.355,3000
2020-09-16 09:45:55.170,3.355,5700
2020-09-16 09:45:58.900,3.355,14300
2020-09-16 09:45:58.900,3.355,3000
2020-09-16 09:45:58.900,3.355,3000
2020-09-16 09:45:58.900,3.355,100
2020-09-16 09:45:58.900,3.355,400
2020-09-16 09:45:58.900,3.355,1400
2020-09-16 09:45:58.900,3.355,5000
2020-09-16 09:45:58.900,3.355,15200
2020-09-16 09:45:58.900,3.355,100
2020-09-16 09:45:58.900,3.355,100
2020-09-16 09:45:58.900,3.355,2000
2020-09-16 09:45:58.900,3.355,100
2020-09-16 09:45:59.590,3.355,3900
2020-09-16 09:45:59.680,3.355,8900
2020-09-16 09:46:03.340,3.355,700
2020-09-16 09:46:04.840,3.355,68100
2020-09-16 09:46:04.840,3.355,200
2020-09-16 09:46:04.840,3.354,100
2020-09-16 09:46:04.840,3.354,1000
2020-09-16 09:46:04.840,3.354,200
2020-09-16 09:46:04.840,3.354,10000
2020-09-16 09:46:04.840,3.354,7000
2020-09-16 09:46:04.840,3.354,13400
2020-09-16 09:46:05.280,3.355,5000
2020-09-16 09:46:05.410,3.355,52500
2020-09-16 09:46:07.330,3.355,4000
2020-09-16 09:46:10.950,3.355,57500
2020-09-16 09:46:12.310,3.355,5000
2020-09-16 09:46:13.260,3.356,5000
2020-09-16 09:46:13.790,3.355,7400
2020-09-16 09:46:16.810,3.355,57500
2020-09-16 09:46:17.820,3.356,1800
2020-09-16 09:46:17.820,3.356,1000
2020-09-16 09:46:17.820,3.356,5000
2020-09-16 09:46:17.820,3.356,2200
2020-09-16 09:46:17.870,3.355,500
2020-09-16 09:46:19.270,3.355,1000
2020-09-16 09:46:20.600,3.356,200
2020-09-16 09:46:23.010,3.355,57500
2020-09-16 09:46:23.530,3.355,1500
2020-09-16 09:46:24.920,3.356,5000
2020-09-16 09:46:25.100,3.355,4000
2020-09-16 09:46:25.660,3.356,5000
2020-09-16 09:46:28.180,3.356,37200
2020-09-16 09:46:28.980,3.355,57500
2020-09-16 09:46:30.370,3.356,3000
2020-09-16 09:46:34.990,3.355,57500
2020-09-16 09:46:35.500,3.355,58400
2020-09-16 09:46:40.450,3.356,100
2020-09-16 09:46:41.040,3.355,57500
2020-09-16 09:46:41.930,3.356,47300
2020-09-16 09:46:41.930,3.356,1000
2020-09-16 09:46:41.930,3.356,100
2020-09-16 09:46:41.930,3.356,2800
2020-09-16 09:46:42.280,3.356,7000
2020-09-16 09:46:43.840,3.356,30000
2020-09-16 09:46:45.450,3.356,1000
2020-09-16 09:46:45.860,3.356,100
2020-09-16 09:46:45.860,3.356,1200
2020-09-16 09:46:46.990,3.356,57500
2020-09-16 09:46:47.130,3.357,3000
2020-09-16 09:46:47.360,3.356,100000
2020-09-16 09:46:50.110,3.356,100
2020-09-16 09:46:53.010,3.356,51600
2020-09-16 09:46:53.010,3.356,1000
2020-09-16 09:46:53.010,3.356,4900
2020-09-16 09:46:57.970,3.356,5100
2020-09-16 09:46:57.970,3.356,11400
2020-09-16 09:46:57.970,3.356,16000
2020-09-16 09:46:57.970,3.356,200
2020-09-16 09:46:57.970,3.356,300
2020-09-16 09:47:00.330,3.356,25000
2020-09-16 09:47:00.790,3.355,2000
2020-09-16 09:47:06.540,3.356,5000
2020-09-16 09:47:09.610,3.355,157000
2020-09-16 09:47:11.080,3.355,57500
2020-09-16 09:47:17.100,3.355,57500
2020-09-16 09:47:17.290,3.355,3800
2020-09-16 09:47:17.510,3.355,10000
2020-09-16 09:47:17.670,3.355,9000
2020-09-16 09:47:18.530,3.356,3600
2020-09-16 09:47:18.610,3.356,99900
2020-09-16 09:47:23.230,3.355,57500
2020-09-16 09:47:24.450,3.355,3000
2020-09-16 09:47:26.330,3.355,730
2020-09-16 09:47:26.360,3.355,2000
2020-09-16 09:47:26.640,3.356,200
2020-09-16 09:47:27.910,3.356,100
2020-09-16 09:47:29.240,3.355,57500
2020-09-16 09:47:29.290,3.355,3170
2020-09-16 09:47:29.290,3.355,10000
2020-09-16 09:47:29.290,3.355,100
2020-09-16 09:47:29.290,3.355,100
2020-09-16 09:47:29.290,3.355,19830
2020-09-16 09:47:29.650,3.355,34900
2020-09-16 09:47:29.770,3.355,6000
2020-09-16 09:47:30.460,3.356,100
2020-09-16 09:47:31.220,3.355,2500
2020-09-16 09:47:32.570,3.355,36770
2020-09-16 09:47:32.570,3.355,5000
2020-09-16 09:47:32.570,3.355,200
2020-09-16 09:47:32.570,3.355,5000
2020-09-16 09:47:32.570,3.355,5000
2020-09-16 09:47:32.570,3.355,300
2020-09-16 09:47:32.570,3.355,100
2020-09-16 09:47:32.570,3.355,66800
2020-09-16 09:47:32.570,3.355,200
2020-09-16 09:47:32.570,3.355,5800
2020-09-16 09:47:32.570,3.355,200
2020-09-16 09:47:32.570,3.355,100100
2020-09-16 09:47:32.570,3.355,3000
2020-09-16 09:47:32.570,3.355,20000
2020-09-16 09:47:32.570,3.355,1000
2020-09-16 09:47:32.570,3.355,5000
2020-09-16 09:47:32.570,3.355,10000
2020-09-16 09:47:32.570,3.355,1000
2020-09-16 09:47:32.570,3.355,2000
2020-09-16 09:47:32.570,3.355,10600
2020-09-16 09:47:32.570,3.355,17900
2020-09-16 09:47:32.570,3.355,3000
2020-09-16 09:47:32.570,3.355,200
2020-09-16 09:47:32.570,3.355,830
2020-09-16 09:47:33.810,3.355,2000
2020-09-16 09:47:35.190,3.355,7170
2020-09-16 09:47:35.190,3.355,300
2020-09-16 09:47:35.190,3.355,1000
2020-09-16 09:47:35.190,3.355,49030
2020-09-16 09:47:38.230,3.355,3000
2020-09-16 09:47:40.500,3.356,10100
2020-09-16 09:47:40.610,3.355,100000
2020-09-16 09:47:40.910,3.355,6000
2020-09-16 09:47:41.250,3.355,57400
2020-09-16 09:47:42.530,3.355,5000
2020-09-16 09:47:44.180,3.355,80270
2020-09-16 09:47:44.180,3.355,500
2020-09-16 09:47:44.180,3.355,219230
2020-09-16 09:47:46.130,3.355,6000
2020-09-16 09:47:47.070,3.355,57500
2020-09-16 09:47:48.930,3.355,11200
2020-09-16 09:47:49.270,3.355,5000
2020-09-16 09:47:51.730,3.355,1070
2020-09-16 09:47:51.730,3.355,1000
2020-09-16 09:47:51.730,3.355,1230
2020-09-16 09:47:53.110,3.355,8770
2020-09-16 09:47:53.110,3.355,3000
2020-09-16 09:47:53.110,3.355,5000
2020-09-16 09:47:53.110,3.355,10600
2020-09-16 09:47:53.870,3.355,11400
2020-09-16 09:47:54.830,3.355,5200
2020-09-16 09:47:55.390,3.355,5000
2020-09-16 09:47:56.420,3.355,8530
2020-09-16 09:47:56.420,3.355,2000
2020-09-16 09:47:56.420,3.355,10000
2020-09-16 09:47:57.240,3.356,800
2020-09-16 09:47:57.460,3.355,1100
2020-09-16 09:47:59.200,3.355,57600
2020-09-16 09:48:00.900,3.355,20770
2020-09-16 09:48:00.900,3.355,10000
2020-09-16 09:48:01.350,3.355,100
2020-09-16 09:48:02.340,3.355,800
2020-09-16 09:48:03.640,3.355,5000
2020-09-16 09:48:04.650,3.354,7000
2020-09-16 09:48:04.650,3.354,10000
2020-09-16 09:48:04.650,3.354,5000
2020-09-16 09:48:04.650,3.354,100
2020-09-16 09:48:04.650,3.354,100
2020-09-16 09:48:04.650,3.354,100000
2020-09-16 09:48:04.650,3.354,100
2020-09-16 09:48:04.650,3.354,3000
2020-09-16 09:48:04.650,3.354,200
2020-09-16 09:48:04.650,3.354,500
2020-09-16 09:48:04.650,3.354,11000
2020-09-16 09:48:04.650,3.354,163000
2020-09-16 09:48:04.790,3.355,100
2020-09-16 09:48:06.050,3.355,5000
2020-09-16 09:48:06.630,3.354,300000
2020-09-16 09:48:07.000,3.355,200
2020-09-16 09:48:08.190,3.354,20000
2020-09-16 09:48:08.700,3.354,17000
2020-09-16 09:48:08.700,3.354,200
2020-09-16 09:48:08.700,3.354,3100
2020-09-16 09:48:08.700,3.354,2000
2020-09-16 09:48:08.700,3.354,200
2020-09-16 09:48:08.700,3.354,400
2020-09-16 09:48:08.700,3.354,5000
2020-09-16 09:48:08.700,3.354,100
2020-09-16 09:48:08.700,3.354,7700
2020-09-16 09:48:08.700,3.354,5000
2020-09-16 09:48:08.700,3.354,800
2020-09-16 09:48:08.700,3.354,200
2020-09-16 09:48:08.700,3.354,1500
2020-09-16 09:48:08.700,3.354,200
2020-09-16 09:48:08.700,3.354,29200
2020-09-16 09:48:08.700,3.354,5000
2020-09-16 09:48:08.700,3.354,2000
2020-09-16 09:48:08.700,3.354,15000
2020-09-16 09:48:08.700,3.354,3000
2020-09-16 09:48:08.700,3.354,10000
2020-09-16 09:48:08.700,3.354,3000
2020-09-16 09:48:08.700,3.354,1000
2020-09-16 09:48:08.700,3.354,100
2020-09-16 09:48:09.490,3.354,1000
2020-09-16 09:48:10.390,3.354,22900
2020-09-16 09:48:11.860,3.354,300
2020-09-16 09:48:12.460,3.354,10000
2020-09-16 09:48:14.150,3.354,111800
2020-09-16 09:48:14.150,3.354,500
2020-09-16 09:48:14.150,3.354,57500
2020-09-16 09:48:14.150,3.354,400
2020-09-16 09:48:14.150,3.354,33300
2020-09-16 09:48:16.390,3.354,2300
2020-09-16 09:48:17.190,3.354,57500
2020-09-16 09:48:17.500,3.354,500
2020-09-16 09:48:17.560,3.354,35900
2020-09-16 09:48:17.560,3.354,500
2020-09-16 09:48:17.560,3.353,500
2020-09-16 09:48:17.560,3.353,100
2020-09-16 09:48:17.560,3.353,1000
2020-09-16 09:48:17.560,3.353,200
2020-09-16 09:48:17.560,3.353,3100
2020-09-16 09:48:17.560,3.353,3100
2020-09-16 09:48:17.560,3.353,3100
2020-09-16 09:48:17.560,3.353,3600
2020-09-16 09:48:17.560,3.353,7000
2020-09-16 09:48:17.560,3.353,30000
2020-09-16 09:48:17.560,3.353,10000
2020-09-16 09:48:17.560,3.353,100
2020-09-16 09:48:17.560,3.353,54000
2020-09-16 09:48:19.110,3.353,46000
2020-09-16 09:48:19.110,3.353,800
2020-09-16 09:48:19.110,3.353,100
2020-09-16 09:48:19.110,3.353,5000
2020-09-16 09:48:19.110,3.353,6000
2020-09-16 09:48:19.110,3.353,5000
2020-09-16 09:48:19.110,3.353,10000
2020-09-16 09:48:19.110,3.353,5000
2020-09-16 09:48:19.110,3.353,10000
2020-09-16 09:48:19.110,3.353,100
2020-09-16 09:48:19.110,3.353,212000
2020-09-16 09:48:20.520,3.354,4000
2020-09-16 09:48:20.620,3.353,46000
2020-09-16 09:48:20.620,3.353,1700
2020-09-16 09:48:20.620,3.353,2000
2020-09-16 09:48:20.620,3.353,10000
2020-09-16 09:48:20.620,3.353,5000
2020-09-16 09:48:20.620,3.353,125300
2020-09-16 09:48:20.620,3.353,700
2020-09-16 09:48:20.620,3.353,1000
2020-09-16 09:48:20.620,3.353,2000
2020-09-16 09:48:20.620,3.353,8900
2020-09-16 09:48:20.620,3.353,100
2020-09-16 09:48:20.620,3.353,15000
2020-09-16 09:48:20.620,3.353,900
2020-09-16 09:48:20.620,3.352,200
2020-09-16 09:48:20.620,3.352,10000
2020-09-16 09:48:20.620,3.352,100
2020-09-16 09:48:20.620,3.352,1000
2020-09-16 09:48:20.620,3.352,200
2020-09-16 09:48:20.620,3.352,7000
2020-09-16 09:48:20.620,3.352,62900
2020-09-16 09:48:20.730,3.354,1000
2020-09-16 09:48:20.730,3.354,1500
2020-09-16 09:48:21.710,3.353,1000
2020-09-16 09:48:21.770,3.353,300
2020-09-16 09:48:22.510,3.353,100
2020-09-16 09:48:22.630,3.353,5300
2020-09-16 09:48:22.630,3.353,4500
2020-09-16 09:48:23.860,3.353,40000
2020-09-16 09:48:23.950,3.353,7400
2020-09-16 09:48:24.400,3.352,20000
2020-09-16 09:48:25.940,3.352,15400
2020-09-16 09:48:25.940,3.352,4600
2020-09-16 09:48:25.990,3.352,400
2020-09-16 09:48:25.990,3.352,500
2020-09-16 09:48:25.990,3.352,500
2020-09-16 09:48:25.990,3.352,100000
2020-09-16 09:48:25.990,3.352,20000
2020-09-16 09:48:25.990,3.352,5000
2020-09-16 09:48:25.990,3.352,200
2020-09-16 09:48:25.990,3.352,300
2020-09-16 09:48:25.990,3.352,600
2020-09-16 09:48:25.990,3.352,200
2020-09-16 09:48:25.990,3.352,100
2020-09-16 09:48:25.990,3.352,100
2020-09-16 09:48:25.990,3.352,5000
2020-09-16 09:48:25.990,3.352,100
2020-09-16 09:48:25.990,3.352,5000
2020-09-16 09:48:25.990,3.352,100
2020-09-16 09:48:25.990,3.352,10000
2020-09-16 09:48:25.990,3.352,100
2020-09-16 09:48:27.960,3.352,4000
2020-09-16 09:48:29.130,3.352,1000
2020-09-16 09:48:29.220,3.351,100
2020-09-16 09:48:29.220,3.351,8000
2020-09-16 09:48:29.220,3.351,10000
2020-09-16 09:48:29.220,3.351,1000
2020-09-16 09:48:29.220,3.351,200
2020-09-16 09:48:29.220,3.351,4500
2020-09-16 09:48:29.220,3.351,7000
2020-09-16 09:48:29.220,3.351,10000
2020-09-16 09:48:29.220,3.351,3000
2020-09-16 09:48:29.220,3.351,7000
2020-09-16 09:48:29.220,3.351,100
2020-09-16 09:48:29.220,3.351,32200
2020-09-16 09:48:29.480,3.351,3000
2020-09-16 09:48:29.600,3.352,1000
2020-09-16 09:48:29.830,3.352,6700
2020-09-16 09:48:29.890,3.352,1000
2020-09-16 09:48:34.090,3.352,7500
2020-09-16 09:48:35.290,3.351,57500
2020-09-16 09:48:35.290,3.352,15400
2020-09-16 09:48:35.670,3.352,400
2020-09-16 09:48:36.710,3.351,600
2020-09-16 09:48:37.100,3.351,100
2020-09-16 09:48:37.190,3.352,17900
2020-09-16 09:48:38.620,3.351,106600
2020-09-16 09:48:38.620,3.351,500
2020-09-16 09:48:38.620,3.351,1000
2020-09-16 09:48:38.620,3.351,100
2020-09-16 09:48:38.620,3.351,1000
2020-09-16 09:48:38.620,3.351,1000
2020-09-16 09:48:38.620,3.351,10000
2020-09-16 09:48:38.620,3.351,5000
2020-09-16 09:48:38.620,3.351,3100
2020-09-16 09:48:38.620,3.351,1200
2020-09-16 09:48:38.620,3.351,100000
2020-09-16 09:48:38.620,3.351,3000
2020-09-16 09:48:38.620,3.351,4200
2020-09-16 09:48:38.620,3.351,9000
2020-09-16 09:48:38.620,3.351,32600
2020-09-16 09:48:38.890,3.351,1100
2020-09-16 09:48:38.940,3.351,1500
2020-09-16 09:48:41.370,3.352,17000
2020-09-16 09:48:41.450,3.351,57600
2020-09-16 09:48:43.540,3.352,14600
2020-09-16 09:48:43.600,3.351,6200
2020-09-16 09:48:44.520,3.351,1000
2020-09-16 09:48:44.520,3.351,5000
2020-09-16 09:48:44.520,3.351,5000
2020-09-16 09:48:44.520,3.351,5000
2020-09-16 09:48:44.520,3.351,1000
2020-09-16 09:48:44.520,3.351,3000
2020-09-16 09:48:45.060,3.352,7600
2020-09-16 09:48:45.150,3.351,7000
2020-09-16 09:48:45.150,3.351,100
2020-09-16 09:48:45.150,3.351,100
2020-09-16 09:48:45.150,3.351,10000
2020-09-16 09:48:45.150,3.351,10000
2020-09-16 09:48:45.150,3.351,500
2020-09-16 09:48:45.150,3.351,10000
2020-09-16 09:48:45.150,3.351,10000
2020-09-16 09:48:45.150,3.351,300
2020-09-16 09:48:45.150,3.351,7000
2020-09-16 09:48:45.150,3.351,245000
2020-09-16 09:48:45.250,3.352,30000
2020-09-16 09:48:45.580,3.352,14700
2020-09-16 09:48:45.960,3.352,2600
2020-09-16 09:48:46.710,3.351,55000
2020-09-16 09:48:46.710,3.351,1000
2020-09-16 09:48:46.710,3.351,2000
2020-09-16 09:48:46.710,3.351,200
2020-09-16 09:48:50.490,3.351,17000
2020-09-16 09:48:50.620,3.351,8500
2020-09-16 09:48:52.230,3.351,5700
2020-09-16 09:48:52.520,3.351,17000
2020-09-16 09:48:53.240,3.351,1000
2020-09-16 09:48:54.740,3.351,16900
2020-09-16 09:48:54.950,3.35,10000
2020-09-16 09:48:54.950,3.35,10000
2020-09-16 09:48:54.950,3.35,2000
2020-09-16 09:48:54.950,3.35,15000
2020-09-16 09:48:54.950,3.35,10000
2020-09-16 09:48:54.950,3.35,100
2020-09-16 09:48:54.950,3.35,6400
2020-09-16 09:48:54.950,3.35,3000
2020-09-16 09:48:54.950,3.35,4000
2020-09-16 09:48:54.950,3.35,1000
2020-09-16 09:48:54.950,3.35,1000
2020-09-16 09:48:54.950,3.35,200
2020-09-16 09:48:54.950,3.35,10000
2020-09-16 09:48:54.950,3.35,500
2020-09-16 09:48:54.950,3.35,100
2020-09-16 09:48:54.950,3.35,5000
2020-09-16 09:48:54.950,3.35,5000
2020-09-16 09:48:54.950,3.35,4100
2020-09-16 09:48:56.750,3.351,11900
2020-09-16 09:48:56.750,3.351,800
2020-09-16 09:48:59.290,3.35,10900
2020-09-16 09:48:59.290,3.35,4500
2020-09-16 09:48:59.290,3.35,2500
2020-09-16 09:48:59.290,3.35,100
2020-09-16 09:48:59.290,3.35,10000
2020-09-16 09:48:59.290,3.35,7000
2020-09-16 09:48:59.290,3.35,2500
2020-09-16 09:48:59.290,3.35,200
2020-09-16 09:48:59.290,3.35,5000
2020-09-16 09:48:59.290,3.35,6000
2020-09-16 09:48:59.290,3.35,8900
2020-09-16 09:48:59.350,3.35,1100
2020-09-16 09:48:59.350,3.35,1000
2020-09-16 09:48:59.350,3.35,600
2020-09-16 09:48:59.350,3.35,3200
2020-09-16 09:48:59.510,3.35,400
2020-09-16 09:48:59.590,3.351,7500
2020-09-16 09:49:01.020,3.35,1600
2020-09-16 09:49:01.170,3.35,3000
2020-09-16 09:49:02.390,3.351,17700
2020-09-16 09:49:02.450,3.351,400
2020-09-16 09:49:02.830,3.351,5000
2020-09-16 09:49:03.920,3.351,200
2020-09-16 09:49:05.250,3.35,6800
2020-09-16 09:49:05.250,3.35,20000
2020-09-16 09:49:05.250,3.35,5000
2020-09-16 09:49:05.250,3.35,10000
2020-09-16 09:49:05.250,3.35,1500
2020-09-16 09:49:05.250,3.35,1000
2020-09-16 09:49:05.250,3.35,5000
2020-09-16 09:49:05.250,3.35,4400
2020-09-16 09:49:05.250,3.35,100
2020-09-16 09:49:05.250,3.35,200
2020-09-16 09:49:05.250,3.35,200
2020-09-16 09:49:05.250,3.35,100
2020-09-16 09:49:05.250,3.35,100
2020-09-16 09:49:05.250,3.35,3200
2020-09-16 09:49:05.660,3.351,100
2020-09-16 09:49:06.910,3.351,400
2020-09-16 09:49:08.960,3.351,131700
2020-09-16 09:49:08.960,3.351,57600
2020-09-16 09:49:08.960,3.351,300000
2020-09-16 09:49:08.960,3.351,57500
2020-09-16 09:49:09.290,3.351,10000
2020-09-16 09:49:10.470,3.351,29900
2020-09-16 09:49:10.790,3.352,1000
2020-09-16 09:49:10.850,3.351,18000
2020-09-16 09:49:11.250,3.351,6500
2020-09-16 09:49:11.280,3.351,57600
2020-09-16 09:49:13.090,3.351,900
2020-09-16 09:49:15.960,3.352,5100
2020-09-16 09:49:16.650,3.351,4600
2020-09-16 09:49:17.320,3.351,57600
2020-09-16 09:49:18.480,3.352,10000
2020-09-16 09:49:19.900,3.352,300
2020-09-16 09:49:20.530,3.351,25000
2020-09-16 09:49:23.460,3.351,143300
2020-09-16 09:49:23.460,3.351,356700
2020-09-16 09:49:23.460,3.351,57500
2020-09-16 09:49:24.270,3.352,100
2020-09-16 09:49:24.820,3.352,6800
2020-09-16 09:49:24.820,3.352,3200
2020-09-16 09:49:25.550,3.352,6100
2020-09-16 09:49:26.580,3.351,70000
2020-09-16 09:49:28.040,3.352,300
2020-09-16 09:49:29.070,3.352,500
2020-09-16 09:49:29.500,3.351,57600
2020-09-16 09:49:30.160,3.351,200
2020-09-16 09:49:30.190,3.352,5400
2020-09-16 09:49:32.400,3.351,11700
2020-09-16 09:49:33.410,3.351,16400
2020-09-16 09:49:34.390,3.352,400
2020-09-16 09:49:34.720,3.351,40000
2020-09-16 09:49:34.830,3.351,4000
2020-09-16 09:49:35.420,3.351,57600
2020-09-16 09:49:37.150,3.352,1400
2020-09-16 09:49:37.180,3.351,2000
2020-09-16 09:49:40.420,3.351,1000
2020-09-16 09:49:41.060,3.351,57800
2020-09-16 09:49:41.500,3.351,57500
2020-09-16 09:49:46.340,3.352,103400
2020-09-16 09:49:46.340,3.352,12000
2020-09-16 09:49:46.340,3.352,2400
2020-09-16 09:49:46.340,3.352,6000
2020-09-16 09:49:46.340,3.352,12000
2020-09-16 09:49:46.340,3.352,500
2020-09-16 09:49:47.990,3.352,20000
2020-09-16 09:49:48.380,3.352,57600
2020-09-16 09:49:49.330,3.352,1600
2020-09-16 09:49:54.390,3.352,57500
2020-09-16 09:49:55.460,3.352,7600
2020-09-16 09:49:56.490,3.353,3700
2020-09-16 09:50:00.390,3.352,19400
2020-09-16 09:50:00.390,3.352,7400
2020-09-16 09:50:00.390,3.352,100
2020-09-16 09:50:00.390,3.352,6300
2020-09-16 09:50:00.390,3.352,100
2020-09-16 09:50:00.390,3.352,100
2020-09-16 09:50:00.390,3.352,24200
2020-09-16 09:50:02.920,3.353,244430
2020-09-16 09:50:02.920,3.353,55570
2020-09-16 09:50:04.110,3.352,100
2020-09-16 09:50:04.480,3.353,1930
2020-09-16 09:50:04.480,3.353,3070
2020-09-16 09:50:04.700,3.352,10000
2020-09-16 09:50:04.810,3.352,4500
2020-09-16 09:50:05.000,3.352,4200
2020-09-16 09:50:06.360,3.352,57000
2020-09-16 09:50:06.360,3.352,500
2020-09-16 09:50:06.710,3.352,300
2020-09-16 09:50:06.920,3.352,1000
2020-09-16 09:50:07.540,3.352,1900
2020-09-16 09:50:11.230,3.352,300
2020-09-16 09:50:11.660,3.352,8200
2020-09-16 09:50:12.910,3.351,7400
2020-09-16 09:50:13.580,3.352,100
2020-09-16 09:50:15.010,3.352,14500
2020-09-16 09:50:15.010,3.352,1000
2020-09-16 09:50:15.010,3.352,4000
2020-09-16 09:50:15.010,3.352,10000
2020-09-16 09:50:15.010,3.352,57600
2020-09-16 09:50:15.010,3.352,6000
2020-09-16 09:50:15.510,3.353,300
2020-09-16 09:50:17.500,3.353,54230
2020-09-16 09:50:17.500,3.353,600
2020-09-16 09:50:17.500,3.353,4370
2020-09-16 09:50:17.670,3.352,4700
2020-09-16 09:50:17.990,3.353,30
2020-09-16 09:50:18.530,3.354,57600
2020-09-16 09:50:20.690,3.354,500
2020-09-16 09:50:22.510,3.354,20000
2020-09-16 09:50:24.580,3.354,57500
2020-09-16 09:50:25.520,3.354,105400
2020-09-16 09:50:25.630,3.354,10000
2020-09-16 09:50:26.080,3.354,48970
2020-09-16 09:50:27.600,3.352,2100
2020-09-16 09:50:27.600,3.352,10000
2020-09-16 09:50:27.600,3.352,40000
2020-09-16 09:50:27.600,3.352,1000
2020-09-16 09:50:27.600,3.352,128100
2020-09-16 09:50:29.550,3.353,102600
2020-09-16 09:50:30.670,3.353,300
2020-09-16 09:50:34.040,3.353,5000
2020-09-16 09:50:34.120,3.353,2900
2020-09-16 09:50:34.310,3.353,100
2020-09-16 09:50:34.460,3.353,140130
2020-09-16 09:50:36.150,3.353,10000
2020-09-16 09:50:36.710,3.353,57600
2020-09-16 09:50:40.640,3.353,7400
2020-09-16 09:50:40.690,3.353,29100
2020-09-16 09:50:42.520,3.354,4000
2020-09-16 09:50:42.680,3.353,55770
2020-09-16 09:50:42.680,3.353,100
2020-09-16 09:50:42.680,3.353,1630
2020-09-16 09:50:44.780,3.353,8370
2020-09-16 09:50:44.780,3.353,300
2020-09-16 09:50:44.780,3.353,100
2020-09-16 09:50:44.780,3.353,3930
2020-09-16 09:50:48.510,3.353,400
2020-09-16 09:50:48.610,3.353,5070
2020-09-16 09:50:48.610,3.353,20400
2020-09-16 09:50:48.610,3.353,15500
2020-09-16 09:50:48.610,3.353,5000
2020-09-16 09:50:48.610,3.353,11530
2020-09-16 09:50:49.200,3.353,22000
2020-09-16 09:50:51.050,3.354,53500
2020-09-16 09:50:51.050,3.354,1500
2020-09-16 09:50:51.050,3.354,2000
2020-09-16 09:50:51.050,3.354,15000
2020-09-16 09:50:51.050,3.354,10000
2020-09-16 09:50:51.050,3.354,10000
2020-09-16 09:50:54.620,3.354,57600
2020-09-16 09:50:58.870,3.354,9100
2020-09-16 09:51:00.610,3.354,57500
2020-09-16 09:51:00.910,3.355,900
2020-09-16 09:51:02.810,3.354,1100
2020-09-16 09:51:03.590,3.354,200
2020-09-16 09:51:05.950,3.355,56600
2020-09-16 09:51:05.950,3.355,900
2020-09-16 09:51:05.950,3.355,100000
2020-09-16 09:51:05.950,3.355,5000
2020-09-16 09:51:05.950,3.355,9100
2020-09-16 09:51:05.950,3.355,2200
2020-09-16 09:51:06.590,3.355,57500
2020-09-16 09:51:07.600,3.355,3000
2020-09-16 09:51:09.300,3.355,10000
2020-09-16 09:51:11.040,3.355,9900
2020-09-16 09:51:12.020,3.355,3000
2020-09-16 09:51:12.690,3.355,42800
2020-09-16 09:51:12.690,3.355,10000
2020-09-16 09:51:12.690,3.355,4700
2020-09-16 09:51:13.870,3.355,900
2020-09-16 09:51:13.870,3.354,100
2020-09-16 09:51:17.710,3.355,10700
2020-09-16 09:51:18.300,3.355,9300
2020-09-16 09:51:18.300,3.355,700
2020-09-16 09:51:18.870,3.355,3400
2020-09-16 09:51:18.870,3.355,2600
2020-09-16 09:51:21.360,3.354,10000
2020-09-16 09:51:23.150,3.354,100
2020-09-16 09:51:23.820,3.355,10000
2020-09-16 09:51:24.120,3.355,5100
2020-09-16 09:51:24.690,3.355,39800
2020-09-16 09:51:24.690,3.355,20000
2020-09-16 09:51:24.690,3.355,100
2020-09-16 09:51:24.690,3.356,10100
2020-09-16 09:51:24.820,3.354,57500
2020-09-16 09:51:27.830,3.354,1200
2020-09-16 09:51:30.930,3.354,13600
2020-09-16 09:51:30.930,3.354,14900
2020-09-16 09:51:30.930,3.354,29000
2020-09-16 09:51:32.170,3.354,50000
2020-09-16 09:51:36.970,3.354,57600
2020-09-16 09:51:38.370,3.354,2000
2020-09-16 09:51:38.470,3.355,2000
2020-09-16 09:51:41.040,3.354,10000
2020-09-16 09:51:41.120,3.354,21400
2020-09-16 09:51:41.120,3.354,13800
2020-09-16 09:51:41.120,3.354,7000
2020-09-16 09:51:41.120,3.354,10000
2020-09-16 09:51:41.120,3.354,5000
2020-09-16 09:51:41.120,3.354,63900
2020-09-16 09:51:41.120,3.354,1000
2020-09-16 09:51:41.120,3.354,20000
2020-09-16 09:51:41.120,3.354,10000
2020-09-16 09:51:41.120,3.354,2900
2020-09-16 09:51:41.120,3.354,145000
2020-09-16 09:51:42.950,3.354,57500
2020-09-16 09:51:44.710,3.354,4200
2020-09-16 09:51:46.220,3.355,1600
2020-09-16 09:51:46.250,3.354,1600
2020-09-16 09:51:47.310,3.355,16400
2020-09-16 09:51:47.310,3.355,15200
2020-09-16 09:51:47.310,3.355,11100
2020-09-16 09:51:47.310,3.355,20000
2020-09-16 09:51:47.810,3.355,10000
2020-09-16 09:51:48.230,3.355,200
2020-09-16 09:51:48.800,3.355,1600
2020-09-16 09:51:48.800,3.354,55900
2020-09-16 09:51:49.090,3.354,15000
2020-09-16 09:51:49.860,3.354,900
2020-09-16 09:51:51.240,3.355,1300
2020-09-16 09:51:52.110,3.355,100
2020-09-16 09:51:53.270,3.355,1500
2020-09-16 09:51:54.790,3.354,19900
2020-09-16 09:51:54.790,3.354,3700
2020-09-16 09:51:54.790,3.354,30000
2020-09-16 09:51:54.790,3.354,3900
2020-09-16 09:51:54.880,3.355,500
2020-09-16 09:51:56.450,3.355,600
2020-09-16 09:51:57.140,3.354,5200
2020-09-16 09:51:57.140,3.354,1600
2020-09-16 09:51:57.140,3.354,200
2020-09-16 09:51:57.140,3.354,100
2020-09-16 09:51:57.140,3.353,292900
2020-09-16 09:51:59.630,3.354,100
2020-09-16 09:51:59.630,3.353,299900
2020-09-16 09:52:00.770,3.354,1000
2020-09-16 09:52:04.190,3.354,5000
2020-09-16 09:52:06.740,3.353,57600
2020-09-16 09:52:09.620,3.354,2500
2020-09-16 09:52:09.960,3.353,1000
2020-09-16 09:52:10.590,3.354,4000
2020-09-16 09:52:11.440,3.353,111100
2020-09-16 09:52:12.840,3.353,57500
2020-09-16 09:52:13.710,3.353,3000
2020-09-16 09:52:16.670,3.353,100
2020-09-16 09:52:17.470,3.353,300
2020-09-16 09:52:18.810,3.353,43070
2020-09-16 09:52:18.810,3.353,100
2020-09-16 09:52:18.810,3.353,2000
2020-09-16 09:52:18.810,3.353,100
2020-09-16 09:52:18.810,3.353,500
2020-09-16 09:52:18.810,3.353,2000
2020-09-16 09:52:20.700,3.353,9730
2020-09-16 09:52:22.290,3.353,570
2020-09-16 09:52:24.210,3.353,3000
2020-09-16 09:52:24.480,3.353,400
2020-09-16 09:52:28.180,3.353,6030
2020-09-16 09:52:28.180,3.353,3970
2020-09-16 09:52:30.390,3.352,6000
2020-09-16 09:52:30.390,3.352,2500
2020-09-16 09:52:30.390,3.352,200
2020-09-16 09:52:30.390,3.352,1000
2020-09-16 09:52:30.390,3.352,35300
2020-09-16 09:52:30.970,3.352,57600
2020-09-16 09:52:33.560,3.352,207100
2020-09-16 09:52:33.560,3.352,2000
2020-09-16 09:52:33.560,3.352,90900
2020-09-16 09:52:34.950,3.353,400
2020-09-16 09:52:35.520,3.352,100
2020-09-16 09:52:36.170,3.353,29900
2020-09-16 09:52:36.910,3.352,57500
2020-09-16 09:52:37.260,3.352,1000
2020-09-16 09:52:38.520,3.353,5000
2020-09-16 09:52:40.980,3.352,10000
2020-09-16 09:52:41.230,3.352,5500
2020-09-16 09:52:42.940,3.352,57600
2020-09-16 09:52:43.370,3.352,14900
2020-09-16 09:52:47.740,3.353,1000
2020-09-16 09:52:48.710,3.353,2000
2020-09-16 09:52:48.740,3.352,57500
2020-09-16 09:52:49.560,3.352,5000
2020-09-16 09:52:49.560,3.352,18800
2020-09-16 09:52:49.790,3.353,600
2020-09-16 09:52:50.510,3.352,5000
2020-09-16 09:52:51.400,3.353,2000
2020-09-16 09:52:51.500,3.353,12630
2020-09-16 09:52:51.500,3.353,2000
2020-09-16 09:52:51.500,3.353,3000
2020-09-16 09:52:51.500,3.353,1000
2020-09-16 09:52:54.860,3.353,31370
2020-09-16 09:52:54.860,3.353,26230
2020-09-16 09:52:57.570,3.353,500
2020-09-16 09:53:00.800,3.353,57500
2020-09-16 09:53:04.760,3.353,200
2020-09-16 09:53:06.820,3.354,10000
2020-09-16 09:53:06.850,3.353,57600
2020-09-16 09:53:08.780,3.354,600
2020-09-16 09:53:10.990,3.354,900
2020-09-16 09:53:12.990,3.353,57500
2020-09-16 09:53:13.330,3.353,1600
2020-09-16 09:53:14.340,3.353,98570
2020-09-16 09:53:14.340,3.353,1430
2020-09-16 09:53:14.720,3.353,570
2020-09-16 09:53:14.720,3.353,6200
2020-09-16 09:53:14.720,3.353,3000
2020-09-16 09:53:21.760,3.353,7830
2020-09-16 09:53:21.760,3.353,10470
2020-09-16 09:53:23.920,3.353,100
2020-09-16 09:53:25.030,3.352,10000
2020-09-16 09:53:25.030,3.352,1000
2020-09-16 09:53:25.030,3.352,10000
2020-09-16 09:53:25.030,3.352,10000
2020-09-16 09:53:25.030,3.352,7900
2020-09-16 09:53:25.030,3.352,100
2020-09-16 09:53:25.030,3.352,100
2020-09-16 09:53:25.030,3.352,18500
2020-09-16 09:53:25.050,3.353,5000
2020-09-16 09:53:25.280,3.353,4430
2020-09-16 09:53:25.280,3.353,5970
2020-09-16 09:53:30.410,3.353,600
2020-09-16 09:53:30.470,3.352,9200
2020-09-16 09:53:30.470,3.352,300
2020-09-16 09:53:30.470,3.352,4500
2020-09-16 09:53:30.470,3.352,12000
2020-09-16 09:53:30.470,3.352,3800
2020-09-16 09:53:31.840,3.351,200
2020-09-16 09:53:31.840,3.351,2900
2020-09-16 09:53:31.840,3.351,100
2020-09-16 09:53:31.840,3.351,3000
2020-09-16 09:53:31.840,3.351,2000
2020-09-16 09:53:31.840,3.351,8800
2020-09-16 09:53:31.840,3.351,5000
2020-09-16 09:53:31.840,3.351,100
2020-09-16 09:53:31.840,3.351,277900
2020-09-16 09:53:33.150,3.352,800
2020-09-16 09:53:33.260,3.352,200
2020-09-16 09:53:34.970,3.352,3000
2020-09-16 09:53:35.590,3.351,1400
2020-09-16 09:53:35.890,3.351,220700
2020-09-16 09:53:35.890,3.351,10000
2020-09-16 09:53:35.890,3.351,2000
2020-09-16 09:53:35.890,3.351,5000
