Datetime,Price,Volume
2020-09-16 09:25:00.830,4.745,300
2020-09-16 09:25:00.830,4.745,10700
2020-09-16 09:25:00.830,4.745,6500
2020-09-16 09:25:00.830,4.745,700
2020-09-16 09:25:00.830,4.745,100
2020-09-16 09:25:00.830,4.745,2000
2020-09-16 09:25:00.830,4.745,25000
2020-09-16 09:25:00.830,4.745,11000
2020-09-16 09:25:00.830,4.745,2000
2020-09-16 09:25:00.830,4.745,500
2020-09-16 09:25:00.830,4.745,3500
2020-09-16 09:25:00.830,4.745,200
2020-09-16 09:25:00.830,4.745,100
2020-09-16 09:25:00.830,4.745,13000
2020-09-16 09:25:00.830,4.745,500
2020-09-16 09:25:00.830,4.745,1700
2020-09-16 09:25:00.830,4.745,1600
2020-09-16 09:25:00.830,4.745,2600
2020-09-16 09:25:00.830,4.745,200
2020-09-16 09:25:00.830,4.745,7200
2020-09-16 09:25:00.830,4.745,2800
2020-09-16 09:25:00.830,4.745,2200
2020-09-16 09:25:00.830,4.745,10000
2020-09-16 09:25:00.830,4.745,4600
2020-09-16 09:25:00.830,4.745,12500
2020-09-16 09:25:00.830,4.745,500
2020-09-16 09:25:00.830,4.745,2500
2020-09-16 09:25:00.830,4.745,22000
2020-09-16 09:25:00.830,4.745,2000
2020-09-16 09:25:00.830,4.745,4500
2020-09-16 09:25:00.830,4.745,1200
2020-09-16 09:25:00.830,4.745,300
2020-09-16 09:25:00.830,4.745,700
2020-09-16 09:25:00.830,4.745,400
2020-09-16 09:25:00.830,4.745,600
2020-09-16 09:25:00.830,4.745,500
2020-09-16 09:25:00.830,4.745,1000
2020-09-16 09:25:00.830,4.745,500
2020-09-16 09:25:00.830,4.745,100
2020-09-16 09:25:00.830,4.745,1400
2020-09-16 09:25:00.830,4.745,2000
2020-09-16 09:25:00.830,4.745,5000
2020-09-16 09:25:00.830,4.745,1600
2020-09-16 09:25:00.830,4.745,300
2020-09-16 09:25:00.830,4.745,1500
2020-09-16 09:25:00.830,4.745,100
2020-09-16 09:25:00.830,4.745,100
2020-09-16 09:25:00.830,4.745,1400
2020-09-16 09:25:00.830,4.745,3600
2020-09-16 09:25:00.830,4.745,100
2020-09-16 09:25:00.830,4.745,100
2020-09-16 09:25:00.830,4.745,400
2020-09-16 09:25:00.830,4.745,300
2020-09-16 09:25:00.830,4.745,600
2020-09-16 09:25:00.830,4.745,100
2020-09-16 09:25:00.830,4.745,200
2020-09-16 09:25:00.830,4.745,200
2020-09-16 09:25:00.830,4.745,100
2020-09-16 09:25:00.830,4.745,300
2020-09-16 09:25:00.830,4.745,11900
2020-09-16 09:25:00.830,4.745,200
2020-09-16 09:25:00.830,4.745,100
2020-09-16 09:25:00.830,4.745,300
2020-09-16 09:25:00.830,4.745,200
2020-09-16 09:25:00.830,4.745,200
2020-09-16 09:25:00.830,4.745,300
2020-09-16 09:25:00.830,4.745,100
2020-09-16 09:25:00.830,4.745,800
2020-09-16 09:25:00.830,4.745,100
2020-09-16 09:25:00.830,4.745,1900
2020-09-16 09:25:00.830,4.745,300
2020-09-16 09:25:00.830,4.745,100
2020-09-16 09:25:00.830,4.745,100
2020-09-16 09:25:00.830,4.745,200
2020-09-16 09:25:00.830,4.745,1000
2020-09-16 09:25:00.830,4.745,41200
2020-09-16 09:25:00.830,4.745,4800
2020-09-16 09:25:00.830,4.745,4100
2020-09-16 09:25:00.830,4.745,49900
2020-09-16 09:25:00.830,4.745,100
2020-09-16 09:25:00.830,4.745,100
2020-09-16 09:25:00.830,4.745,100
2020-09-16 09:25:00.830,4.745,200
2020-09-16 09:25:00.830,4.745,100
2020-09-16 09:25:00.830,4.745,100
2020-09-16 09:25:00.830,4.745,100
2020-09-16 09:25:00.830,4.745,400
2020-09-16 09:25:00.830,4.745,1200
2020-09-16 09:25:00.830,4.745,1600
2020-09-16 09:25:00.830,4.745,500
2020-09-16 09:25:00.830,4.745,100
2020-09-16 09:25:00.830,4.745,10000
2020-09-16 09:25:00.830,4.745,7000
2020-09-16 09:25:00.830,4.745,9000
2020-09-16 09:25:00.830,4.745,5200
2020-09-16 09:25:00.830,4.745,11100
2020-09-16 09:25:00.830,4.745,4700
2020-09-16 09:25:00.830,4.745,200
2020-09-16 09:25:00.830,4.745,200
2020-09-16 09:25:00.830,4.745,1000
2020-09-16 09:25:00.830,4.745,800
2020-09-16 09:25:00.830,4.745,600
2020-09-16 09:25:00.830,4.745,2400
2020-09-16 09:25:00.830,4.745,5200
2020-09-16 09:25:00.830,4.745,49800
2020-09-16 09:25:00.830,4.745,200
2020-09-16 09:25:00.830,4.745,2000
2020-09-16 09:25:00.830,4.745,100
2020-09-16 09:25:00.830,4.745,400
2020-09-16 09:25:00.830,4.745,1400
2020-09-16 09:25:00.830,4.745,100
2020-09-16 09:25:00.830,4.745,600
2020-09-16 09:25:00.830,4.745,5700
2020-09-16 09:25:00.830,4.745,10000
2020-09-16 09:25:00.830,4.745,300
2020-09-16 09:25:00.830,4.745,14000
2020-09-16 09:25:00.830,4.745,4400
2020-09-16 09:25:00.830,4.745,400
2020-09-16 09:25:00.830,4.745,2300
2020-09-16 09:25:00.830,4.745,100
2020-09-16 09:25:00.830,4.745,7600
2020-09-16 09:25:00.830,4.745,8400
2020-09-16 09:25:00.830,4.745,4300
2020-09-16 09:25:00.830,4.745,50700
2020-09-16 09:25:00.830,4.745,100
2020-09-16 09:25:00.830,4.745,1000
2020-09-16 09:25:00.830,4.745,4200
2020-09-16 09:25:00.830,4.745,12600
2020-09-16 09:25:00.830,4.745,300
2020-09-16 09:25:00.830,4.745,2500
2020-09-16 09:25:00.830,4.745,49700
2020-09-16 09:25:00.830,4.745,200
2020-09-16 09:25:00.830,4.745,100
2020-09-16 09:25:00.830,4.745,2200
2020-09-16 09:25:00.830,4.745,100
2020-09-16 09:25:00.830,4.745,1000
2020-09-16 09:25:00.830,4.745,400
2020-09-16 09:25:00.830,4.745,400
2020-09-16 09:25:00.830,4.745,1000
2020-09-16 09:25:00.830,4.745,10200
2020-09-16 09:25:00.830,4.745,100
2020-09-16 09:25:00.830,4.745,200
2020-09-16 09:25:00.830,4.745,100
2020-09-16 09:25:00.830,4.745,100
2020-09-16 09:25:00.830,4.745,300
2020-09-16 09:25:00.830,4.745,100
2020-09-16 09:25:00.830,4.745,300
2020-09-16 09:25:00.830,4.745,100
2020-09-16 09:25:00.830,4.745,300
2020-09-16 09:25:00.830,4.745,300
2020-09-16 09:25:00.830,4.745,100
2020-09-16 09:25:00.830,4.745,100
2020-09-16 09:25:00.830,4.745,100
2020-09-16 09:25:00.830,4.745,300
2020-09-16 09:25:00.830,4.745,100
2020-09-16 09:25:00.830,4.745,100
2020-09-16 09:25:00.830,4.745,100
2020-09-16 09:25:00.830,4.745,100
2020-09-16 09:25:00.830,4.745,300
2020-09-16 09:25:00.830,4.745,100
2020-09-16 09:25:00.830,4.745,100
2020-09-16 09:25:00.830,4.745,100
2020-09-16 09:25:00.830,4.745,40000
2020-09-16 09:25:00.830,4.745,200
2020-09-16 09:25:00.830,4.745,100
2020-09-16 09:25:00.830,4.745,100
2020-09-16 09:25:00.830,4.745,100
2020-09-16 09:25:00.830,4.745,400
2020-09-16 09:25:00.830,4.745,100
2020-09-16 09:25:00.830,4.745,100
2020-09-16 09:25:00.830,4.745,700
2020-09-16 09:25:00.830,4.745,100
2020-09-16 09:25:00.830,4.745,100
2020-09-16 09:25:00.830,4.745,1000
2020-09-16 09:25:00.830,4.745,200
2020-09-16 09:25:00.830,4.745,5000
2020-09-16 09:25:00.830,4.745,1000
2020-09-16 09:25:00.830,4.745,4200
2020-09-16 09:25:00.830,4.745,8300
2020-09-16 09:25:00.830,4.745,26500
2020-09-16 09:25:00.830,4.745,10400
2020-09-16 09:25:00.830,4.745,4000
2020-09-16 09:25:00.830,4.745,1500
2020-09-16 09:25:00.830,4.745,2000
2020-09-16 09:25:00.830,4.745,400
2020-09-16 09:25:00.830,4.745,5200
2020-09-16 09:25:00.830,4.745,1200
2020-09-16 09:25:00.830,4.745,300
2020-09-16 09:25:00.830,4.745,900
2020-09-16 09:25:00.830,4.745,100
2020-09-16 09:25:00.830,4.745,300
2020-09-16 09:25:00.830,4.745,1400
2020-09-16 09:25:00.830,4.745,300
2020-09-16 09:25:00.830,4.745,200
2020-09-16 09:30:00.050,4.744,600
2020-09-16 09:30:00.090,4.743,200
2020-09-16 09:30:00.090,4.743,200
2020-09-16 09:30:00.160,4.743,59600
2020-09-16 09:30:00.160,4.744,240400
2020-09-16 09:30:00.400,4.744,5100
2020-09-16 09:30:00.510,4.744,300
2020-09-16 09:30:00.620,4.744,300
2020-09-16 09:30:00.620,4.743,400
2020-09-16 09:30:00.620,4.744,4600
2020-09-16 09:30:00.730,4.742,100
2020-09-16 09:30:00.730,4.742,100
2020-09-16 09:30:00.730,4.742,1100
2020-09-16 09:30:00.730,4.744,4200
2020-09-16 09:30:00.840,4.742,100
2020-09-16 09:30:00.840,4.744,5000
2020-09-16 09:30:00.840,4.744,23100
2020-09-16 09:30:00.840,4.744,100
2020-09-16 09:30:01.060,4.743,400
2020-09-16 09:30:01.250,4.743,600
2020-09-16 09:30:01.250,4.744,2400
2020-09-16 09:30:01.470,4.741,100
2020-09-16 09:30:01.690,4.741,800
2020-09-16 09:30:01.690,4.741,1500
2020-09-16 09:30:01.690,4.741,500
2020-09-16 09:30:01.810,4.741,100
2020-09-16 09:30:01.810,4.741,4900
2020-09-16 09:30:01.810,4.741,4000
2020-09-16 09:30:01.810,4.741,1100
2020-09-16 09:30:01.960,4.741,100
2020-09-16 09:30:01.960,4.741,10000
2020-09-16 09:30:01.960,4.741,3000
2020-09-16 09:30:02.060,4.742,100
2020-09-16 09:30:02.170,4.742,1000
2020-09-16 09:30:02.170,4.741,100
2020-09-16 09:30:02.170,4.742,100
2020-09-16 09:30:02.290,4.742,6000
2020-09-16 09:30:02.290,4.742,200
2020-09-16 09:30:02.290,4.742,6300
2020-09-16 09:30:02.400,4.742,1000
2020-09-16 09:30:02.650,4.742,200
2020-09-16 09:30:02.650,4.742,2000
2020-09-16 09:30:02.720,4.742,1000
2020-09-16 09:30:02.870,4.742,900
2020-09-16 09:30:03.020,4.742,1200
2020-09-16 09:30:03.020,4.742,3800
2020-09-16 09:30:03.110,4.741,13900
2020-09-16 09:30:03.110,4.742,100
2020-09-16 09:30:03.190,4.742,11100
2020-09-16 09:30:03.190,4.743,3600
2020-09-16 09:30:03.290,4.743,100
2020-09-16 09:30:03.370,4.743,500
2020-09-16 09:30:03.680,4.741,3000
2020-09-16 09:30:03.880,4.743,500
2020-09-16 09:30:03.920,4.741,18800
2020-09-16 09:30:03.920,4.741,1000
2020-09-16 09:30:03.920,4.74,200
2020-09-16 09:30:03.960,4.74,800
2020-09-16 09:30:03.960,4.74,100
2020-09-16 09:30:03.960,4.74,5200
2020-09-16 09:30:03.960,4.74,100
2020-09-16 09:30:03.960,4.74,3800
2020-09-16 09:30:04.240,4.742,300
2020-09-16 09:30:04.460,4.742,100
2020-09-16 09:30:04.460,4.742,100
2020-09-16 09:30:04.580,4.742,200
2020-09-16 09:30:04.910,4.742,200
2020-09-16 09:30:05.130,4.74,11200
2020-09-16 09:30:05.130,4.74,200
2020-09-16 09:30:05.130,4.74,3000
2020-09-16 09:30:05.130,4.74,5000
2020-09-16 09:30:05.130,4.74,2500
2020-09-16 09:30:05.130,4.74,13400
2020-09-16 09:30:05.210,4.742,3000
2020-09-16 09:30:05.280,4.741,1900
2020-09-16 09:30:05.280,4.74,53400
2020-09-16 09:30:05.280,4.74,17400
2020-09-16 09:30:05.280,4.74,300
2020-09-16 09:30:05.280,4.74,100
2020-09-16 09:30:05.280,4.739,1000
2020-09-16 09:30:05.280,4.739,11200
2020-09-16 09:30:05.280,4.738,500
2020-09-16 09:30:05.280,4.738,10000
2020-09-16 09:30:05.280,4.738,10000
2020-09-16 09:30:05.280,4.738,1400
2020-09-16 09:30:05.280,4.738,100
2020-09-16 09:30:05.280,4.738,5000
2020-09-16 09:30:05.280,4.738,5000
2020-09-16 09:30:05.280,4.738,12000
2020-09-16 09:30:05.280,4.737,9000
2020-09-16 09:30:05.280,4.737,7000
2020-09-16 09:30:05.280,4.737,5000
2020-09-16 09:30:05.280,4.736,500
2020-09-16 09:30:05.280,4.736,19200
2020-09-16 09:30:06.030,4.742,500
2020-09-16 09:30:06.440,4.741,100
2020-09-16 09:30:06.870,4.741,2900
2020-09-16 09:30:06.870,4.741,400
2020-09-16 09:30:06.870,4.741,400
2020-09-16 09:30:06.870,4.736,3000
2020-09-16 09:30:06.870,4.736,50000
2020-09-16 09:30:06.870,4.736,100
2020-09-16 09:30:06.870,4.736,11300
2020-09-16 09:30:06.870,4.736,101900
2020-09-16 09:30:08.440,4.736,50000
2020-09-16 09:30:08.440,4.736,6500
2020-09-16 09:30:08.440,4.735,100
2020-09-16 09:30:08.440,4.735,100
2020-09-16 09:30:08.440,4.735,2300
2020-09-16 09:30:08.440,4.735,200
2020-09-16 09:30:08.440,4.735,2500
2020-09-16 09:30:08.440,4.735,20000
2020-09-16 09:30:08.440,4.735,2000
2020-09-16 09:30:08.440,4.735,100
2020-09-16 09:30:08.440,4.734,4000
2020-09-16 09:30:08.440,4.734,800
2020-09-16 09:30:08.440,4.734,31400
2020-09-16 09:30:09.360,4.736,600
2020-09-16 09:30:09.360,4.742,300
2020-09-16 09:30:10.110,4.742,5000
2020-09-16 09:30:11.320,4.74,3000
2020-09-16 09:30:11.320,4.742,112600
2020-09-16 09:30:16.550,4.742,900
2020-09-16 09:30:17.830,4.742,2900
2020-09-16 09:30:18.170,4.742,50000
2020-09-16 09:30:19.900,4.742,1200
2020-09-16 09:30:23.020,4.741,1000
2020-09-16 09:30:23.990,4.741,439500
2020-09-16 09:30:24.120,4.742,100
2020-09-16 09:30:26.420,4.742,100
2020-09-16 09:30:26.680,4.74,3000
2020-09-16 09:30:26.680,4.74,1400
2020-09-16 09:30:28.290,4.742,8600
2020-09-16 09:30:28.290,4.742,21600
2020-09-16 09:30:29.210,4.741,10000
2020-09-16 09:30:29.700,4.741,2000
2020-09-16 09:30:31.180,4.74,500
2020-09-16 09:30:31.300,4.741,2200
2020-09-16 09:30:31.820,4.74,3000
2020-09-16 09:30:32.790,4.741,100
2020-09-16 09:30:34.670,4.741,29300
2020-09-16 09:30:34.950,4.74,100
2020-09-16 09:30:34.980,4.741,100
2020-09-16 09:30:35.580,4.741,300
2020-09-16 09:30:36.030,4.74,500
2020-09-16 09:30:36.030,4.74,5000
2020-09-16 09:30:36.030,4.739,7000
2020-09-16 09:30:36.030,4.739,100
2020-09-16 09:30:36.030,4.738,10000
2020-09-16 09:30:36.030,4.738,3000
2020-09-16 09:30:36.030,4.738,174400
2020-09-16 09:30:37.210,4.74,300
2020-09-16 09:30:37.650,4.74,1900
2020-09-16 09:30:37.650,4.74,100
2020-09-16 09:30:37.650,4.74,2000
2020-09-16 09:30:37.650,4.74,6000
2020-09-16 09:30:37.910,4.74,15300
2020-09-16 09:30:38.070,4.74,3000
2020-09-16 09:30:38.100,4.741,2500
2020-09-16 09:30:38.500,4.741,2500
2020-09-16 09:30:38.970,4.741,900
2020-09-16 09:30:39.120,4.741,100
2020-09-16 09:30:40.560,4.74,1700
2020-09-16 09:30:41.000,4.74,100
2020-09-16 09:30:41.460,4.74,200
2020-09-16 09:30:42.870,4.74,45200
2020-09-16 09:30:43.160,4.74,100
2020-09-16 09:30:43.280,4.741,10000
2020-09-16 09:30:43.410,4.74,21900
2020-09-16 09:30:43.410,4.738,10000
2020-09-16 09:30:43.410,4.737,18100
2020-09-16 09:30:43.470,4.739,5000
2020-09-16 09:30:43.590,4.739,5700
2020-09-16 09:30:44.230,4.74,200
2020-09-16 09:30:44.230,4.74,200
2020-09-16 09:30:44.230,4.74,1000
2020-09-16 09:30:44.350,4.74,1200
2020-09-16 09:30:46.100,4.74,2400
2020-09-16 09:30:46.100,4.74,100
2020-09-16 09:30:46.190,4.74,500
2020-09-16 09:30:46.500,4.74,10000
2020-09-16 09:30:46.500,4.739,29300
2020-09-16 09:30:46.500,4.738,50000
2020-09-16 09:30:46.500,4.737,110700
2020-09-16 09:30:47.190,4.739,7000
2020-09-16 09:30:47.400,4.741,3900
2020-09-16 09:30:47.400,4.741,800
2020-09-16 09:30:48.300,4.739,600
2020-09-16 09:30:48.360,4.741,1000
2020-09-16 09:30:48.760,4.739,700
2020-09-16 09:30:48.940,4.74,1000
2020-09-16 09:30:50.410,4.739,51700
2020-09-16 09:30:50.410,4.738,115800
2020-09-16 09:30:51.010,4.739,200
2020-09-16 09:30:51.690,4.739,100
2020-09-16 09:30:52.510,4.739,3800
2020-09-16 09:30:53.440,4.74,2000
2020-09-16 09:30:53.500,4.739,6200
2020-09-16 09:30:53.500,4.739,8800
2020-09-16 09:30:54.510,4.739,8000
2020-09-16 09:30:54.790,4.739,2000
2020-09-16 09:30:54.870,4.739,200000
2020-09-16 09:30:54.990,4.74,200
2020-09-16 09:30:55.540,4.74,1000
2020-09-16 09:30:55.570,4.739,26800
2020-09-16 09:30:55.830,4.74,800
2020-09-16 09:30:55.830,4.74,200
2020-09-16 09:30:56.030,4.739,16500
2020-09-16 09:30:57.150,4.739,45800
2020-09-16 09:30:58.940,4.74,1900
2020-09-16 09:30:59.310,4.74,30000
2020-09-16 09:30:59.740,4.739,2000
2020-09-16 09:30:59.830,4.74,1000
2020-09-16 09:31:00.460,4.739,200
2020-09-16 09:31:03.040,4.74,100
2020-09-16 09:31:03.240,4.74,300
2020-09-16 09:31:03.710,4.74,13440
2020-09-16 09:31:03.710,4.74,4000
2020-09-16 09:31:03.710,4.74,1000
2020-09-16 09:31:03.710,4.74,4000
2020-09-16 09:31:03.710,4.74,7560
2020-09-16 09:31:03.800,4.74,500
2020-09-16 09:31:04.280,4.74,41940
2020-09-16 09:31:04.280,4.74,5700
2020-09-16 09:31:05.850,4.74,12360
2020-09-16 09:31:05.850,4.74,100
2020-09-16 09:31:07.490,4.739,15000
2020-09-16 09:31:07.800,4.74,8140
2020-09-16 09:31:07.800,4.74,10000
2020-09-16 09:31:09.160,4.74,200
2020-09-16 09:31:10.480,4.74,217100
2020-09-16 09:31:11.150,4.741,3200
2020-09-16 09:31:11.150,4.741,3500
2020-09-16 09:31:11.150,4.741,50000
2020-09-16 09:31:11.530,4.741,3000
2020-09-16 09:31:11.590,4.741,5000
2020-09-16 09:31:13.010,4.742,500
2020-09-16 09:31:13.470,4.742,4600
2020-09-16 09:31:13.820,4.742,73300
2020-09-16 09:31:13.820,4.742,8000
2020-09-16 09:31:13.820,4.742,32600
2020-09-16 09:31:13.820,4.742,16800
2020-09-16 09:31:13.820,4.742,2000
2020-09-16 09:31:16.830,4.742,4600
2020-09-16 09:31:16.830,4.742,600
2020-09-16 09:31:17.460,4.743,400
2020-09-16 09:31:17.460,4.743,4600
2020-09-16 09:31:17.580,4.743,25400
2020-09-16 09:31:17.580,4.743,5000
2020-09-16 09:31:17.580,4.743,5000
2020-09-16 09:31:17.580,4.743,50000
2020-09-16 09:31:17.580,4.744,27400
2020-09-16 09:31:18.720,4.742,1300
2020-09-16 09:31:18.810,4.742,8700
2020-09-16 09:31:18.810,4.742,1100
2020-09-16 09:31:18.810,4.741,200
2020-09-16 09:31:20.580,4.744,4500
2020-09-16 09:31:21.410,4.742,200
2020-09-16 09:31:24.050,4.744,1000
2020-09-16 09:31:26.510,4.742,800
2020-09-16 09:31:26.510,4.742,6400
2020-09-16 09:31:27.560,4.744,700
2020-09-16 09:31:27.560,4.744,10000
2020-09-16 09:31:27.560,4.744,5000
2020-09-16 09:31:27.560,4.744,4800
2020-09-16 09:31:27.560,4.744,9500
2020-09-16 09:31:27.710,4.743,500
2020-09-16 09:31:28.460,4.742,3500
2020-09-16 09:31:28.700,4.742,200
2020-09-16 09:31:29.040,4.743,1000
2020-09-16 09:31:29.450,4.743,100
2020-09-16 09:31:29.470,4.742,1400
2020-09-16 09:31:29.670,4.742,46400
2020-09-16 09:31:30.220,4.742,5500
2020-09-16 09:31:31.530,4.743,100
2020-09-16 09:31:31.680,4.743,200
2020-09-16 09:31:32.200,4.742,1000
2020-09-16 09:31:32.200,4.743,60000
2020-09-16 09:31:34.430,4.742,45500
2020-09-16 09:31:34.430,4.742,50000
2020-09-16 09:31:36.020,4.742,4000
2020-09-16 09:31:36.910,4.742,500
2020-09-16 09:31:37.090,4.741,1800
2020-09-16 09:31:37.090,4.741,600
2020-09-16 09:31:37.090,4.741,2600
2020-09-16 09:31:37.370,4.742,100
2020-09-16 09:31:38.000,4.742,48700
2020-09-16 09:31:39.300,4.742,400
2020-09-16 09:31:39.370,4.742,2000
2020-09-16 09:31:40.140,4.742,50000
2020-09-16 09:31:41.140,4.742,100
2020-09-16 09:31:41.200,4.742,15000
2020-09-16 09:31:41.750,4.742,6000
2020-09-16 09:31:42.150,4.741,13900
2020-09-16 09:31:42.150,4.741,1000
2020-09-16 09:31:42.150,4.742,100
2020-09-16 09:31:44.890,4.742,300
2020-09-16 09:31:45.370,4.742,300
2020-09-16 09:31:45.370,4.742,10000
2020-09-16 09:31:45.940,4.742,200
2020-09-16 09:31:46.430,4.742,1000
2020-09-16 09:31:47.860,4.742,5000
2020-09-16 09:31:48.990,4.742,5000
2020-09-16 09:31:49.190,4.742,100
2020-09-16 09:31:50.220,4.742,500
2020-09-16 09:31:50.250,4.742,1000
2020-09-16 09:31:51.100,4.741,10300
2020-09-16 09:31:51.100,4.741,500
2020-09-16 09:31:51.100,4.741,100
2020-09-16 09:31:51.100,4.741,1100
2020-09-16 09:31:51.100,4.741,9500
2020-09-16 09:31:51.880,4.742,100
2020-09-16 09:31:52.230,4.741,10500
2020-09-16 09:31:52.230,4.741,20000
2020-09-16 09:31:52.230,4.741,469500
2020-09-16 09:31:52.470,4.742,25000
2020-09-16 09:31:54.050,4.742,229100
2020-09-16 09:31:54.050,4.742,103300
2020-09-16 09:31:54.050,4.742,19600
2020-09-16 09:31:54.050,4.742,100
2020-09-16 09:31:54.050,4.742,500
2020-09-16 09:31:54.050,4.742,300
2020-09-16 09:31:54.050,4.742,12700
2020-09-16 09:31:54.050,4.742,24000
2020-09-16 09:31:54.050,4.742,1300
2020-09-16 09:31:54.270,4.742,18400
2020-09-16 09:31:54.550,4.742,2000
2020-09-16 09:31:54.640,4.742,5800
2020-09-16 09:31:55.340,4.742,20000
2020-09-16 09:31:55.680,4.742,20000
2020-09-16 09:31:57.050,4.742,8700
2020-09-16 09:31:57.910,4.742,46500
2020-09-16 09:31:58.060,4.742,1000
2020-09-16 09:31:59.050,4.743,105900
2020-09-16 09:31:59.140,4.742,6000
2020-09-16 09:31:59.590,4.743,5000
2020-09-16 09:32:01.390,4.743,100
2020-09-16 09:32:02.300,4.742,5200
2020-09-16 09:32:02.670,4.742,200
2020-09-16 09:32:03.190,4.742,150100
2020-09-16 09:32:03.880,4.743,2000
2020-09-16 09:32:05.410,4.742,20000
2020-09-16 09:32:06.300,4.742,140300
2020-09-16 09:32:06.300,4.742,20000
2020-09-16 09:32:06.300,4.742,500
2020-09-16 09:32:06.300,4.742,1000
2020-09-16 09:32:06.300,4.742,17000
2020-09-16 09:32:06.300,4.742,21200
2020-09-16 09:32:06.710,4.742,48500
2020-09-16 09:32:06.710,4.742,100300
2020-09-16 09:32:06.710,4.741,335200
2020-09-16 09:32:06.800,4.743,10000
2020-09-16 09:32:08.250,4.742,1000
2020-09-16 09:32:08.370,4.742,200
2020-09-16 09:32:08.430,4.741,5100
2020-09-16 09:32:10.950,4.742,1500
2020-09-16 09:32:11.830,4.741,90200
2020-09-16 09:32:11.830,4.741,3000
2020-09-16 09:32:11.830,4.741,2000
2020-09-16 09:32:11.830,4.741,3000
2020-09-16 09:32:11.830,4.741,100
2020-09-16 09:32:12.640,4.74,100
2020-09-16 09:32:12.640,4.74,3000
2020-09-16 09:32:12.640,4.74,14900
2020-09-16 09:32:12.640,4.74,1000
2020-09-16 09:32:12.640,4.74,1500
2020-09-16 09:32:12.640,4.74,5300
2020-09-16 09:32:12.640,4.74,100
2020-09-16 09:32:12.640,4.74,17400
2020-09-16 09:32:12.640,4.74,4000
2020-09-16 09:32:12.640,4.74,50000
2020-09-16 09:32:12.640,4.74,5000
2020-09-16 09:32:12.640,4.74,5000
2020-09-16 09:32:12.640,4.74,5000
2020-09-16 09:32:12.640,4.74,400
2020-09-16 09:32:12.940,4.739,30000
2020-09-16 09:32:12.940,4.739,1000
2020-09-16 09:32:12.940,4.739,2000
2020-09-16 09:32:13.540,4.74,25800
2020-09-16 09:32:13.790,4.74,3000
2020-09-16 09:32:14.660,4.739,10000
2020-09-16 09:32:15.670,4.74,8600
2020-09-16 09:32:15.670,4.741,11400
2020-09-16 09:32:18.020,4.741,100
2020-09-16 09:32:19.160,4.741,27600
2020-09-16 09:32:22.030,4.74,3000
2020-09-16 09:32:22.030,4.74,2000
2020-09-16 09:32:22.030,4.74,10000
2020-09-16 09:32:22.350,4.739,500
2020-09-16 09:32:24.470,4.74,11400
2020-09-16 09:32:24.470,4.74,50000
2020-09-16 09:32:24.470,4.74,100
2020-09-16 09:32:24.770,4.741,2400
2020-09-16 09:32:24.770,4.741,3500
2020-09-16 09:32:24.770,4.741,3100
2020-09-16 09:32:24.770,4.741,1000
2020-09-16 09:32:24.770,4.742,10000
2020-09-16 09:32:24.770,4.742,6800
2020-09-16 09:32:25.460,4.74,5000
2020-09-16 09:32:27.840,4.74,20500
2020-09-16 09:32:27.980,4.741,5000
2020-09-16 09:32:28.730,4.74,113000
2020-09-16 09:32:28.730,4.74,200
2020-09-16 09:32:28.730,4.739,36900
2020-09-16 09:32:29.230,4.74,700
2020-09-16 09:32:29.560,4.74,300
2020-09-16 09:32:29.560,4.739,600
2020-09-16 09:32:29.560,4.739,1400
2020-09-16 09:32:30.490,4.739,5000
2020-09-16 09:32:31.810,4.74,100
2020-09-16 09:32:32.970,4.74,4900
2020-09-16 09:32:32.970,4.74,2000
2020-09-16 09:32:33.690,4.74,300
2020-09-16 09:32:33.860,4.74,2700
2020-09-16 09:32:36.660,4.739,9000
2020-09-16 09:32:36.720,4.74,1300
2020-09-16 09:32:36.720,4.74,1100
2020-09-16 09:32:36.720,4.74,15700
2020-09-16 09:32:37.620,4.739,5300
2020-09-16 09:32:38.210,4.74,1100
2020-09-16 09:32:38.600,4.74,2000
2020-09-16 09:32:39.720,4.74,2100
2020-09-16 09:32:40.530,4.74,500
2020-09-16 09:32:42.130,4.739,100
2020-09-16 09:32:42.250,4.74,15000
2020-09-16 09:32:42.520,4.74,18000
2020-09-16 09:32:43.120,4.74,600
2020-09-16 09:32:43.560,4.739,9200
2020-09-16 09:32:43.560,4.739,100
2020-09-16 09:32:43.560,4.739,15700
2020-09-16 09:32:43.680,4.739,1000
2020-09-16 09:32:43.860,4.739,1000
2020-09-16 09:32:45.170,4.74,71400
2020-09-16 09:32:46.590,4.74,1000
2020-09-16 09:32:47.730,4.74,10000
2020-09-16 09:32:49.010,4.739,500
2020-09-16 09:32:52.250,4.739,1200
2020-09-16 09:32:52.820,4.739,4200
2020-09-16 09:32:53.270,4.739,26400
2020-09-16 09:32:53.270,4.739,5000
2020-09-16 09:32:53.270,4.739,300
2020-09-16 09:32:53.270,4.739,5000
2020-09-16 09:32:53.270,4.739,5000
2020-09-16 09:32:53.270,4.739,700
2020-09-16 09:32:53.570,4.739,300
2020-09-16 09:32:53.570,4.739,300
2020-09-16 09:32:53.570,4.739,1200
2020-09-16 09:32:53.570,4.739,17000
2020-09-16 09:32:54.350,4.739,1000
2020-09-16 09:32:54.900,4.739,1000
2020-09-16 09:32:57.870,4.738,3000
2020-09-16 09:32:59.340,4.739,42200
2020-09-16 09:33:00.000,4.739,300
2020-09-16 09:33:00.760,4.739,500
2020-09-16 09:33:01.080,4.738,3200
2020-09-16 09:33:01.080,4.738,2000
2020-09-16 09:33:01.080,4.738,4800
2020-09-16 09:33:02.100,4.738,1000
2020-09-16 09:33:02.470,4.738,900
2020-09-16 09:33:02.470,4.738,200
2020-09-16 09:33:02.470,4.738,6700
2020-09-16 09:33:02.470,4.738,6700
2020-09-16 09:33:02.470,4.738,400
2020-09-16 09:33:02.470,4.738,2000
2020-09-16 09:33:02.470,4.738,4100
2020-09-16 09:33:03.000,4.738,900
2020-09-16 09:33:03.000,4.738,2100
2020-09-16 09:33:03.910,4.739,300
2020-09-16 09:33:04.200,4.738,3000
2020-09-16 09:33:04.450,4.738,1600
2020-09-16 09:33:07.210,4.738,20000
2020-09-16 09:33:07.700,4.738,100
2020-09-16 09:33:07.970,4.738,10500
2020-09-16 09:33:08.520,4.738,1200
2020-09-16 09:33:09.010,4.738,18000
2020-09-16 09:33:09.370,4.738,19400
2020-09-16 09:33:09.370,4.738,10000
2020-09-16 09:33:09.410,4.737,1200
2020-09-16 09:33:09.410,4.737,35300
2020-09-16 09:33:09.810,4.738,4300
2020-09-16 09:33:10.140,4.739,36500
2020-09-16 09:33:10.140,4.739,2100
2020-09-16 09:33:10.140,4.739,3500
2020-09-16 09:33:10.140,4.739,800
2020-09-16 09:33:10.140,4.739,17800
2020-09-16 09:33:10.140,4.739,6000
2020-09-16 09:33:10.140,4.739,5000
2020-09-16 09:33:10.140,4.739,4000
2020-09-16 09:33:10.140,4.739,100
2020-09-16 09:33:10.140,4.739,500
2020-09-16 09:33:10.140,4.739,1000
2020-09-16 09:33:10.140,4.739,2500
2020-09-16 09:33:11.110,4.74,5000
2020-09-16 09:33:12.200,4.738,1500
2020-09-16 09:33:12.230,4.738,100
2020-09-16 09:33:12.320,4.74,7600
2020-09-16 09:33:12.320,4.74,2000
2020-09-16 09:33:12.320,4.74,10000
2020-09-16 09:33:12.320,4.74,1000
2020-09-16 09:33:12.320,4.74,500
2020-09-16 09:33:12.320,4.74,4200
2020-09-16 09:33:12.320,4.74,5000
2020-09-16 09:33:12.320,4.74,2700
2020-09-16 09:33:14.060,4.738,1400
2020-09-16 09:33:14.610,4.738,200
2020-09-16 09:33:14.610,4.738,6800
2020-09-16 09:33:14.610,4.738,3400
2020-09-16 09:33:15.200,4.738,2000
2020-09-16 09:33:17.130,4.739,1900
2020-09-16 09:33:17.340,4.739,1300
2020-09-16 09:33:17.490,4.739,100
2020-09-16 09:33:17.550,4.739,10000
2020-09-16 09:33:18.260,4.74,22300
2020-09-16 09:33:18.260,4.74,3500
2020-09-16 09:33:19.420,4.74,500
2020-09-16 09:33:19.450,4.739,300
2020-09-16 09:33:19.580,4.74,1000
2020-09-16 09:33:19.580,4.74,1000
2020-09-16 09:33:19.920,4.739,1300
2020-09-16 09:33:20.130,4.739,600
2020-09-16 09:33:21.420,4.739,14500
2020-09-16 09:33:21.420,4.739,50000
2020-09-16 09:33:21.420,4.738,5000
2020-09-16 09:33:21.420,4.738,3000
2020-09-16 09:33:22.110,4.738,200
2020-09-16 09:33:22.400,4.738,50000
2020-09-16 09:33:24.260,4.737,8000
2020-09-16 09:33:24.510,4.738,100000
2020-09-16 09:33:25.560,4.738,10900
2020-09-16 09:33:26.350,4.738,41900
2020-09-16 09:33:26.470,4.738,38500
2020-09-16 09:33:26.870,4.737,6700
2020-09-16 09:33:26.870,4.737,6000
2020-09-16 09:33:26.870,4.737,13100
2020-09-16 09:33:26.870,4.737,4200
2020-09-16 09:33:26.870,4.737,800
2020-09-16 09:33:26.870,4.737,600
2020-09-16 09:33:27.270,4.738,36800
2020-09-16 09:33:27.270,4.738,10000
2020-09-16 09:33:27.270,4.738,100000
2020-09-16 09:33:27.270,4.738,1100
2020-09-16 09:33:27.510,4.738,116300
2020-09-16 09:33:27.550,4.737,4000
2020-09-16 09:33:28.250,4.738,200
2020-09-16 09:33:28.470,4.737,200
2020-09-16 09:33:29.110,4.738,5500
2020-09-16 09:33:29.390,4.738,20000
2020-09-16 09:33:29.480,4.737,5600
2020-09-16 09:33:29.540,4.737,14000
2020-09-16 09:33:29.540,4.737,6000
2020-09-16 09:33:29.540,4.737,5000
2020-09-16 09:33:29.540,4.737,500
2020-09-16 09:33:29.540,4.737,500
2020-09-16 09:33:30.040,4.737,500
2020-09-16 09:33:30.260,4.736,2000
2020-09-16 09:33:30.260,4.736,50000
2020-09-16 09:33:30.260,4.736,900
2020-09-16 09:33:30.560,4.736,29100
2020-09-16 09:33:30.560,4.736,5000
2020-09-16 09:33:30.560,4.736,5000
2020-09-16 09:33:30.560,4.736,300
2020-09-16 09:33:30.560,4.736,100
2020-09-16 09:33:30.560,4.736,500
2020-09-16 09:33:30.560,4.736,2000
2020-09-16 09:33:30.560,4.736,12000
2020-09-16 09:33:30.560,4.736,10000
2020-09-16 09:33:30.560,4.736,100
2020-09-16 09:33:30.560,4.736,6000
2020-09-16 09:33:30.560,4.735,1000
2020-09-16 09:33:30.560,4.735,100
2020-09-16 09:33:30.560,4.735,2500
2020-09-16 09:33:30.560,4.735,500
2020-09-16 09:33:30.560,4.735,200
2020-09-16 09:33:30.560,4.735,3000
2020-09-16 09:33:30.560,4.735,400
2020-09-16 09:33:30.560,4.735,4100
2020-09-16 09:33:30.560,4.735,11000
2020-09-16 09:33:30.560,4.735,3000
2020-09-16 09:33:30.560,4.735,1100
2020-09-16 09:33:30.560,4.735,5000
2020-09-16 09:33:30.560,4.735,100
2020-09-16 09:33:30.560,4.735,1000
2020-09-16 09:33:30.560,4.734,100
2020-09-16 09:33:30.560,4.734,400
2020-09-16 09:33:30.560,4.734,3000
2020-09-16 09:33:30.560,4.734,4000
2020-09-16 09:33:30.560,4.734,10000
2020-09-16 09:33:30.560,4.734,500
2020-09-16 09:33:30.560,4.734,29000
2020-09-16 09:33:31.100,4.735,50000
2020-09-16 09:33:31.380,4.737,20000
2020-09-16 09:33:31.510,4.735,50000
2020-09-16 09:33:32.630,4.737,1000
2020-09-16 09:33:32.750,4.737,50000
2020-09-16 09:33:33.230,4.737,10000
2020-09-16 09:33:33.230,4.735,200
2020-09-16 09:33:33.680,4.737,500
2020-09-16 09:33:33.920,4.737,500
2020-09-16 09:33:34.340,4.737,100
2020-09-16 09:33:34.880,4.737,1000
2020-09-16 09:33:36.230,4.737,42200
2020-09-16 09:33:36.620,4.737,21200
2020-09-16 09:33:37.510,4.737,12400
2020-09-16 09:33:37.510,4.737,100
2020-09-16 09:33:37.510,4.737,5000
2020-09-16 09:33:37.900,4.738,100
2020-09-16 09:33:38.260,4.738,1900
2020-09-16 09:33:38.260,4.738,100
2020-09-16 09:33:38.260,4.739,500
2020-09-16 09:33:38.260,4.739,1000
2020-09-16 09:33:38.260,4.739,5000
2020-09-16 09:33:38.260,4.74,13400
2020-09-16 09:33:38.640,4.737,900
2020-09-16 09:33:39.960,4.737,10000
2020-09-16 09:33:41.660,4.737,2400
2020-09-16 09:33:41.750,4.737,58600
2020-09-16 09:33:41.810,4.737,17100
2020-09-16 09:33:41.930,4.737,5200
2020-09-16 09:33:42.330,4.737,3000
2020-09-16 09:33:43.060,4.737,3400
2020-09-16 09:33:43.750,4.737,5000
2020-09-16 09:33:45.560,4.738,100
2020-09-16 09:33:47.330,4.738,9900
2020-09-16 09:33:47.330,4.738,10100
2020-09-16 09:33:47.870,4.738,1000
2020-09-16 09:33:48.460,4.738,10000
2020-09-16 09:33:48.580,4.738,4000
2020-09-16 09:33:49.000,4.738,8000
2020-09-16 09:33:50.440,4.739,3000
2020-09-16 09:33:50.440,4.739,18900
2020-09-16 09:33:50.660,4.738,700
2020-09-16 09:33:51.120,4.739,100
2020-09-16 09:33:53.020,4.738,1000
2020-09-16 09:33:53.050,4.738,1100
2020-09-16 09:33:53.590,4.738,15800
2020-09-16 09:33:53.590,4.738,5000
2020-09-16 09:33:53.590,4.738,10000
2020-09-16 09:33:53.590,4.737,119300
2020-09-16 09:33:54.620,4.738,100
2020-09-16 09:33:55.570,4.737,50000
2020-09-16 09:33:55.690,4.738,11000
2020-09-16 09:33:55.750,4.738,29000
2020-09-16 09:33:56.200,4.738,300
2020-09-16 09:33:58.680,4.738,7000
2020-09-16 09:33:59.590,4.737,130000
2020-09-16 09:33:59.850,4.738,10000
2020-09-16 09:34:02.290,4.738,5000
2020-09-16 09:34:03.150,4.737,4200
2020-09-16 09:34:04.030,4.738,20000
2020-09-16 09:34:04.030,4.738,900
2020-09-16 09:34:04.030,4.738,100
2020-09-16 09:34:04.030,4.738,5100
2020-09-16 09:34:04.670,4.738,100
2020-09-16 09:34:05.330,4.738,3400
2020-09-16 09:34:05.330,4.738,4000
2020-09-16 09:34:05.360,4.738,39000
2020-09-16 09:34:05.850,4.738,1300
2020-09-16 09:34:06.560,4.738,9400
2020-09-16 09:34:09.000,4.738,20000
2020-09-16 09:34:09.360,4.738,2500
2020-09-16 09:34:10.360,4.739,246700
2020-09-16 09:34:10.360,4.739,6000
2020-09-16 09:34:10.360,4.739,20000
2020-09-16 09:34:10.360,4.739,5000
2020-09-16 09:34:11.830,4.739,1000
2020-09-16 09:34:12.340,4.739,5000
2020-09-16 09:34:13.730,4.739,2600
2020-09-16 09:34:15.860,4.739,1000
2020-09-16 09:34:16.970,4.739,1000
2020-09-16 09:34:19.460,4.74,2000
2020-09-16 09:34:20.610,4.739,150100
2020-09-16 09:34:21.610,4.74,200
2020-09-16 09:34:22.570,4.739,4000
2020-09-16 09:34:23.370,4.739,31000
2020-09-16 09:34:23.370,4.739,20000
2020-09-16 09:34:25.730,4.739,1000
2020-09-16 09:34:25.880,4.739,300
2020-09-16 09:34:26.080,4.739,500
2020-09-16 09:34:26.360,4.739,500
2020-09-16 09:34:28.780,4.738,4000
2020-09-16 09:34:29.370,4.739,3000
2020-09-16 09:34:29.780,4.739,6000
2020-09-16 09:34:30.070,4.738,200000
2020-09-16 09:34:30.940,4.739,61000
2020-09-16 09:34:31.860,4.739,100
2020-09-16 09:34:32.720,4.739,200
2020-09-16 09:34:32.840,4.738,1000
2020-09-16 09:34:33.100,4.738,100
2020-09-16 09:34:34.190,4.738,13300
2020-09-16 09:34:34.250,4.739,500
2020-09-16 09:34:35.720,4.738,1800
2020-09-16 09:34:38.700,4.738,200
2020-09-16 09:34:38.700,4.738,1800
2020-09-16 09:34:40.880,4.739,75900
2020-09-16 09:34:40.880,4.739,2900
2020-09-16 09:34:40.880,4.739,3700
2020-09-16 09:34:40.880,4.739,4300
2020-09-16 09:34:40.880,4.739,20000
2020-09-16 09:34:40.880,4.739,10000
2020-09-16 09:34:40.880,4.739,10000
2020-09-16 09:34:40.880,4.739,5000
2020-09-16 09:34:40.880,4.739,10000
2020-09-16 09:34:40.880,4.739,14000
2020-09-16 09:34:40.880,4.739,144200
2020-09-16 09:34:42.960,4.738,200
2020-09-16 09:34:42.960,4.738,2600
2020-09-16 09:34:43.850,4.739,10000
2020-09-16 09:34:45.500,4.738,500
2020-09-16 09:34:45.950,4.739,500
2020-09-16 09:34:46.990,4.738,1900
2020-09-16 09:34:46.990,4.738,2000
2020-09-16 09:34:46.990,4.738,100
2020-09-16 09:34:47.370,4.739,102000
2020-09-16 09:34:47.370,4.739,3700
2020-09-16 09:34:47.370,4.739,1000
2020-09-16 09:34:48.500,4.739,5000
2020-09-16 09:34:49.110,4.739,150100
2020-09-16 09:34:52.010,4.739,8600
2020-09-16 09:34:52.580,4.739,5500
2020-09-16 09:34:53.380,4.739,4900
2020-09-16 09:34:54.130,4.739,10000
2020-09-16 09:34:56.230,4.739,9200
2020-09-16 09:34:56.230,4.739,500
2020-09-16 09:34:56.230,4.739,100
2020-09-16 09:34:59.270,4.739,100
2020-09-16 09:34:59.810,4.738,4900
2020-09-16 09:34:59.810,4.738,100
2020-09-16 09:34:59.810,4.738,10000
2020-09-16 09:34:59.810,4.738,31100
2020-09-16 09:35:01.120,4.739,3000
2020-09-16 09:35:02.890,4.739,1600
2020-09-16 09:35:04.080,4.739,700
2020-09-16 09:35:06.370,4.739,3000
2020-09-16 09:35:06.980,4.738,28900
2020-09-16 09:35:06.980,4.738,500
2020-09-16 09:35:06.980,4.738,1000
2020-09-16 09:35:06.980,4.738,100
2020-09-16 09:35:06.980,4.738,600
2020-09-16 09:35:06.980,4.738,2100
2020-09-16 09:35:06.980,4.738,500
2020-09-16 09:35:06.980,4.738,900
2020-09-16 09:35:07.880,4.739,100
2020-09-16 09:35:08.080,4.738,100
2020-09-16 09:35:08.220,4.739,1000
2020-09-16 09:35:08.280,4.738,4000
2020-09-16 09:35:08.280,4.738,2200
2020-09-16 09:35:08.280,4.738,100
2020-09-16 09:35:08.280,4.738,5000
2020-09-16 09:35:08.280,4.738,6500
2020-09-16 09:35:08.280,4.738,100
2020-09-16 09:35:08.280,4.738,2500
2020-09-16 09:35:08.280,4.738,30000
2020-09-16 09:35:08.280,4.738,3000
2020-09-16 09:35:08.280,4.738,1000
2020-09-16 09:35:08.600,4.737,1400
2020-09-16 09:35:08.600,4.737,100
2020-09-16 09:35:08.600,4.737,3000
2020-09-16 09:35:08.600,4.737,1000
2020-09-16 09:35:08.600,4.737,100
2020-09-16 09:35:08.600,4.737,500
2020-09-16 09:35:08.600,4.737,40000
2020-09-16 09:35:08.600,4.737,3000
2020-09-16 09:35:08.600,4.737,100
2020-09-16 09:35:08.600,4.737,60000
2020-09-16 09:35:10.210,4.737,600
2020-09-16 09:35:11.250,4.737,2000
2020-09-16 09:35:12.860,4.736,50000
2020-09-16 09:35:12.860,4.736,3200
2020-09-16 09:35:12.860,4.736,10582
2020-09-16 09:35:16.730,4.737,30000
2020-09-16 09:35:17.820,4.736,19418
2020-09-16 09:35:17.820,4.736,2582
2020-09-16 09:35:18.390,4.737,1000
2020-09-16 09:35:18.720,4.736,34418
2020-09-16 09:35:18.720,4.736,3000
2020-09-16 09:35:18.720,4.736,6000
2020-09-16 09:35:20.110,4.736,400
2020-09-16 09:35:20.250,4.736,7000
2020-09-16 09:35:20.360,4.736,500
2020-09-16 09:35:20.400,4.736,3000
2020-09-16 09:35:21.230,4.736,205282
2020-09-16 09:35:21.230,4.736,7300
2020-09-16 09:35:21.230,4.736,500
2020-09-16 09:35:21.230,4.736,12000
2020-09-16 09:35:21.230,4.736,1200
2020-09-16 09:35:21.230,4.737,33000
2020-09-16 09:35:21.230,4.737,3000
2020-09-16 09:35:21.230,4.737,37718
2020-09-16 09:35:21.700,4.735,1000
2020-09-16 09:35:24.010,4.736,1000
2020-09-16 09:35:24.010,4.737,12282
2020-09-16 09:35:24.010,4.738,6718
2020-09-16 09:35:26.140,4.735,2800
2020-09-16 09:35:27.990,4.737,100
2020-09-16 09:35:27.990,4.737,500
2020-09-16 09:35:27.990,4.736,100
2020-09-16 09:35:27.990,4.736,1000
2020-09-16 09:35:27.990,4.736,100
2020-09-16 09:35:27.990,4.735,8200
2020-09-16 09:35:28.990,4.736,500
2020-09-16 09:35:29.520,4.736,49500
2020-09-16 09:35:29.520,4.737,50000
2020-09-16 09:35:29.520,4.738,38882
2020-09-16 09:35:29.520,4.738,200
2020-09-16 09:35:29.520,4.738,1700
2020-09-16 09:35:29.520,4.738,129700
2020-09-16 09:35:29.520,4.738,10000
2020-09-16 09:35:29.990,4.738,3000
2020-09-16 09:35:31.130,4.738,17018
2020-09-16 09:35:32.050,4.735,38000
2020-09-16 09:35:32.050,4.735,5000
2020-09-16 09:35:32.050,4.735,4000
2020-09-16 09:35:32.050,4.735,500
2020-09-16 09:35:32.050,4.735,2000
2020-09-16 09:35:32.050,4.735,100
2020-09-16 09:35:32.050,4.735,1000
2020-09-16 09:35:32.050,4.735,10000
2020-09-16 09:35:32.050,4.735,3000
2020-09-16 09:35:32.050,4.735,200
2020-09-16 09:35:32.050,4.735,200
2020-09-16 09:35:32.050,4.735,5000
2020-09-16 09:35:32.050,4.735,5000
2020-09-16 09:35:32.050,4.735,1000
2020-09-16 09:35:32.050,4.735,3000
2020-09-16 09:35:32.050,4.735,10000
2020-09-16 09:35:32.050,4.735,300
2020-09-16 09:35:32.050,4.735,100
2020-09-16 09:35:32.050,4.735,50000
2020-09-16 09:35:32.050,4.735,4000
2020-09-16 09:35:32.050,4.735,300
2020-09-16 09:35:32.050,4.735,5000
2020-09-16 09:35:32.050,4.735,1000
2020-09-16 09:35:32.050,4.735,2400
2020-09-16 09:35:32.050,4.735,348900
2020-09-16 09:35:33.720,4.736,5000
2020-09-16 09:35:34.920,4.736,27982
2020-09-16 09:35:35.630,4.737,1000
2020-09-16 09:35:37.140,4.736,2600
2020-09-16 09:35:40.140,4.737,100
2020-09-16 09:35:42.500,4.737,10000
2020-09-16 09:35:44.340,4.737,5000
2020-09-16 09:35:44.460,4.736,200
2020-09-16 09:35:45.940,4.737,5000
2020-09-16 09:35:46.800,4.736,2000
2020-09-16 09:35:46.980,4.737,100
2020-09-16 09:35:47.360,4.737,22000
2020-09-16 09:35:47.630,4.737,1300
2020-09-16 09:35:48.310,4.736,84900
2020-09-16 09:35:48.750,4.737,1000
2020-09-16 09:35:49.540,4.737,4500
2020-09-16 09:35:49.540,4.737,5500
2020-09-16 09:35:49.750,4.737,100
2020-09-16 09:35:51.410,4.737,42300
2020-09-16 09:35:51.410,4.737,10000
2020-09-16 09:35:51.410,4.737,4200
2020-09-16 09:35:51.410,4.737,2000
2020-09-16 09:35:51.680,4.737,50000
2020-09-16 09:35:51.970,4.737,200
2020-09-16 09:35:52.090,4.738,1000
2020-09-16 09:35:52.090,4.738,11200
2020-09-16 09:35:52.090,4.738,10000
2020-09-16 09:35:52.090,4.738,5000
2020-09-16 09:35:53.450,4.738,12600
2020-09-16 09:35:53.510,4.738,17600
2020-09-16 09:35:53.780,4.738,10000
2020-09-16 09:35:54.400,4.738,115000
2020-09-16 09:35:54.400,4.737,85000
2020-09-16 09:35:55.720,4.738,17400
2020-09-16 09:35:55.930,4.738,22200
2020-09-16 09:35:57.670,4.738,25000
2020-09-16 09:35:59.320,4.738,1700
2020-09-16 09:36:00.220,4.738,200
2020-09-16 09:36:01.850,4.738,5000
2020-09-16 09:36:02.100,4.738,150100
2020-09-16 09:36:02.820,4.738,1600
2020-09-16 09:36:03.330,4.738,7000
2020-09-16 09:36:03.490,4.738,4700
2020-09-16 09:36:03.740,4.739,23700
2020-09-16 09:36:03.950,4.738,500
2020-09-16 09:36:04.010,4.738,4300
2020-09-16 09:36:04.410,4.738,800
2020-09-16 09:36:04.690,4.738,200000
2020-09-16 09:36:04.870,4.738,10000
2020-09-16 09:36:04.930,4.739,33000
2020-09-16 09:36:05.070,4.739,300
2020-09-16 09:36:05.570,4.738,10000
2020-09-16 09:36:06.520,4.738,10000
2020-09-16 09:36:06.610,4.738,150100
2020-09-16 09:36:08.970,4.739,8300
2020-09-16 09:36:09.540,4.739,500
2020-09-16 09:36:11.000,4.738,200000
2020-09-16 09:36:11.330,4.738,3100
2020-09-16 09:36:12.250,4.739,100
2020-09-16 09:36:12.740,4.739,500
2020-09-16 09:36:13.230,4.738,9800
2020-09-16 09:36:13.770,4.739,400
2020-09-16 09:36:13.830,4.739,5000
2020-09-16 09:36:14.080,4.739,5000
2020-09-16 09:36:14.430,4.739,300
2020-09-16 09:36:15.210,4.738,66500
2020-09-16 09:36:15.210,4.738,300
2020-09-16 09:36:15.210,4.738,1100
2020-09-16 09:36:15.210,4.738,100
2020-09-16 09:36:15.210,4.738,4600
2020-09-16 09:36:15.210,4.738,2000
2020-09-16 09:36:15.960,4.738,200
2020-09-16 09:36:16.350,4.738,3000
2020-09-16 09:36:18.570,4.738,1700
2020-09-16 09:36:21.190,4.737,202600
2020-09-16 09:36:21.950,4.738,1000
2020-09-16 09:36:22.710,4.737,154800
2020-09-16 09:36:22.710,4.737,100
2020-09-16 09:36:22.710,4.737,300
2020-09-16 09:36:22.710,4.737,200
2020-09-16 09:36:22.710,4.737,100
2020-09-16 09:36:22.710,4.737,5000
2020-09-16 09:36:22.710,4.737,700
2020-09-16 09:36:22.710,4.737,4500
2020-09-16 09:36:22.710,4.737,24200
2020-09-16 09:36:22.710,4.737,5300
2020-09-16 09:36:22.710,4.737,2000
2020-09-16 09:36:22.710,4.737,2800
2020-09-16 09:36:23.250,4.738,2900
2020-09-16 09:36:23.590,4.737,32200
2020-09-16 09:36:27.360,4.737,67800
2020-09-16 09:36:27.360,4.737,100
2020-09-16 09:36:27.360,4.738,17100
2020-09-16 09:36:27.360,4.738,10000
2020-09-16 09:36:27.360,4.738,30000
2020-09-16 09:36:27.360,4.738,5600
2020-09-16 09:36:34.150,4.737,100
2020-09-16 09:36:34.150,4.736,3000
2020-09-16 09:36:39.980,4.737,100
2020-09-16 09:36:41.530,4.737,400
2020-09-16 09:36:41.530,4.737,4600
2020-09-16 09:36:42.920,4.736,2000
2020-09-16 09:36:42.920,4.736,1000
2020-09-16 09:36:42.920,4.736,100
2020-09-16 09:36:42.920,4.736,5000
2020-09-16 09:36:42.920,4.736,5000
2020-09-16 09:36:42.920,4.736,3000
2020-09-16 09:36:42.920,4.736,5900
2020-09-16 09:36:43.070,4.736,30000
2020-09-16 09:36:43.510,4.736,10000
2020-09-16 09:36:44.070,4.736,4100
2020-09-16 09:36:44.070,4.736,1500
2020-09-16 09:36:44.070,4.736,10000
2020-09-16 09:36:44.070,4.736,8500
2020-09-16 09:36:44.070,4.736,100
2020-09-16 09:36:44.070,4.736,175800
2020-09-16 09:36:44.580,4.737,500
2020-09-16 09:36:44.580,4.737,1500
2020-09-16 09:36:44.790,4.737,200
2020-09-16 09:36:45.080,4.737,200
2020-09-16 09:36:46.930,4.736,4100
2020-09-16 09:36:48.710,4.736,900
2020-09-16 09:36:50.500,4.737,1000
2020-09-16 09:36:50.830,4.736,200
2020-09-16 09:36:51.400,4.737,1500
2020-09-16 09:36:52.100,4.736,500
2020-09-16 09:36:53.010,4.736,10000
2020-09-16 09:36:53.180,4.736,8600
2020-09-16 09:36:53.180,4.736,1000
2020-09-16 09:36:53.180,4.736,500
2020-09-16 09:36:53.180,4.736,2000
2020-09-16 09:36:53.180,4.736,10000
2020-09-16 09:36:53.180,4.736,1700
2020-09-16 09:36:53.180,4.736,31700
2020-09-16 09:36:53.400,4.737,300
2020-09-16 09:36:53.540,4.736,2000
2020-09-16 09:36:53.600,4.737,100
2020-09-16 09:36:53.710,4.736,1200
2020-09-16 09:36:54.240,4.736,25000
2020-09-16 09:36:54.860,4.736,12400
2020-09-16 09:36:55.390,4.736,800
2020-09-16 09:36:56.000,4.737,200
2020-09-16 09:36:56.420,4.736,6900
2020-09-16 09:36:56.420,4.735,500
2020-09-16 09:36:56.420,4.735,9600
2020-09-16 09:36:58.400,4.736,2000
2020-09-16 09:36:59.370,4.736,50000
2020-09-16 09:37:00.090,4.735,10000
2020-09-16 09:37:02.850,4.736,3000
2020-09-16 09:37:02.940,4.735,10400
2020-09-16 09:37:02.940,4.735,4600
2020-09-16 09:37:04.270,4.735,400
2020-09-16 09:37:04.270,4.735,800
2020-09-16 09:37:04.270,4.735,100
2020-09-16 09:37:04.270,4.735,100
2020-09-16 09:37:04.270,4.735,3000
2020-09-16 09:37:04.270,4.735,1600
2020-09-16 09:37:05.310,4.736,200
2020-09-16 09:37:05.310,4.736,200
2020-09-16 09:37:05.400,4.736,55700
2020-09-16 09:37:06.580,4.736,4400
2020-09-16 09:37:07.010,4.735,400
2020-09-16 09:37:07.010,4.735,100
2020-09-16 09:37:07.040,4.736,84500
2020-09-16 09:37:07.040,4.736,3100
2020-09-16 09:37:07.040,4.736,4300
2020-09-16 09:37:07.040,4.736,1000
2020-09-16 09:37:07.040,4.736,1000
2020-09-16 09:37:07.450,4.737,85800
2020-09-16 09:37:10.030,4.736,3200
2020-09-16 09:37:10.060,4.736,400
2020-09-16 09:37:11.330,4.737,400
2020-09-16 09:37:11.330,4.736,1500
2020-09-16 09:37:12.080,4.738,100
2020-09-16 09:37:13.990,4.736,5000
2020-09-16 09:37:15.290,4.737,5500
2020-09-16 09:37:16.370,4.737,5100
2020-09-16 09:37:16.370,4.736,40200
2020-09-16 09:37:18.360,4.737,100
2020-09-16 09:37:20.420,4.738,500
2020-09-16 09:37:22.580,4.738,5000
2020-09-16 09:37:22.730,4.738,4400
2020-09-16 09:37:22.730,4.738,600
2020-09-16 09:37:23.820,4.737,9900
2020-09-16 09:37:23.820,4.737,10000
2020-09-16 09:37:24.510,4.737,100
2020-09-16 09:37:24.510,4.737,20000
2020-09-16 09:37:24.510,4.737,20000
2020-09-16 09:37:24.800,4.737,20000
2020-09-16 09:37:25.430,4.737,20000
2020-09-16 09:37:25.760,4.737,20000
2020-09-16 09:37:25.850,4.738,200
2020-09-16 09:37:26.050,4.737,20000
2020-09-16 09:37:26.350,4.737,20000
2020-09-16 09:37:26.660,4.737,20000
2020-09-16 09:37:26.970,4.738,1100
2020-09-16 09:37:28.210,4.737,1500
2020-09-16 09:37:30.110,4.737,60000
2020-09-16 09:37:30.630,4.737,8000
2020-09-16 09:37:31.820,4.738,5000
2020-09-16 09:37:32.480,4.737,500
2020-09-16 09:37:35.720,4.737,1000
2020-09-16 09:37:35.720,4.737,500
2020-09-16 09:37:35.960,4.738,100
2020-09-16 09:37:41.120,4.737,500
2020-09-16 09:37:41.480,4.738,3000
2020-09-16 09:37:41.480,4.738,200
2020-09-16 09:37:41.480,4.738,100
2020-09-16 09:37:41.480,4.738,1700
2020-09-16 09:37:41.480,4.738,41600
2020-09-16 09:37:41.480,4.738,5000
2020-09-16 09:37:41.480,4.738,10000
2020-09-16 09:37:41.480,4.738,65800
2020-09-16 09:37:41.480,4.738,16000
2020-09-16 09:37:41.480,4.738,10000
2020-09-16 09:37:42.430,4.738,27800
2020-09-16 09:37:44.330,4.738,600
2020-09-16 09:37:44.910,4.738,4500
2020-09-16 09:37:44.910,4.738,295500
2020-09-16 09:37:46.080,4.738,70000
2020-09-16 09:37:49.270,4.739,1000
2020-09-16 09:37:49.940,4.739,600
2020-09-16 09:37:50.570,4.738,2000
2020-09-16 09:37:52.530,4.739,200
2020-09-16 09:37:53.150,4.738,100
2020-09-16 09:37:54.150,4.739,10000
2020-09-16 09:37:55.280,4.739,10000
2020-09-16 09:37:55.720,4.738,2500
2020-09-16 09:37:58.010,4.738,88000
2020-09-16 09:37:58.720,4.739,7500
2020-09-16 09:37:58.720,4.739,500
2020-09-16 09:37:58.720,4.739,50000
2020-09-16 09:37:58.720,4.739,1600
2020-09-16 09:37:58.720,4.739,3000
2020-09-16 09:37:58.720,4.739,59700
2020-09-16 09:37:58.720,4.739,8100
2020-09-16 09:37:58.720,4.739,2300
2020-09-16 09:37:58.720,4.739,1300
2020-09-16 09:37:58.720,4.739,1000
2020-09-16 09:37:58.720,4.739,10000
2020-09-16 09:37:58.720,4.739,20000
2020-09-16 09:37:58.720,4.74,84400
2020-09-16 09:37:58.720,4.74,5000
2020-09-16 09:37:58.720,4.74,50000
2020-09-16 09:37:58.720,4.74,1000
2020-09-16 09:37:58.720,4.74,1000
2020-09-16 09:37:58.720,4.74,2000
2020-09-16 09:37:58.720,4.74,1000
2020-09-16 09:37:58.720,4.74,500
2020-09-16 09:37:58.720,4.74,4000
2020-09-16 09:37:58.720,4.74,50000
2020-09-16 09:37:58.720,4.74,4000
2020-09-16 09:37:58.720,4.74,1300
2020-09-16 09:37:58.720,4.74,50000
2020-09-16 09:37:58.720,4.74,30000
2020-09-16 09:37:58.720,4.74,30000
2020-09-16 09:37:58.720,4.74,420800
2020-09-16 09:37:58.830,4.738,600
2020-09-16 09:38:01.520,4.739,100
2020-09-16 09:38:01.520,4.738,3900
2020-09-16 09:38:08.050,4.739,500
2020-09-16 09:38:08.050,4.739,100
2020-09-16 09:38:08.050,4.739,1300
2020-09-16 09:38:08.870,4.739,4400
2020-09-16 09:38:10.280,4.74,2000
2020-09-16 09:38:11.780,4.74,3500
2020-09-16 09:38:15.350,4.74,500
2020-09-16 09:38:16.630,4.74,100
2020-09-16 09:38:17.080,4.739,2400
2020-09-16 09:38:17.330,4.739,5800
2020-09-16 09:38:18.330,4.739,6100
2020-09-16 09:38:18.330,4.739,400
2020-09-16 09:38:18.330,4.739,2000
2020-09-16 09:38:18.330,4.739,20000
2020-09-16 09:38:18.330,4.739,101500
2020-09-16 09:38:19.310,4.74,300
2020-09-16 09:38:19.490,4.74,20000
2020-09-16 09:38:20.340,4.74,2000
2020-09-16 09:38:20.900,4.74,1600
2020-09-16 09:38:20.900,4.74,3400
2020-09-16 09:38:21.560,4.74,200
2020-09-16 09:38:21.850,4.739,19000
2020-09-16 09:38:22.030,4.739,6300
2020-09-16 09:38:22.360,4.739,30000
2020-09-16 09:38:22.740,4.74,50000
2020-09-16 09:38:23.250,4.739,30000
2020-09-16 09:38:24.120,4.739,300000
2020-09-16 09:38:24.230,4.739,30000
2020-09-16 09:38:24.290,4.739,383200
2020-09-16 09:38:24.290,4.739,100
2020-09-16 09:38:24.290,4.739,5000
2020-09-16 09:38:24.720,4.739,200
2020-09-16 09:38:25.250,4.739,10000
2020-09-16 09:38:26.480,4.739,20000
2020-09-16 09:38:26.760,4.739,700
2020-09-16 09:38:28.800,4.739,2000
2020-09-16 09:38:29.370,4.738,3000
2020-09-16 09:38:29.370,4.738,4500
2020-09-16 09:38:30.070,4.739,47000
2020-09-16 09:38:30.460,4.739,300
2020-09-16 09:38:32.920,4.739,300
2020-09-16 09:38:38.030,4.739,500
2020-09-16 09:38:39.150,4.739,200
2020-09-16 09:38:39.930,4.738,5500
2020-09-16 09:38:39.930,4.738,1000
2020-09-16 09:38:39.930,4.738,100
2020-09-16 09:38:39.930,4.738,20000
2020-09-16 09:38:39.930,4.738,5000
2020-09-16 09:38:39.930,4.738,1000
2020-09-16 09:38:39.930,4.738,10000
2020-09-16 09:38:39.930,4.738,700
2020-09-16 09:38:39.960,4.739,300
2020-09-16 09:38:39.960,4.739,1700
2020-09-16 09:38:40.350,4.739,156000
2020-09-16 09:38:41.760,4.739,100
2020-09-16 09:38:42.410,4.738,300
2020-09-16 09:38:42.410,4.738,500
2020-09-16 09:38:42.410,4.738,20000
2020-09-16 09:38:42.410,4.738,2000
2020-09-16 09:38:42.410,4.739,242200
2020-09-16 09:38:42.410,4.739,20000
2020-09-16 09:38:44.740,4.739,800
2020-09-16 09:38:45.490,4.739,2500
2020-09-16 09:38:46.110,4.739,2000
2020-09-16 09:38:46.800,4.74,600
2020-09-16 09:38:46.930,4.739,2000
2020-09-16 09:38:47.430,4.739,20000
2020-09-16 09:38:47.640,4.74,1000
2020-09-16 09:38:48.030,4.739,200
2020-09-16 09:38:49.310,4.739,30000
2020-09-16 09:38:49.370,4.739,10000
2020-09-16 09:38:49.370,4.739,100
2020-09-16 09:38:51.690,4.739,24700
2020-09-16 09:38:51.720,4.74,100
2020-09-16 09:38:51.980,4.74,10000
2020-09-16 09:38:53.020,4.739,5000
2020-09-16 09:38:53.320,4.74,1000
2020-09-16 09:38:55.860,4.739,300000
2020-09-16 09:38:55.940,4.739,40000
2020-09-16 09:38:56.800,4.739,5100
2020-09-16 09:39:02.130,4.739,3000
2020-09-16 09:39:04.850,4.739,100
2020-09-16 09:39:05.290,4.74,4000
2020-09-16 09:39:05.780,4.74,1000
2020-09-16 09:39:05.980,4.739,700
2020-09-16 09:39:06.070,4.74,2000
2020-09-16 09:39:06.420,4.739,2000
2020-09-16 09:39:07.030,4.74,400
2020-09-16 09:39:10.500,4.74,5000
2020-09-16 09:39:10.870,4.739,30000
2020-09-16 09:39:10.960,4.739,30000
2020-09-16 09:39:11.710,4.74,21300
2020-09-16 09:39:11.710,4.74,2000
2020-09-16 09:39:11.710,4.74,4000
2020-09-16 09:39:11.710,4.74,40600
2020-09-16 09:39:11.790,4.739,83900
2020-09-16 09:39:11.880,4.739,30000
2020-09-16 09:39:12.560,4.74,100
2020-09-16 09:39:12.830,4.739,10200
2020-09-16 09:39:12.830,4.739,2000
2020-09-16 09:39:12.830,4.739,200
2020-09-16 09:39:12.830,4.739,17600
2020-09-16 09:39:13.130,4.739,123000
2020-09-16 09:39:13.130,4.739,3000
2020-09-16 09:39:13.130,4.739,600
2020-09-16 09:39:13.520,4.739,800
2020-09-16 09:39:13.520,4.739,2200
2020-09-16 09:39:14.220,4.739,2000
2020-09-16 09:39:14.840,4.739,400
2020-09-16 09:39:21.120,4.738,3000
2020-09-16 09:39:21.210,4.738,1100
2020-09-16 09:39:21.210,4.738,200
2020-09-16 09:39:21.210,4.738,5000
2020-09-16 09:39:21.210,4.738,20000
2020-09-16 09:39:21.210,4.738,3000
2020-09-16 09:39:21.210,4.738,700
2020-09-16 09:39:22.320,4.738,19300
2020-09-16 09:39:22.320,4.738,1000
2020-09-16 09:39:22.320,4.738,9700
2020-09-16 09:39:22.430,4.738,300
2020-09-16 09:39:22.430,4.738,500
2020-09-16 09:39:22.430,4.738,500
2020-09-16 09:39:22.430,4.738,800
2020-09-16 09:39:23.970,4.738,100
2020-09-16 09:39:24.050,4.737,3000
2020-09-16 09:39:24.050,4.737,3000
2020-09-16 09:39:24.050,4.737,100
2020-09-16 09:39:24.050,4.737,100
2020-09-16 09:39:24.050,4.737,5000
2020-09-16 09:39:24.050,4.737,20000
2020-09-16 09:39:24.050,4.737,1000
2020-09-16 09:39:24.050,4.737,1000
2020-09-16 09:39:25.540,4.736,500
2020-09-16 09:39:25.540,4.736,300
2020-09-16 09:39:25.540,4.736,100
2020-09-16 09:39:25.540,4.736,2000
2020-09-16 09:39:25.540,4.736,100
2020-09-16 09:39:25.540,4.736,100
2020-09-16 09:39:25.540,4.736,5000
2020-09-16 09:39:25.540,4.736,100
2020-09-16 09:39:25.540,4.736,5000
2020-09-16 09:39:25.540,4.736,1000
2020-09-16 09:39:25.540,4.736,1900
2020-09-16 09:39:25.540,4.736,1000
2020-09-16 09:39:25.540,4.736,3000
2020-09-16 09:39:25.540,4.736,10000
2020-09-16 09:39:25.540,4.736,200
2020-09-16 09:39:25.540,4.736,10000
2020-09-16 09:39:25.540,4.736,3100
2020-09-16 09:39:25.540,4.736,500
2020-09-16 09:39:25.540,4.736,1000
2020-09-16 09:39:25.540,4.736,10000
2020-09-16 09:39:25.540,4.736,3000
2020-09-16 09:39:25.540,4.736,1500
2020-09-16 09:39:26.280,4.736,100
2020-09-16 09:39:26.660,4.736,100
2020-09-16 09:39:27.020,4.735,59700
2020-09-16 09:39:27.020,4.735,200
2020-09-16 09:39:27.020,4.735,50000
2020-09-16 09:39:27.020,4.735,1000
2020-09-16 09:39:27.020,4.735,1000
2020-09-16 09:39:27.020,4.735,300
2020-09-16 09:39:27.020,4.735,2800
2020-09-16 09:39:27.020,4.735,7200
2020-09-16 09:39:27.020,4.735,5000
2020-09-16 09:39:27.020,4.735,20000
2020-09-16 09:39:27.020,4.735,500
2020-09-16 09:39:27.020,4.735,1000
2020-09-16 09:39:27.020,4.735,10000
2020-09-16 09:39:27.020,4.735,6000
2020-09-16 09:39:27.020,4.735,20000
2020-09-16 09:39:27.020,4.735,2000
2020-09-16 09:39:27.020,4.735,1000
2020-09-16 09:39:27.020,4.735,500
2020-09-16 09:39:27.020,4.735,100
2020-09-16 09:39:27.020,4.735,200
2020-09-16 09:39:27.020,4.735,500
2020-09-16 09:39:27.020,4.735,1000
2020-09-16 09:39:27.020,4.735,8000
2020-09-16 09:39:27.020,4.735,5600
2020-09-16 09:39:27.020,4.735,10000
2020-09-16 09:39:27.020,4.735,3600
2020-09-16 09:39:27.020,4.735,400
2020-09-16 09:39:27.020,4.735,4400
2020-09-16 09:39:27.840,4.735,300
2020-09-16 09:39:27.860,4.734,100
2020-09-16 09:39:29.330,4.736,1000
2020-09-16 09:39:29.560,4.736,3000
2020-09-16 09:39:30.230,4.736,300
2020-09-16 09:39:30.470,4.736,4000
2020-09-16 09:39:30.470,4.736,200
2020-09-16 09:39:30.590,4.736,500
2020-09-16 09:39:30.810,4.735,500
2020-09-16 09:39:30.810,4.736,700
2020-09-16 09:39:34.660,4.734,500
2020-09-16 09:39:35.510,4.735,100
2020-09-16 09:39:35.510,4.736,100
2020-09-16 09:39:35.510,4.736,1400
2020-09-16 09:39:35.510,4.737,100
2020-09-16 09:39:37.050,4.737,10000
2020-09-16 09:39:37.520,4.734,4400
2020-09-16 09:39:37.520,4.734,100
2020-09-16 09:39:37.520,4.734,1000
2020-09-16 09:39:37.520,4.734,300
2020-09-16 09:39:37.520,4.734,900
2020-09-16 09:39:41.090,4.736,600
2020-09-16 09:39:42.470,4.736,400
2020-09-16 09:39:42.470,4.735,100
2020-09-16 09:39:43.540,4.735,200
2020-09-16 09:39:48.030,4.735,200
2020-09-16 09:39:48.030,4.735,2800
2020-09-16 09:39:50.490,4.737,100
2020-09-16 09:39:52.270,4.737,10000
2020-09-16 09:39:55.030,4.735,94600
2020-09-16 09:39:55.030,4.735,11100
2020-09-16 09:39:55.030,4.735,400
2020-09-16 09:39:55.030,4.735,2500
2020-09-16 09:39:55.030,4.735,2000
2020-09-16 09:39:55.030,4.735,1000
2020-09-16 09:39:55.030,4.735,100
2020-09-16 09:39:55.030,4.735,10000
2020-09-16 09:39:55.030,4.735,15700
2020-09-16 09:39:55.030,4.735,35300
2020-09-16 09:39:55.030,4.735,300
2020-09-16 09:39:56.650,4.735,15700
2020-09-16 09:39:57.640,4.735,1000
2020-09-16 09:39:58.220,4.735,20900
2020-09-16 09:39:58.220,4.735,300
2020-09-16 09:39:59.530,4.735,1000
2020-09-16 09:40:00.690,4.735,100
2020-09-16 09:40:02.240,4.735,100
2020-09-16 09:40:03.300,4.735,100
2020-09-16 09:40:03.450,4.735,100
2020-09-16 09:40:03.580,4.735,1000
2020-09-16 09:40:04.100,4.734,199100
2020-09-16 09:40:04.100,4.734,25000
2020-09-16 09:40:04.100,4.734,5000
2020-09-16 09:40:04.100,4.734,25000
2020-09-16 09:40:04.100,4.734,10000
2020-09-16 09:40:04.100,4.734,1000
2020-09-16 09:40:04.100,4.734,500
2020-09-16 09:40:04.100,4.734,1700
2020-09-16 09:40:04.100,4.734,700
2020-09-16 09:40:04.100,4.734,3000
2020-09-16 09:40:04.100,4.734,3000
2020-09-16 09:40:04.100,4.734,1000
2020-09-16 09:40:04.100,4.734,1000
2020-09-16 09:40:04.100,4.734,500
2020-09-16 09:40:04.100,4.734,600
2020-09-16 09:40:04.100,4.734,100
2020-09-16 09:40:04.100,4.734,3000
2020-09-16 09:40:04.100,4.734,3000
2020-09-16 09:40:04.100,4.734,500
2020-09-16 09:40:04.100,4.734,2000
2020-09-16 09:40:04.100,4.734,200
2020-09-16 09:40:04.100,4.734,1000
2020-09-16 09:40:04.100,4.734,400
2020-09-16 09:40:04.100,4.734,5000
2020-09-16 09:40:04.100,4.734,1200
2020-09-16 09:40:04.100,4.734,2000
2020-09-16 09:40:04.800,4.734,500
2020-09-16 09:40:05.990,4.734,400
2020-09-16 09:40:06.230,4.734,1000
2020-09-16 09:40:06.340,4.734,200
2020-09-16 09:40:06.710,4.733,3000
2020-09-16 09:40:06.710,4.733,2000
2020-09-16 09:40:08.320,4.734,2400
2020-09-16 09:40:08.320,4.734,3700
2020-09-16 09:40:08.320,4.734,100
2020-09-16 09:40:08.320,4.735,300
2020-09-16 09:40:08.320,4.735,3500
2020-09-16 09:40:09.030,4.735,10000
2020-09-16 09:40:09.220,4.735,6500
2020-09-16 09:40:09.220,4.735,3500
2020-09-16 09:40:10.110,4.734,100
2020-09-16 09:40:11.520,4.733,300
2020-09-16 09:40:11.850,4.734,100
2020-09-16 09:40:12.220,4.733,700
2020-09-16 09:40:12.220,4.733,1800
2020-09-16 09:40:13.170,4.734,200
2020-09-16 09:40:14.160,4.734,2700
2020-09-16 09:40:14.160,4.733,1200
2020-09-16 09:40:14.160,4.733,100
2020-09-16 09:40:14.160,4.733,3000
2020-09-16 09:40:14.160,4.733,200
2020-09-16 09:40:14.160,4.733,500
2020-09-16 09:40:14.470,4.734,6900
2020-09-16 09:40:14.470,4.734,900
2020-09-16 09:40:14.470,4.734,2200
2020-09-16 09:40:14.770,4.734,200
2020-09-16 09:40:15.270,4.733,1000
2020-09-16 09:40:15.580,4.734,200
2020-09-16 09:40:16.030,4.733,3500
2020-09-16 09:40:16.030,4.733,2500
2020-09-16 09:40:16.030,4.733,5000
2020-09-16 09:40:16.030,4.733,100
2020-09-16 09:40:16.440,4.734,1500
2020-09-16 09:40:19.640,4.734,2200
2020-09-16 09:40:20.040,4.733,100
2020-09-16 09:40:20.040,4.733,1000
2020-09-16 09:40:20.040,4.733,500
2020-09-16 09:40:20.040,4.733,10000
2020-09-16 09:40:20.040,4.733,1400
2020-09-16 09:40:20.990,4.734,3700
2020-09-16 09:40:20.990,4.734,1800
2020-09-16 09:40:20.990,4.734,3500
2020-09-16 09:40:20.990,4.734,300
2020-09-16 09:40:23.180,4.735,4300
2020-09-16 09:40:23.790,4.735,39400
2020-09-16 09:40:23.790,4.735,10000
2020-09-16 09:40:23.790,4.735,2000
2020-09-16 09:40:23.790,4.735,200
2020-09-16 09:40:24.880,4.735,1000
2020-09-16 09:40:25.970,4.736,7300
2020-09-16 09:40:25.970,4.736,100
2020-09-16 09:40:26.430,4.736,700
2020-09-16 09:40:27.010,4.736,5900
2020-09-16 09:40:27.490,4.736,500
2020-09-16 09:40:27.610,4.736,100
2020-09-16 09:40:28.840,4.736,10000
2020-09-16 09:40:28.890,4.736,200000
2020-09-16 09:40:29.490,4.736,3000
2020-09-16 09:40:30.900,4.736,900
2020-09-16 09:40:30.930,4.736,300
2020-09-16 09:40:31.860,4.736,2700
2020-09-16 09:40:32.710,4.736,2300
2020-09-16 09:40:33.260,4.737,500
2020-09-16 09:40:35.980,4.737,1000
2020-09-16 09:40:36.420,4.737,100
2020-09-16 09:40:36.560,4.736,5000
2020-09-16 09:40:37.860,4.736,2000
2020-09-16 09:40:38.640,4.737,2100
2020-09-16 09:40:38.720,4.737,26100
2020-09-16 09:40:38.720,4.737,4500
2020-09-16 09:40:38.720,4.737,1900
2020-09-16 09:40:38.720,4.737,14700
2020-09-16 09:40:38.720,4.737,8000
2020-09-16 09:40:38.720,4.737,100
2020-09-16 09:40:38.720,4.738,2500
2020-09-16 09:40:38.720,4.738,30000
2020-09-16 09:40:38.720,4.738,30000
2020-09-16 09:40:38.720,4.738,300000
2020-09-16 09:40:38.720,4.738,30000
2020-09-16 09:40:41.250,4.738,30000
2020-09-16 09:40:41.560,4.738,300000
2020-09-16 09:40:42.650,4.737,200
2020-09-16 09:40:42.650,4.737,1800
2020-09-16 09:40:43.290,4.737,1600
2020-09-16 09:40:43.410,4.737,2200
2020-09-16 09:40:43.610,4.738,800
2020-09-16 09:40:44.290,4.738,299200
2020-09-16 09:40:44.290,4.739,123000
2020-09-16 09:40:45.190,4.737,57600
2020-09-16 09:40:45.190,4.737,600
2020-09-16 09:40:45.190,4.737,1000
2020-09-16 09:40:45.190,4.737,90900
2020-09-16 09:40:46.190,4.738,4500
2020-09-16 09:40:46.790,4.738,25500
2020-09-16 09:40:46.790,4.738,295000
2020-09-16 09:40:47.120,4.738,10000
2020-09-16 09:40:48.560,4.738,300000
2020-09-16 09:40:48.590,4.738,60000
2020-09-16 09:40:48.670,4.738,600
2020-09-16 09:40:49.520,4.738,1500
2020-09-16 09:40:49.550,4.738,207400
2020-09-16 09:40:50.460,4.738,200
2020-09-16 09:40:50.660,4.738,500
2020-09-16 09:40:52.470,4.738,200
2020-09-16 09:40:52.990,4.737,2000
2020-09-16 09:40:52.990,4.737,5000
2020-09-16 09:40:52.990,4.737,500
2020-09-16 09:40:53.660,4.737,1700
2020-09-16 09:40:55.290,4.738,100
2020-09-16 09:40:57.190,4.738,300
2020-09-16 09:40:57.310,4.738,1000
2020-09-16 09:40:57.420,4.738,200
2020-09-16 09:40:57.510,4.738,1000
2020-09-16 09:40:58.230,4.738,5000
2020-09-16 09:40:58.680,4.738,200
2020-09-16 09:40:58.850,4.738,1000
2020-09-16 09:40:59.540,4.738,300
2020-09-16 09:40:59.720,4.737,6400
2020-09-16 09:40:59.870,4.738,10000
2020-09-16 09:41:01.140,4.737,42600
2020-09-16 09:41:01.690,4.738,2000
2020-09-16 09:41:02.370,4.738,1000
2020-09-16 09:41:02.660,4.738,12000
2020-09-16 09:41:04.470,4.737,800
2020-09-16 09:41:04.470,4.737,100
2020-09-16 09:41:04.470,4.737,100
2020-09-16 09:41:05.220,4.738,200
2020-09-16 09:41:05.820,4.738,44800
2020-09-16 09:41:05.820,4.738,20400
2020-09-16 09:41:05.820,4.738,2000
2020-09-16 09:41:06.180,4.738,45400
2020-09-16 09:41:06.180,4.738,20000
2020-09-16 09:41:06.210,4.738,2400
2020-09-16 09:41:06.330,4.738,100
2020-09-16 09:41:06.800,4.738,17500
2020-09-16 09:41:06.800,4.738,60000
2020-09-16 09:41:06.800,4.739,5200
2020-09-16 09:41:06.800,4.739,200
2020-09-16 09:41:06.800,4.739,2000
2020-09-16 09:41:06.800,4.739,4500
2020-09-16 09:41:06.800,4.739,8000
2020-09-16 09:41:06.800,4.739,2500
2020-09-16 09:41:07.030,4.737,5000
2020-09-16 09:41:07.030,4.737,1000
2020-09-16 09:41:07.030,4.737,100
2020-09-16 09:41:07.030,4.737,20000
2020-09-16 09:41:07.860,4.74,4400
2020-09-16 09:41:07.860,4.74,10600
2020-09-16 09:41:07.860,4.74,2000
2020-09-16 09:41:07.860,4.74,5000
2020-09-16 09:41:08.200,4.739,1100
2020-09-16 09:41:09.180,4.739,2400
2020-09-16 09:41:09.210,4.739,3000
2020-09-16 09:41:10.090,4.739,200
2020-09-16 09:41:11.100,4.74,5000
2020-09-16 09:41:11.100,4.74,300000
2020-09-16 09:41:11.100,4.74,5000
2020-09-16 09:41:11.100,4.74,3600
2020-09-16 09:41:11.100,4.74,50000
2020-09-16 09:41:11.100,4.74,200
2020-09-16 09:41:11.100,4.74,2000
2020-09-16 09:41:11.100,4.74,600
2020-09-16 09:41:11.100,4.74,4200
2020-09-16 09:41:11.740,4.74,20000
2020-09-16 09:41:12.260,4.74,6000
2020-09-16 09:41:13.310,4.74,4900
2020-09-16 09:41:14.780,4.74,30000
2020-09-16 09:41:16.320,4.741,200
2020-09-16 09:41:16.940,4.741,49800
2020-09-16 09:41:16.940,4.741,150000
2020-09-16 09:41:16.940,4.741,23200
2020-09-16 09:41:16.940,4.741,5000
2020-09-16 09:41:16.940,4.741,150000
2020-09-16 09:41:16.940,4.741,30000
2020-09-16 09:41:16.940,4.741,30000
2020-09-16 09:41:16.940,4.741,300000
2020-09-16 09:41:16.940,4.742,2000
2020-09-16 09:41:16.940,4.742,100
2020-09-16 09:41:16.940,4.742,2000
2020-09-16 09:41:16.940,4.742,157900
2020-09-16 09:41:18.240,4.741,100
2020-09-16 09:41:18.570,4.74,500
2020-09-16 09:41:19.980,4.741,29900
2020-09-16 09:41:21.680,4.741,1000
2020-09-16 09:41:23.780,4.741,10000
2020-09-16 09:41:25.290,4.742,4000
2020-09-16 09:41:27.070,4.741,3000
2020-09-16 09:41:27.180,4.741,300
2020-09-16 09:41:27.280,4.741,30000
2020-09-16 09:41:28.930,4.742,5000
2020-09-16 09:41:29.290,4.742,100
2020-09-16 09:41:29.290,4.741,30000
2020-09-16 09:41:29.470,4.742,2100
2020-09-16 09:41:29.560,4.741,20000
2020-09-16 09:41:31.280,4.741,500
2020-09-16 09:41:32.000,4.74,1100
2020-09-16 09:41:32.350,4.741,50000
2020-09-16 09:41:33.070,4.741,1000
2020-09-16 09:41:33.160,4.741,20000
2020-09-16 09:41:33.540,4.74,300000
2020-09-16 09:41:34.190,4.741,2200
2020-09-16 09:41:34.490,4.741,1800
2020-09-16 09:41:34.620,4.74,50000
2020-09-16 09:41:35.000,4.74,116900
2020-09-16 09:41:35.000,4.74,1000
2020-09-16 09:41:35.000,4.74,100
2020-09-16 09:41:35.000,4.74,20800
2020-09-16 09:41:35.000,4.74,2100
2020-09-16 09:41:35.000,4.74,159100
2020-09-16 09:41:35.750,4.741,100
2020-09-16 09:41:36.170,4.741,3400
2020-09-16 09:41:37.000,4.74,300000
2020-09-16 09:41:37.110,4.741,1000
2020-09-16 09:41:37.610,4.741,9300
2020-09-16 09:41:38.030,4.74,300000
2020-09-16 09:41:38.180,4.741,1000
2020-09-16 09:41:38.540,4.74,111900
2020-09-16 09:41:38.540,4.74,20000
2020-09-16 09:41:39.000,4.74,5000
2020-09-16 09:41:39.240,4.74,1000
2020-09-16 09:41:40.200,4.74,20000
2020-09-16 09:41:45.440,4.74,2000
2020-09-16 09:41:46.910,4.74,500
2020-09-16 09:41:46.910,4.74,100
2020-09-16 09:41:46.910,4.74,4400
2020-09-16 09:41:47.180,4.74,2900
2020-09-16 09:41:50.450,4.74,400
2020-09-16 09:41:50.450,4.74,21600
2020-09-16 09:41:51.760,4.74,5000
2020-09-16 09:41:52.320,4.739,200
2020-09-16 09:41:52.520,4.739,2000
2020-09-16 09:41:52.930,4.739,3000
2020-09-16 09:41:53.870,4.739,1000
2020-09-16 09:41:54.890,4.739,10600
2020-09-16 09:41:54.920,4.739,2000
2020-09-16 09:41:55.260,4.739,1200
2020-09-16 09:41:58.960,4.74,2000
2020-09-16 09:41:59.850,4.739,100
2020-09-16 09:42:02.110,4.739,4100
2020-09-16 09:42:02.110,4.739,500
2020-09-16 09:42:03.110,4.738,1000
2020-09-16 09:42:03.110,4.738,3000
2020-09-16 09:42:03.110,4.738,3000
2020-09-16 09:42:03.110,4.738,5000
2020-09-16 09:42:03.110,4.738,80000
2020-09-16 09:42:03.110,4.738,6000
2020-09-16 09:42:04.820,4.738,500
2020-09-16 09:42:05.280,4.738,100
2020-09-16 09:42:05.620,4.737,3800
2020-09-16 09:42:05.620,4.737,1000
2020-09-16 09:42:05.620,4.737,100
2020-09-16 09:42:05.620,4.737,1000
2020-09-16 09:42:05.620,4.737,100
2020-09-16 09:42:06.390,4.737,1800
2020-09-16 09:42:08.700,4.737,5000
2020-09-16 09:42:09.920,4.736,100
2020-09-16 09:42:09.920,4.736,10000
2020-09-16 09:42:09.920,4.736,4000
2020-09-16 09:42:09.920,4.736,2000
2020-09-16 09:42:10.190,4.736,2000
2020-09-16 09:42:12.460,4.736,400
2020-09-16 09:42:12.870,4.736,600
2020-09-16 09:42:13.990,4.735,2200
2020-09-16 09:42:13.990,4.735,400
2020-09-16 09:42:13.990,4.735,1000
2020-09-16 09:42:13.990,4.735,400
2020-09-16 09:42:13.990,4.735,100
2020-09-16 09:42:13.990,4.735,100
2020-09-16 09:42:13.990,4.735,40000
2020-09-16 09:42:13.990,4.735,100
2020-09-16 09:42:13.990,4.735,8000
2020-09-16 09:42:13.990,4.735,700
2020-09-16 09:42:13.990,4.735,100
2020-09-16 09:42:13.990,4.735,500
2020-09-16 09:42:13.990,4.735,5000
2020-09-16 09:42:13.990,4.735,1100
2020-09-16 09:42:13.990,4.735,50000
2020-09-16 09:42:13.990,4.735,500
2020-09-16 09:42:13.990,4.735,3000
2020-09-16 09:42:13.990,4.734,2300
2020-09-16 09:42:13.990,4.734,200
2020-09-16 09:42:13.990,4.734,700
2020-09-16 09:42:13.990,4.734,100
2020-09-16 09:42:13.990,4.734,10000
2020-09-16 09:42:13.990,4.734,5000
2020-09-16 09:42:13.990,4.734,2000
2020-09-16 09:42:13.990,4.734,5000
2020-09-16 09:42:13.990,4.734,200
2020-09-16 09:42:13.990,4.734,2000
2020-09-16 09:42:13.990,4.734,500
2020-09-16 09:42:13.990,4.734,8300
2020-09-16 09:42:15.890,4.736,2000
2020-09-16 09:42:18.220,4.736,1000
2020-09-16 09:42:18.500,4.735,500
2020-09-16 09:42:19.060,4.736,2500
2020-09-16 09:42:19.180,4.736,5000
2020-09-16 09:42:19.490,4.735,500
2020-09-16 09:42:19.770,4.736,1000
2020-09-16 09:42:20.340,4.735,2000
2020-09-16 09:42:20.340,4.735,10000
2020-09-16 09:42:21.680,4.735,1000
2020-09-16 09:42:22.200,4.735,9200
2020-09-16 09:42:23.650,4.736,1500
2020-09-16 09:42:24.700,4.736,8500
2020-09-16 09:42:24.700,4.736,3000
2020-09-16 09:42:24.700,4.736,200
2020-09-16 09:42:25.140,4.736,600
2020-09-16 09:42:25.390,4.736,2000
2020-09-16 09:42:30.410,4.736,200
2020-09-16 09:42:30.750,4.736,1100
2020-09-16 09:42:33.780,4.736,4400
2020-09-16 09:42:33.780,4.736,200
2020-09-16 09:42:33.780,4.736,5000
2020-09-16 09:42:33.780,4.736,200
2020-09-16 09:42:33.780,4.736,700
2020-09-16 09:42:33.780,4.736,900
2020-09-16 09:42:33.780,4.735,10800
2020-09-16 09:42:33.780,4.735,800
2020-09-16 09:42:33.780,4.735,1000
2020-09-16 09:42:33.780,4.735,22000
2020-09-16 09:42:33.780,4.735,50000
2020-09-16 09:42:33.780,4.735,500
2020-09-16 09:42:33.780,4.735,300
2020-09-16 09:42:33.780,4.735,300
2020-09-16 09:42:33.780,4.735,5000
2020-09-16 09:42:33.780,4.734,41700
2020-09-16 09:42:33.780,4.734,5200
2020-09-16 09:42:33.870,4.734,500
2020-09-16 09:42:34.540,4.736,3000
2020-09-16 09:42:34.770,4.737,100
2020-09-16 09:42:36.020,4.737,500
2020-09-16 09:42:36.790,4.737,100
2020-09-16 09:42:37.090,4.736,1000
2020-09-16 09:42:37.560,4.736,2200
2020-09-16 09:42:42.150,4.736,1900
2020-09-16 09:42:42.150,4.736,2100
2020-09-16 09:42:44.810,4.735,3000
2020-09-16 09:42:44.810,4.735,500
2020-09-16 09:42:44.810,4.735,2000
2020-09-16 09:42:44.810,4.735,9500
2020-09-16 09:42:45.020,4.735,500
2020-09-16 09:42:45.020,4.735,9500
2020-09-16 09:42:46.510,4.736,300
2020-09-16 09:42:48.900,4.736,1000
2020-09-16 09:42:50.360,4.735,17500
2020-09-16 09:42:50.360,4.735,2500
2020-09-16 09:42:50.390,4.736,400
2020-09-16 09:42:50.560,4.736,400
2020-09-16 09:42:50.620,4.735,100
2020-09-16 09:42:52.450,4.736,600
2020-09-16 09:42:53.280,4.735,400
2020-09-16 09:42:54.010,4.735,100
2020-09-16 09:42:57.440,4.736,200
2020-09-16 09:42:57.440,4.736,800
2020-09-16 09:42:57.810,4.735,2900
2020-09-16 09:42:57.810,4.735,1000
2020-09-16 09:42:57.810,4.735,500
2020-09-16 09:42:57.810,4.735,200
2020-09-16 09:42:57.810,4.735,2600
2020-09-16 09:42:58.650,4.736,500
2020-09-16 09:42:59.590,4.736,700
2020-09-16 09:42:59.590,4.736,300
2020-09-16 09:43:01.320,4.736,19700
2020-09-16 09:43:01.320,4.736,300
2020-09-16 09:43:02.010,4.736,100
2020-09-16 09:43:02.930,4.736,100
2020-09-16 09:43:03.370,4.736,100
2020-09-16 09:43:03.370,4.735,2400
2020-09-16 09:43:03.370,4.735,500
2020-09-16 09:43:04.040,4.736,1000
2020-09-16 09:43:04.890,4.736,600
2020-09-16 09:43:06.150,4.736,2100
2020-09-16 09:43:07.250,4.736,100
2020-09-16 09:43:09.430,4.735,2000
2020-09-16 09:43:09.430,4.735,1000
2020-09-16 09:43:09.430,4.735,100
2020-09-16 09:43:10.100,4.736,20000
2020-09-16 09:43:14.370,4.736,700
2020-09-16 09:43:14.370,4.736,4700
2020-09-16 09:43:15.790,4.736,200
2020-09-16 09:43:15.910,4.736,600
2020-09-16 09:43:16.150,4.735,900
2020-09-16 09:43:16.150,4.735,1100
2020-09-16 09:43:16.980,4.735,5000
2020-09-16 09:43:19.980,4.735,1500
2020-09-16 09:43:20.220,4.735,22400
2020-09-16 09:43:20.220,4.735,900
2020-09-16 09:43:20.220,4.735,20000
2020-09-16 09:43:20.220,4.735,5000
2020-09-16 09:43:20.220,4.735,500
2020-09-16 09:43:20.220,4.735,5000
2020-09-16 09:43:20.560,4.735,200
2020-09-16 09:43:21.400,4.735,200
2020-09-16 09:43:21.610,4.735,600
2020-09-16 09:43:22.260,4.735,5000
2020-09-16 09:43:22.470,4.735,1000
2020-09-16 09:43:23.030,4.735,4500
2020-09-16 09:43:24.820,4.735,20000
2020-09-16 09:43:25.150,4.735,54600
2020-09-16 09:43:25.150,4.735,1100
2020-09-16 09:43:25.150,4.735,3600
2020-09-16 09:43:25.150,4.735,1000
2020-09-16 09:43:25.150,4.735,20000
2020-09-16 09:43:27.030,4.736,2100
2020-09-16 09:43:27.630,4.736,1000
2020-09-16 09:43:28.110,4.735,200
2020-09-16 09:43:28.110,4.735,20000
2020-09-16 09:43:32.140,4.735,17400
2020-09-16 09:43:32.530,4.735,82100
2020-09-16 09:43:32.530,4.735,25000
2020-09-16 09:43:32.530,4.735,100
2020-09-16 09:43:32.530,4.735,1000
2020-09-16 09:43:32.530,4.734,50000
2020-09-16 09:43:32.530,4.734,10000
2020-09-16 09:43:32.530,4.734,30600
2020-09-16 09:43:32.530,4.734,2000
2020-09-16 09:43:32.530,4.734,3000
2020-09-16 09:43:32.530,4.734,700
2020-09-16 09:43:32.530,4.734,5700
2020-09-16 09:43:33.440,4.736,200
2020-09-16 09:43:34.700,4.735,700
2020-09-16 09:43:34.700,4.735,2300
2020-09-16 09:43:35.170,4.735,2000
2020-09-16 09:43:37.650,4.735,5700
2020-09-16 09:43:37.650,4.735,300
2020-09-16 09:43:41.080,4.735,100
2020-09-16 09:43:41.080,4.735,1000
2020-09-16 09:43:41.080,4.735,600
2020-09-16 09:43:41.230,4.735,1200
2020-09-16 09:43:41.440,4.735,5000
2020-09-16 09:43:41.620,4.735,3100
2020-09-16 09:43:43.450,4.735,200
2020-09-16 09:43:43.910,4.734,78500
2020-09-16 09:43:43.940,4.735,200
2020-09-16 09:43:44.120,4.735,9700
2020-09-16 09:43:46.000,4.735,4000
2020-09-16 09:43:46.840,4.735,800
2020-09-16 09:43:47.300,4.735,500
2020-09-16 09:43:47.300,4.735,200
2020-09-16 09:43:49.270,4.736,100
2020-09-16 09:43:53.080,4.735,24800
2020-09-16 09:43:53.080,4.735,1000
2020-09-16 09:43:53.080,4.735,6900
2020-09-16 09:43:53.080,4.735,12700
2020-09-16 09:43:53.630,4.736,200
2020-09-16 09:43:53.630,4.736,2100
2020-09-16 09:43:54.770,4.735,1000
2020-09-16 09:43:55.180,4.736,119700
2020-09-16 09:43:55.180,4.736,20000
2020-09-16 09:44:00.220,4.736,2000
2020-09-16 09:44:03.220,4.736,1900
2020-09-16 09:44:03.620,4.736,700
2020-09-16 09:44:04.050,4.736,17700
2020-09-16 09:44:05.980,4.737,200
2020-09-16 09:44:07.270,4.736,1000
2020-09-16 09:44:07.470,4.736,200
2020-09-16 09:44:07.590,4.737,100
2020-09-16 09:44:07.620,4.736,2000
2020-09-16 09:44:11.670,4.736,1000
2020-09-16 09:44:12.700,4.736,5000
2020-09-16 09:44:14.060,4.737,1300
2020-09-16 09:44:14.060,4.737,1700
2020-09-16 09:44:14.320,4.737,2700
2020-09-16 09:44:17.290,4.736,300
2020-09-16 09:44:18.380,4.736,1000
2020-09-16 09:44:19.670,4.737,5100
2020-09-16 09:44:20.950,4.737,600
2020-09-16 09:44:21.240,4.736,5700
2020-09-16 09:44:22.480,4.737,10000
2020-09-16 09:44:24.380,4.736,1000
2020-09-16 09:44:25.520,4.737,20000
2020-09-16 09:44:26.170,4.736,8300
2020-09-16 09:44:26.200,4.737,100
2020-09-16 09:44:26.630,4.737,1000
2020-09-16 09:44:28.380,4.737,4200
2020-09-16 09:44:29.120,4.737,1000
2020-09-16 09:44:30.950,4.737,800
2020-09-16 09:44:31.330,4.737,2800
2020-09-16 09:44:31.330,4.737,2600
2020-09-16 09:44:31.330,4.737,4000
2020-09-16 09:44:31.330,4.737,8000
2020-09-16 09:44:31.330,4.737,900
2020-09-16 09:44:32.840,4.737,18000
2020-09-16 09:44:33.520,4.737,1400
2020-09-16 09:44:38.750,4.737,2000
2020-09-16 09:44:39.900,4.738,50000
2020-09-16 09:44:43.220,4.738,2400
2020-09-16 09:44:44.250,4.738,15000
2020-09-16 09:44:47.470,4.738,500
2020-09-16 09:44:48.830,4.739,1300
2020-09-16 09:44:51.530,4.739,700
2020-09-16 09:44:51.530,4.739,100
2020-09-16 09:44:51.530,4.739,300
2020-09-16 09:44:51.530,4.739,900
2020-09-16 09:44:52.660,4.738,100
2020-09-16 09:44:52.660,4.738,100
2020-09-16 09:44:52.660,4.738,300
2020-09-16 09:44:52.660,4.738,200
2020-09-16 09:44:52.660,4.738,500
2020-09-16 09:44:54.110,4.738,3800
2020-09-16 09:44:54.110,4.738,1000
2020-09-16 09:44:54.110,4.739,200
2020-09-16 09:44:55.270,4.739,1000
2020-09-16 09:44:56.360,4.739,1000
2020-09-16 09:44:58.820,4.739,10000
2020-09-16 09:45:00.980,4.737,2100
2020-09-16 09:45:02.570,4.737,88600
2020-09-16 09:45:02.570,4.737,110600
2020-09-16 09:45:02.570,4.737,1000
2020-09-16 09:45:02.570,4.737,100
2020-09-16 09:45:02.570,4.737,100
2020-09-16 09:45:02.570,4.737,99600
2020-09-16 09:45:03.150,4.737,200400
2020-09-16 09:45:03.150,4.737,99600
2020-09-16 09:45:03.900,4.737,6200
2020-09-16 09:45:03.900,4.738,200
2020-09-16 09:45:04.190,4.737,5000
2020-09-16 09:45:06.390,4.738,30000
2020-09-16 09:45:07.340,4.738,1000
2020-09-16 09:45:09.160,4.738,30000
2020-09-16 09:45:11.780,4.738,200
2020-09-16 09:45:12.140,4.737,150100
2020-09-16 09:45:12.140,4.737,2200
2020-09-16 09:45:12.600,4.737,300000
2020-09-16 09:45:13.080,4.737,246900
2020-09-16 09:45:13.080,4.737,16400
2020-09-16 09:45:13.080,4.737,4100
2020-09-16 09:45:13.100,4.737,32600
2020-09-16 09:45:13.100,4.737,267400
2020-09-16 09:45:13.460,4.737,1000
2020-09-16 09:45:15.280,4.737,31600
2020-09-16 09:45:16.110,4.737,300000
2020-09-16 09:45:16.320,4.738,1600
2020-09-16 09:45:16.620,4.737,185100
2020-09-16 09:45:17.510,4.737,700
2020-09-16 09:45:17.570,4.737,1000
2020-09-16 09:45:17.620,4.736,112500
2020-09-16 09:45:17.620,4.736,187500
2020-09-16 09:45:17.830,4.737,400
2020-09-16 09:45:18.480,4.737,500
2020-09-16 09:45:18.540,4.737,100
2020-09-16 09:45:19.480,4.737,7000
2020-09-16 09:45:19.480,4.737,500
2020-09-16 09:45:19.670,4.736,112500
2020-09-16 09:45:19.670,4.736,30000
2020-09-16 09:45:19.670,4.736,200
2020-09-16 09:45:19.670,4.736,6000
2020-09-16 09:45:19.670,4.736,200
2020-09-16 09:45:19.670,4.736,40000
2020-09-16 09:45:19.890,4.735,1000
2020-09-16 09:45:19.890,4.735,100
2020-09-16 09:45:19.890,4.735,100
2020-09-16 09:45:19.890,4.735,3800
2020-09-16 09:45:21.170,4.736,200
2020-09-16 09:45:21.890,4.736,10600
2020-09-16 09:45:22.150,4.735,6200
2020-09-16 09:45:22.150,4.735,5000
2020-09-16 09:45:22.150,4.735,2000
2020-09-16 09:45:22.150,4.735,6800
2020-09-16 09:45:22.880,4.735,1200
2020-09-16 09:45:22.880,4.735,200
2020-09-16 09:45:22.880,4.735,10000
2020-09-16 09:45:22.880,4.735,1000
2020-09-16 09:45:22.880,4.735,7600
2020-09-16 09:45:23.150,4.736,9400
2020-09-16 09:45:23.190,4.735,2400
2020-09-16 09:45:23.190,4.735,100
2020-09-16 09:45:23.190,4.735,1000
2020-09-16 09:45:23.190,4.735,3000
2020-09-16 09:45:23.190,4.735,13500
2020-09-16 09:45:23.460,4.735,11500
2020-09-16 09:45:23.460,4.735,3600
2020-09-16 09:45:23.460,4.735,2000
2020-09-16 09:45:23.460,4.735,2000
2020-09-16 09:45:23.460,4.735,100
2020-09-16 09:45:24.810,4.735,200
2020-09-16 09:45:25.390,4.735,600
2020-09-16 09:45:25.390,4.735,10900
2020-09-16 09:45:26.400,4.735,100
2020-09-16 09:45:26.460,4.735,200
2020-09-16 09:45:26.780,4.735,100
2020-09-16 09:45:29.050,4.734,1000
2020-09-16 09:45:29.050,4.734,2000
2020-09-16 09:45:29.050,4.734,2000
2020-09-16 09:45:29.050,4.734,1000
2020-09-16 09:45:29.050,4.734,5300
2020-09-16 09:45:29.050,4.734,50000
2020-09-16 09:45:29.050,4.734,100
2020-09-16 09:45:29.050,4.734,1400
2020-09-16 09:45:29.050,4.734,2000
2020-09-16 09:45:29.050,4.734,2600
2020-09-16 09:45:30.110,4.734,100
2020-09-16 09:45:30.550,4.734,500
2020-09-16 09:45:31.100,4.734,5000
2020-09-16 09:45:33.480,4.734,500
2020-09-16 09:45:33.600,4.733,300
2020-09-16 09:45:33.600,4.733,500
2020-09-16 09:45:33.600,4.733,1000
2020-09-16 09:45:33.600,4.733,500
2020-09-16 09:45:33.600,4.733,400
2020-09-16 09:45:33.600,4.733,3000
2020-09-16 09:45:33.600,4.733,5000
2020-09-16 09:45:33.600,4.733,100
2020-09-16 09:45:33.600,4.733,1000
2020-09-16 09:45:33.600,4.733,50000
2020-09-16 09:45:33.600,4.733,1000
2020-09-16 09:45:33.600,4.733,100
2020-09-16 09:45:33.600,4.733,5000
2020-09-16 09:45:33.600,4.733,5000
2020-09-16 09:45:33.600,4.733,10000
2020-09-16 09:45:33.600,4.733,3000
2020-09-16 09:45:33.600,4.733,1000
2020-09-16 09:45:33.600,4.733,5000
2020-09-16 09:45:33.600,4.733,10000
2020-09-16 09:45:33.600,4.733,400
2020-09-16 09:45:33.600,4.733,50000
2020-09-16 09:45:33.600,4.733,1000
2020-09-16 09:45:33.600,4.733,10000
2020-09-16 09:45:33.600,4.733,200
2020-09-16 09:45:33.600,4.733,500
2020-09-16 09:45:33.600,4.733,2000
2020-09-16 09:45:33.600,4.733,200
2020-09-16 09:45:33.600,4.733,1500
2020-09-16 09:45:33.600,4.733,200
2020-09-16 09:45:33.600,4.733,6500
2020-09-16 09:45:33.600,4.733,5000
2020-09-16 09:45:33.970,4.733,500
2020-09-16 09:45:34.190,4.733,1000
2020-09-16 09:45:35.470,4.732,2300
2020-09-16 09:45:35.470,4.732,200
2020-09-16 09:45:35.470,4.732,300
2020-09-16 09:45:35.470,4.732,17200
2020-09-16 09:45:36.020,4.733,100
2020-09-16 09:45:36.220,4.733,5000
2020-09-16 09:45:37.060,4.733,3000
2020-09-16 09:45:38.050,4.732,13400
2020-09-16 09:45:38.050,4.732,200
2020-09-16 09:45:38.050,4.732,1400
2020-09-16 09:45:38.490,4.733,100
2020-09-16 09:45:40.710,4.732,3600
2020-09-16 09:45:40.710,4.732,4100
2020-09-16 09:45:40.710,4.732,1300
2020-09-16 09:45:40.820,4.733,15000
2020-09-16 09:45:41.270,4.733,4600
2020-09-16 09:45:41.290,4.732,2000
2020-09-16 09:45:42.060,4.733,1000
2020-09-16 09:45:43.900,4.732,100
2020-09-16 09:45:43.900,4.732,200
2020-09-16 09:45:43.900,4.732,1000
2020-09-16 09:45:43.900,4.732,5000
2020-09-16 09:45:43.900,4.732,500
2020-09-16 09:45:43.900,4.732,6000
2020-09-16 09:45:43.900,4.732,200
2020-09-16 09:45:43.900,4.732,10000
2020-09-16 09:45:43.900,4.732,5000
2020-09-16 09:45:43.900,4.732,2000
2020-09-16 09:45:43.900,4.732,100
2020-09-16 09:45:43.900,4.732,4200
2020-09-16 09:45:43.900,4.732,1000
2020-09-16 09:45:43.900,4.732,7000
2020-09-16 09:45:44.470,4.733,500
2020-09-16 09:45:45.230,4.733,1300
2020-09-16 09:45:48.000,4.733,100
2020-09-16 09:45:48.060,4.732,3000
2020-09-16 09:45:48.060,4.732,1000
2020-09-16 09:45:48.060,4.732,5000
2020-09-16 09:45:48.060,4.732,1000
2020-09-16 09:45:48.290,4.732,4000
2020-09-16 09:45:48.290,4.732,200
2020-09-16 09:45:48.290,4.732,10600
2020-09-16 09:45:49.520,4.732,4900
2020-09-16 09:45:49.890,4.732,11600
2020-09-16 09:45:50.870,4.733,10000
2020-09-16 09:45:50.870,4.733,100
2020-09-16 09:45:51.110,4.732,15500
2020-09-16 09:45:51.310,4.733,1300
2020-09-16 09:45:51.370,4.732,1000
2020-09-16 09:45:52.710,4.732,6400
2020-09-16 09:45:52.710,4.732,6500
2020-09-16 09:45:52.710,4.732,200
2020-09-16 09:45:52.710,4.732,100
2020-09-16 09:45:52.710,4.732,6800
2020-09-16 09:45:53.710,4.733,6000
2020-09-16 09:45:55.140,4.733,200
2020-09-16 09:45:56.640,4.732,3200
2020-09-16 09:45:56.640,4.732,2000
2020-09-16 09:45:56.640,4.732,7800
2020-09-16 09:45:57.010,4.732,1300
2020-09-16 09:45:57.850,4.733,500
2020-09-16 09:45:59.030,4.732,2000
2020-09-16 09:45:59.770,4.732,8900
2020-09-16 09:45:59.770,4.732,5300
2020-09-16 09:46:00.190,4.732,100
2020-09-16 09:46:01.220,4.732,2300
2020-09-16 09:46:01.730,4.731,2500
2020-09-16 09:46:01.730,4.731,2500
2020-09-16 09:46:02.220,4.732,11300
2020-09-16 09:46:02.870,4.732,5000
2020-09-16 09:46:03.320,4.732,300
2020-09-16 09:46:03.760,4.732,300
2020-09-16 09:46:04.210,4.732,300
2020-09-16 09:46:04.270,4.732,151000
2020-09-16 09:46:04.270,4.732,3400
2020-09-16 09:46:04.480,4.732,1000
2020-09-16 09:46:06.300,4.732,3900
2020-09-16 09:46:06.710,4.733,200
2020-09-16 09:46:06.870,4.732,5000
2020-09-16 09:46:08.580,4.733,2000
2020-09-16 09:46:09.170,4.733,100
2020-09-16 09:46:12.600,4.732,1000
2020-09-16 09:46:13.360,4.733,300
2020-09-16 09:46:14.620,4.733,1000
2020-09-16 09:46:15.320,4.733,33200
2020-09-16 09:46:15.890,4.732,22000
2020-09-16 09:46:16.570,4.733,1900
2020-09-16 09:46:17.450,4.732,11500
2020-09-16 09:46:18.750,4.732,101200
2020-09-16 09:46:18.750,4.732,5000
2020-09-16 09:46:18.750,4.732,500
2020-09-16 09:46:18.750,4.732,2000
2020-09-16 09:46:18.750,4.732,100
2020-09-16 09:46:18.750,4.732,300
2020-09-16 09:46:18.750,4.732,200
2020-09-16 09:46:18.750,4.732,3300
2020-09-16 09:46:19.860,4.732,1300
2020-09-16 09:46:20.090,4.732,6800
2020-09-16 09:46:20.420,4.732,500
2020-09-16 09:46:20.530,4.732,2000
2020-09-16 09:46:20.600,4.732,1000
2020-09-16 09:46:21.340,4.731,2500
2020-09-16 09:46:21.340,4.731,700
2020-09-16 09:46:21.340,4.731,10000
2020-09-16 09:46:21.340,4.731,5000
2020-09-16 09:46:21.340,4.731,9000
2020-09-16 09:46:21.340,4.731,2800
2020-09-16 09:46:22.970,4.732,4000
2020-09-16 09:46:23.880,4.732,1000
2020-09-16 09:46:24.290,4.731,3200
2020-09-16 09:46:24.290,4.731,5000
2020-09-16 09:46:24.290,4.731,2800
2020-09-16 09:46:24.490,4.732,10000
2020-09-16 09:46:24.520,4.731,100
2020-09-16 09:46:24.520,4.731,100
2020-09-16 09:46:24.610,4.732,600
2020-09-16 09:46:26.560,4.731,2000
2020-09-16 09:46:26.560,4.731,5000
2020-09-16 09:46:26.560,4.731,10000
2020-09-16 09:46:26.560,4.731,900
2020-09-16 09:46:26.560,4.731,3000
2020-09-16 09:46:26.560,4.731,200
2020-09-16 09:46:26.560,4.731,2000
2020-09-16 09:46:26.560,4.731,500
2020-09-16 09:46:26.560,4.731,12400
2020-09-16 09:46:26.620,4.731,4900
2020-09-16 09:46:27.680,4.731,1000
2020-09-16 09:46:27.990,4.732,500
2020-09-16 09:46:28.660,4.732,9700
2020-09-16 09:46:28.660,4.732,1600
2020-09-16 09:46:29.510,4.731,1100
2020-09-16 09:46:29.870,4.732,100
2020-09-16 09:46:30.460,4.732,5000
2020-09-16 09:46:30.520,4.732,100
2020-09-16 09:46:31.100,4.732,1000
2020-09-16 09:46:31.990,4.731,3000
2020-09-16 09:46:33.140,4.732,400
2020-09-16 09:46:34.300,4.731,2600
2020-09-16 09:46:34.300,4.731,200
2020-09-16 09:46:34.300,4.731,1100
2020-09-16 09:46:34.300,4.731,200
2020-09-16 09:46:34.300,4.731,1000
2020-09-16 09:46:34.300,4.731,50000
2020-09-16 09:46:34.300,4.731,7700
2020-09-16 09:46:34.300,4.731,20000
2020-09-16 09:46:34.300,4.731,1000
2020-09-16 09:46:34.300,4.731,500
2020-09-16 09:46:34.300,4.731,800
2020-09-16 09:46:34.300,4.731,3000
2020-09-16 09:46:34.300,4.731,100
2020-09-16 09:46:34.300,4.731,50000
2020-09-16 09:46:34.300,4.731,2000
2020-09-16 09:46:34.300,4.731,100
2020-09-16 09:46:34.300,4.731,500
2020-09-16 09:46:34.300,4.731,200
2020-09-16 09:46:34.300,4.731,1000
2020-09-16 09:46:34.300,4.731,4000
2020-09-16 09:46:34.300,4.731,600
2020-09-16 09:46:36.990,4.731,300000
2020-09-16 09:46:37.530,4.731,100
2020-09-16 09:46:37.860,4.73,2100
2020-09-16 09:46:37.860,4.731,7000
2020-09-16 09:46:37.920,4.731,67000
2020-09-16 09:46:41.270,4.732,3000
2020-09-16 09:46:41.360,4.732,10300
2020-09-16 09:46:41.360,4.732,10000
2020-09-16 09:46:41.360,4.732,5000
2020-09-16 09:46:41.360,4.732,1200
2020-09-16 09:46:41.360,4.732,5600
2020-09-16 09:46:41.360,4.732,6000
2020-09-16 09:46:41.360,4.732,800
2020-09-16 09:46:41.500,4.732,200
2020-09-16 09:46:42.570,4.732,800
2020-09-16 09:46:43.130,4.732,4200
2020-09-16 09:46:45.070,4.732,4100
2020-09-16 09:46:45.370,4.732,126200
2020-09-16 09:46:47.810,4.732,82200
2020-09-16 09:46:48.550,4.732,2300
2020-09-16 09:46:48.640,4.732,200
2020-09-16 09:46:49.860,4.732,5000
2020-09-16 09:46:50.980,4.732,35900
2020-09-16 09:46:50.980,4.732,100
2020-09-16 09:46:50.980,4.732,11700
2020-09-16 09:46:51.220,4.732,8300
2020-09-16 09:46:51.220,4.732,2500
2020-09-16 09:46:51.220,4.732,300
2020-09-16 09:46:52.000,4.731,1700
2020-09-16 09:46:53.700,4.732,10000
2020-09-16 09:46:54.170,4.732,106900
2020-09-16 09:46:54.170,4.732,300
2020-09-16 09:46:54.170,4.732,4000
2020-09-16 09:46:54.260,4.732,3000
2020-09-16 09:46:54.310,4.733,2000
2020-09-16 09:46:54.310,4.733,3000
2020-09-16 09:46:54.310,4.733,6300
2020-09-16 09:46:56.410,4.732,10000
2020-09-16 09:46:58.680,4.732,3300
2020-09-16 09:47:01.010,4.732,800
2020-09-16 09:47:01.920,4.732,100
2020-09-16 09:47:01.980,4.732,3000
2020-09-16 09:47:03.120,4.732,15000
2020-09-16 09:47:03.210,4.733,200
2020-09-16 09:47:03.650,4.733,3000
2020-09-16 09:47:03.770,4.732,7500
2020-09-16 09:47:05.250,4.732,5000
2020-09-16 09:47:05.280,4.733,600
2020-09-16 09:47:05.730,4.733,800
2020-09-16 09:47:05.730,4.733,10500
2020-09-16 09:47:08.060,4.733,1200
2020-09-16 09:47:09.140,4.732,2200
2020-09-16 09:47:11.710,4.733,200
2020-09-16 09:47:13.590,4.732,1500
2020-09-16 09:47:14.490,4.732,1000
2020-09-16 09:47:14.610,4.732,34600
2020-09-16 09:47:19.350,4.733,200
2020-09-16 09:47:21.640,4.733,300
2020-09-16 09:47:22.180,4.733,9300
2020-09-16 09:47:22.180,4.733,2700
2020-09-16 09:47:22.180,4.733,4000
2020-09-16 09:47:22.180,4.733,2500
2020-09-16 09:47:22.180,4.733,30000
2020-09-16 09:47:22.440,4.733,2100
2020-09-16 09:47:23.040,4.733,30000
2020-09-16 09:47:24.000,4.733,21200
2020-09-16 09:47:24.180,4.733,2000
2020-09-16 09:47:24.510,4.733,100
2020-09-16 09:47:24.660,4.732,1000
2020-09-16 09:47:24.660,4.732,100
2020-09-16 09:47:24.660,4.732,2000
2020-09-16 09:47:24.660,4.732,26900
2020-09-16 09:47:26.460,4.733,600
2020-09-16 09:47:26.540,4.733,5000
2020-09-16 09:47:27.050,4.733,1100
2020-09-16 09:47:27.980,4.733,3900
2020-09-16 09:47:27.980,4.733,100
2020-09-16 09:47:28.800,4.733,5000
2020-09-16 09:47:30.990,4.732,100
2020-09-16 09:47:31.820,4.732,1000
2020-09-16 09:47:33.010,4.732,1300
2020-09-16 09:47:34.180,4.732,100
2020-09-16 09:47:34.180,4.733,100
2020-09-16 09:47:35.250,4.733,1000
2020-09-16 09:47:35.770,4.733,19900
2020-09-16 09:47:35.770,4.733,2300
2020-09-16 09:47:35.770,4.733,20000
2020-09-16 09:47:35.770,4.733,200
2020-09-16 09:47:35.820,4.733,1000
2020-09-16 09:47:36.190,4.733,28000
2020-09-16 09:47:37.100,4.733,9000
2020-09-16 09:47:37.500,4.734,100600
2020-09-16 09:47:37.500,4.734,30000
2020-09-16 09:47:37.500,4.734,40000
2020-09-16 09:47:37.500,4.734,10000
2020-09-16 09:47:37.500,4.734,2200
2020-09-16 09:47:37.990,4.734,30000
2020-09-16 09:47:39.070,4.734,66600
2020-09-16 09:47:44.510,4.734,2000
2020-09-16 09:47:45.100,4.734,7000
2020-09-16 09:47:45.540,4.733,20000
2020-09-16 09:47:46.810,4.733,4800
2020-09-16 09:47:47.010,4.734,200
2020-09-16 09:47:48.220,4.733,20000
2020-09-16 09:47:48.630,4.734,100
2020-09-16 09:47:49.410,4.734,10700
2020-09-16 09:47:49.410,4.734,20000
2020-09-16 09:47:49.410,4.734,1200
2020-09-16 09:47:50.440,4.734,23300
2020-09-16 09:47:50.850,4.734,10000
2020-09-16 09:47:50.910,4.734,29800
2020-09-16 09:47:50.910,4.734,1000
2020-09-16 09:47:50.910,4.734,500
2020-09-16 09:47:50.960,4.734,200
2020-09-16 09:47:51.050,4.733,1000
2020-09-16 09:47:52.470,4.734,500
2020-09-16 09:47:53.290,4.733,5100
2020-09-16 09:47:53.290,4.733,1200
2020-09-16 09:47:53.290,4.733,400
2020-09-16 09:47:53.290,4.733,2200
2020-09-16 09:47:53.290,4.733,2000
2020-09-16 09:47:53.290,4.733,21800
2020-09-16 09:47:53.890,4.734,1000
2020-09-16 09:47:56.860,4.734,200
2020-09-16 09:47:59.020,4.734,100
2020-09-16 09:47:59.900,4.734,3000
2020-09-16 09:48:00.420,4.734,10000
2020-09-16 09:48:02.560,4.733,28200
2020-09-16 09:48:02.560,4.733,271800
2020-09-16 09:48:02.930,4.733,20000
2020-09-16 09:48:03.020,4.733,8200
2020-09-16 09:48:03.020,4.733,5000
2020-09-16 09:48:04.630,4.732,1000
2020-09-16 09:48:05.290,4.733,100
2020-09-16 09:48:05.910,4.733,100
2020-09-16 09:48:06.490,4.733,100
2020-09-16 09:48:08.520,4.733,100
2020-09-16 09:48:09.560,4.733,4000
2020-09-16 09:48:09.760,4.733,8400
2020-09-16 09:48:10.440,4.732,200
2020-09-16 09:48:11.370,4.733,500
2020-09-16 09:48:12.660,4.733,13500
2020-09-16 09:48:12.660,4.733,300
2020-09-16 09:48:12.660,4.733,7700
2020-09-16 09:48:15.900,4.732,5100
2020-09-16 09:48:16.190,4.733,100
2020-09-16 09:48:17.220,4.733,1300
2020-09-16 09:48:17.340,4.732,14300
2020-09-16 09:48:17.340,4.732,19000
2020-09-16 09:48:17.340,4.732,500
2020-09-16 09:48:17.340,4.732,2100
2020-09-16 09:48:17.340,4.732,4100
2020-09-16 09:48:18.130,4.732,15100
2020-09-16 09:48:18.130,4.732,10000
2020-09-16 09:48:18.130,4.732,10000
2020-09-16 09:48:18.130,4.732,500
2020-09-16 09:48:18.130,4.732,400
2020-09-16 09:48:18.130,4.732,2200
2020-09-16 09:48:18.130,4.732,100
2020-09-16 09:48:18.130,4.732,5000
2020-09-16 09:48:18.130,4.732,2000
2020-09-16 09:48:18.130,4.732,1200
2020-09-16 09:48:18.130,4.732,19500
2020-09-16 09:48:18.130,4.732,18000
2020-09-16 09:48:18.130,4.732,1700
2020-09-16 09:48:18.130,4.732,1000
2020-09-16 09:48:18.130,4.732,500
2020-09-16 09:48:18.130,4.732,1900
2020-09-16 09:48:18.130,4.732,12100
2020-09-16 09:48:18.130,4.732,400
2020-09-16 09:48:18.130,4.732,600
2020-09-16 09:48:19.370,4.732,300
2020-09-16 09:48:24.210,4.731,231300
2020-09-16 09:48:24.210,4.731,200
2020-09-16 09:48:24.210,4.731,1000
2020-09-16 09:48:24.210,4.731,5000
2020-09-16 09:48:24.210,4.731,2000
2020-09-16 09:48:24.210,4.731,100
2020-09-16 09:48:24.210,4.731,30000
2020-09-16 09:48:24.210,4.731,1000
2020-09-16 09:48:24.210,4.731,5000
2020-09-16 09:48:24.210,4.731,24400
2020-09-16 09:48:24.610,4.731,75600
2020-09-16 09:48:24.610,4.731,5000
2020-09-16 09:48:24.610,4.731,1500
2020-09-16 09:48:24.610,4.731,200
2020-09-16 09:48:24.610,4.731,2000
2020-09-16 09:48:24.610,4.731,500
2020-09-16 09:48:24.610,4.731,2100
2020-09-16 09:48:24.610,4.731,20000
2020-09-16 09:48:24.610,4.731,5000
2020-09-16 09:48:24.610,4.731,1000
2020-09-16 09:48:24.610,4.731,2000
2020-09-16 09:48:24.610,4.731,1000
2020-09-16 09:48:24.610,4.731,2000
2020-09-16 09:48:24.610,4.731,7000
2020-09-16 09:48:26.340,4.731,2100
2020-09-16 09:48:27.580,4.731,10000
2020-09-16 09:48:28.190,4.731,3300
2020-09-16 09:48:31.360,4.731,100
2020-09-16 09:48:32.130,4.731,200
2020-09-16 09:48:32.290,4.731,24300
2020-09-16 09:48:32.290,4.731,20000
2020-09-16 09:48:32.290,4.731,255700
2020-09-16 09:48:35.020,4.73,2900
2020-09-16 09:48:35.020,4.73,100
2020-09-16 09:48:35.020,4.73,5200
2020-09-16 09:48:35.020,4.73,200
2020-09-16 09:48:35.020,4.73,2000
2020-09-16 09:48:35.020,4.73,3000
2020-09-16 09:48:35.020,4.73,800
2020-09-16 09:48:35.020,4.73,100
2020-09-16 09:48:35.020,4.73,900
2020-09-16 09:48:35.020,4.73,3000
2020-09-16 09:48:35.020,4.73,1000
2020-09-16 09:48:35.020,4.73,200
2020-09-16 09:48:35.020,4.73,1000
2020-09-16 09:48:35.020,4.73,500
2020-09-16 09:48:35.020,4.73,1000
2020-09-16 09:48:35.020,4.73,3000
2020-09-16 09:48:35.020,4.73,1000
2020-09-16 09:48:35.020,4.73,200
2020-09-16 09:48:35.020,4.73,10000
2020-09-16 09:48:35.020,4.73,3900
2020-09-16 09:48:35.970,4.731,1000
2020-09-16 09:48:39.960,4.73,16100
2020-09-16 09:48:39.960,4.73,23900
2020-09-16 09:48:40.450,4.731,100
2020-09-16 09:48:40.740,4.73,76100
2020-09-16 09:48:40.740,4.73,2000
2020-09-16 09:48:40.740,4.73,4000
2020-09-16 09:48:40.740,4.73,100
2020-09-16 09:48:40.740,4.73,1000
2020-09-16 09:48:40.740,4.73,200
2020-09-16 09:48:40.740,4.73,15000
2020-09-16 09:48:40.740,4.73,500
2020-09-16 09:48:40.740,4.73,300
2020-09-16 09:48:40.740,4.73,1000
2020-09-16 09:48:40.740,4.73,1000
2020-09-16 09:48:40.740,4.73,100
2020-09-16 09:48:40.740,4.73,1200
2020-09-16 09:48:40.740,4.73,3000
2020-09-16 09:48:40.740,4.73,500
2020-09-16 09:48:40.740,4.73,1000
2020-09-16 09:48:40.740,4.73,1000
2020-09-16 09:48:40.740,4.73,100
2020-09-16 09:48:40.740,4.73,1200
2020-09-16 09:48:40.740,4.73,100
2020-09-16 09:48:40.740,4.73,1000
2020-09-16 09:48:40.740,4.73,3500
2020-09-16 09:48:40.740,4.73,100
2020-09-16 09:48:40.740,4.73,500
2020-09-16 09:48:40.740,4.73,100
2020-09-16 09:48:40.740,4.73,200
2020-09-16 09:48:40.740,4.73,1400
2020-09-16 09:48:40.740,4.73,100
2020-09-16 09:48:40.740,4.73,2000
2020-09-16 09:48:40.740,4.73,10000
2020-09-16 09:48:40.740,4.73,200
2020-09-16 09:48:40.740,4.73,5000
2020-09-16 09:48:40.740,4.73,500
2020-09-16 09:48:40.740,4.73,300
2020-09-16 09:48:40.740,4.73,3000
2020-09-16 09:48:40.740,4.73,100
2020-09-16 09:48:40.740,4.73,5000
2020-09-16 09:48:40.740,4.73,3000
2020-09-16 09:48:40.740,4.73,500
2020-09-16 09:48:40.740,4.73,2100
2020-09-16 09:48:40.740,4.73,1000
2020-09-16 09:48:40.740,4.73,300
2020-09-16 09:48:40.740,4.73,2000
2020-09-16 09:48:40.740,4.73,200
2020-09-16 09:48:40.740,4.73,1000
2020-09-16 09:48:40.740,4.73,100
2020-09-16 09:48:40.740,4.73,5000
2020-09-16 09:48:40.740,4.73,3000
2020-09-16 09:48:40.740,4.73,300
2020-09-16 09:48:40.740,4.73,2000
2020-09-16 09:48:40.740,4.73,300
2020-09-16 09:48:40.740,4.73,2000
2020-09-16 09:48:40.740,4.73,4800
2020-09-16 09:48:40.740,4.73,100
2020-09-16 09:48:40.740,4.73,10000
2020-09-16 09:48:40.740,4.73,100
2020-09-16 09:48:40.740,4.73,100
2020-09-16 09:48:40.740,4.73,1000
2020-09-16 09:48:40.740,4.73,300
2020-09-16 09:48:40.740,4.73,20000
2020-09-16 09:48:40.740,4.73,100
2020-09-16 09:48:40.740,4.73,50000
2020-09-16 09:48:40.740,4.73,48300
2020-09-16 09:48:41.070,4.73,251700
2020-09-16 09:48:41.070,4.73,3300
2020-09-16 09:48:41.070,4.73,3800
2020-09-16 09:48:41.070,4.73,2000
2020-09-16 09:48:41.070,4.73,39200
2020-09-16 09:48:41.390,4.73,8200
2020-09-16 09:48:41.390,4.73,2700
2020-09-16 09:48:41.530,4.73,400
2020-09-16 09:48:42.170,4.73,5900
2020-09-16 09:48:42.170,4.73,2600
2020-09-16 09:48:42.170,4.73,5000
2020-09-16 09:48:42.170,4.73,10000
2020-09-16 09:48:42.170,4.73,300
2020-09-16 09:48:42.170,4.73,100
2020-09-16 09:48:42.170,4.73,500
2020-09-16 09:48:42.170,4.73,300
2020-09-16 09:48:42.170,4.73,500
2020-09-16 09:48:42.170,4.73,200
2020-09-16 09:48:42.170,4.73,16900
2020-09-16 09:48:42.170,4.73,500
2020-09-16 09:48:42.170,4.73,200
2020-09-16 09:48:42.170,4.73,400
2020-09-16 09:48:42.170,4.73,2000
2020-09-16 09:48:42.170,4.73,100
2020-09-16 09:48:42.170,4.73,1000
2020-09-16 09:48:42.170,4.73,500
2020-09-16 09:48:42.170,4.73,5000
2020-09-16 09:48:42.170,4.73,1000
2020-09-16 09:48:42.170,4.73,2700
2020-09-16 09:48:42.170,4.73,100
2020-09-16 09:48:42.170,4.73,100
2020-09-16 09:48:42.170,4.73,28400
2020-09-16 09:48:42.170,4.73,5000
2020-09-16 09:48:42.170,4.73,300
2020-09-16 09:48:42.170,4.73,2000
2020-09-16 09:48:42.170,4.73,11000
2020-09-16 09:48:42.170,4.73,40000
2020-09-16 09:48:42.170,4.73,1600
2020-09-16 09:48:42.170,4.73,100
2020-09-16 09:48:42.860,4.73,1700
2020-09-16 09:48:42.920,4.73,300
2020-09-16 09:48:43.040,4.73,2000
2020-09-16 09:48:43.720,4.73,100
2020-09-16 09:48:43.780,4.729,3000
2020-09-16 09:48:43.780,4.729,700
2020-09-16 09:48:43.780,4.729,20000
2020-09-16 09:48:43.780,4.729,500
2020-09-16 09:48:43.780,4.729,700
2020-09-16 09:48:43.780,4.729,500
2020-09-16 09:48:43.780,4.729,50000
2020-09-16 09:48:43.780,4.729,200
2020-09-16 09:48:43.780,4.729,100
2020-09-16 09:48:43.780,4.729,200
2020-09-16 09:48:44.190,4.729,400
2020-09-16 09:48:44.360,4.729,2000
2020-09-16 09:48:46.460,4.729,100
2020-09-16 09:48:47.220,4.729,500
2020-09-16 09:48:49.050,4.729,2200
2020-09-16 09:48:49.340,4.729,10000
2020-09-16 09:48:54.520,4.729,10000
2020-09-16 09:48:54.720,4.729,2300
2020-09-16 09:48:55.060,4.728,200
2020-09-16 09:48:55.060,4.728,100
2020-09-16 09:48:55.060,4.728,100
2020-09-16 09:48:55.480,4.728,600
2020-09-16 09:48:55.480,4.728,1000
2020-09-16 09:48:55.480,4.728,50000
2020-09-16 09:48:55.480,4.728,38000
2020-09-16 09:48:55.480,4.728,10000
2020-09-16 09:48:55.480,4.728,50000
2020-09-16 09:48:55.480,4.728,200
2020-09-16 09:48:55.480,4.728,5000
2020-09-16 09:48:55.480,4.728,12300
2020-09-16 09:48:55.480,4.728,5000
2020-09-16 09:48:55.480,4.728,1000
2020-09-16 09:48:55.480,4.728,2000
2020-09-16 09:48:55.480,4.728,200
2020-09-16 09:48:55.480,4.728,1000
2020-09-16 09:48:55.480,4.728,4200
2020-09-16 09:48:55.480,4.728,500
2020-09-16 09:48:55.480,4.728,6400
2020-09-16 09:48:55.480,4.728,2200
2020-09-16 09:48:55.480,4.728,20000
2020-09-16 09:48:55.480,4.728,200
2020-09-16 09:48:55.480,4.728,500
2020-09-16 09:48:55.480,4.728,1000
2020-09-16 09:48:55.480,4.728,400
2020-09-16 09:48:55.480,4.728,3400
2020-09-16 09:48:55.480,4.728,100
2020-09-16 09:48:55.480,4.727,6800
2020-09-16 09:48:55.480,4.727,2000
2020-09-16 09:48:55.480,4.727,4200
2020-09-16 09:48:55.480,4.727,2000
2020-09-16 09:48:55.480,4.727,100
2020-09-16 09:48:55.480,4.727,100
2020-09-16 09:48:55.480,4.727,800
2020-09-16 09:48:55.480,4.727,3000
2020-09-16 09:48:55.480,4.727,10000
2020-09-16 09:48:55.480,4.727,200000
2020-09-16 09:48:55.480,4.726,5000
2020-09-16 09:48:55.480,4.726,5000
2020-09-16 09:48:55.480,4.726,100
2020-09-16 09:48:55.480,4.726,1000
2020-09-16 09:48:55.480,4.726,2000
2020-09-16 09:48:55.480,4.726,100
2020-09-16 09:48:55.480,4.726,4500
2020-09-16 09:48:55.480,4.726,100
2020-09-16 09:48:55.480,4.726,1000
2020-09-16 09:48:55.480,4.726,5000
2020-09-16 09:48:55.480,4.726,2000
2020-09-16 09:48:55.480,4.726,500
2020-09-16 09:48:55.480,4.726,300
2020-09-16 09:48:55.480,4.726,29200
2020-09-16 09:48:56.820,4.728,100
2020-09-16 09:48:57.420,4.726,10000
2020-09-16 09:48:57.630,4.728,500
2020-09-16 09:48:57.630,4.728,300
2020-09-16 09:48:58.600,4.728,600
2020-09-16 09:48:58.600,4.728,400
2020-09-16 09:48:58.780,4.728,5000
2020-09-16 09:48:58.980,4.726,4000
2020-09-16 09:48:59.550,4.728,1000
2020-09-16 09:49:00.570,4.728,1700
2020-09-16 09:49:00.570,4.728,5000
2020-09-16 09:49:00.570,4.728,29200
2020-09-16 09:49:00.570,4.728,5200
2020-09-16 09:49:01.870,4.728,108900
2020-09-16 09:49:03.810,4.727,10000
2020-09-16 09:49:04.290,4.728,100
2020-09-16 09:49:04.760,4.727,3200
2020-09-16 09:49:04.910,4.728,2000
2020-09-16 09:49:06.950,4.728,500
2020-09-16 09:49:07.670,4.727,2000
2020-09-16 09:49:07.670,4.727,7000
2020-09-16 09:49:08.420,4.727,100
2020-09-16 09:49:09.100,4.727,8000
2020-09-16 09:49:09.570,4.727,5000
2020-09-16 09:49:10.380,4.727,3000
2020-09-16 09:49:11.020,4.727,60000
2020-09-16 09:49:11.870,4.727,200
2020-09-16 09:49:12.010,4.727,300
2020-09-16 09:49:12.550,4.728,300
2020-09-16 09:49:12.880,4.728,100
2020-09-16 09:49:13.640,4.727,5000
2020-09-16 09:49:13.720,4.728,1100
2020-09-16 09:49:13.720,4.728,2400
2020-09-16 09:49:13.720,4.728,3500
2020-09-16 09:49:15.530,4.728,6500
2020-09-16 09:49:15.530,4.728,100
2020-09-16 09:49:15.530,4.728,200
2020-09-16 09:49:16.000,4.728,200
2020-09-16 09:49:17.100,4.728,30000
2020-09-16 09:49:17.360,4.728,263000
2020-09-16 09:49:17.360,4.728,7000
2020-09-16 09:49:17.360,4.727,302300
2020-09-16 09:49:17.510,4.729,30000
2020-09-16 09:49:17.510,4.729,100
2020-09-16 09:49:17.510,4.729,600
2020-09-16 09:49:17.510,4.729,7600
2020-09-16 09:49:18.160,4.729,700
2020-09-16 09:49:20.370,4.729,3600
2020-09-16 09:49:23.690,4.729,100
2020-09-16 09:49:23.690,4.728,400
2020-09-16 09:49:23.770,4.73,10000
2020-09-16 09:49:24.640,4.728,500
2020-09-16 09:49:25.210,4.728,700
2020-09-16 09:49:25.210,4.728,200
2020-09-16 09:49:25.210,4.728,100
2020-09-16 09:49:30.820,4.728,200
2020-09-16 09:49:30.820,4.728,10000
2020-09-16 09:49:30.820,4.728,191200
2020-09-16 09:49:30.940,4.728,4400
2020-09-16 09:49:30.980,4.729,1000
2020-09-16 09:49:31.600,4.729,2100
2020-09-16 09:49:32.160,4.729,1900
2020-09-16 09:49:32.160,4.729,100
2020-09-16 09:49:32.160,4.729,300
2020-09-16 09:49:33.760,4.729,4100
2020-09-16 09:49:34.320,4.73,141600
2020-09-16 09:49:34.320,4.73,2400
2020-09-16 09:49:34.320,4.73,28500
2020-09-16 09:49:34.320,4.73,20000
2020-09-16 09:49:34.320,4.73,56400
2020-09-16 09:49:34.320,4.73,5500
2020-09-16 09:49:35.880,4.73,500
2020-09-16 09:49:36.180,4.73,38700
2020-09-16 09:49:36.180,4.73,4200
2020-09-16 09:49:36.180,4.729,200
2020-09-16 09:49:36.180,4.729,5000
2020-09-16 09:49:36.180,4.729,100
2020-09-16 09:49:36.180,4.729,100
2020-09-16 09:49:36.180,4.728,211100
2020-09-16 09:49:36.180,4.728,5100
2020-09-16 09:49:36.180,4.728,5000
2020-09-16 09:49:36.180,4.728,5000
2020-09-16 09:49:36.180,4.728,8400
2020-09-16 09:49:36.180,4.728,20000
2020-09-16 09:49:36.180,4.728,20000
2020-09-16 09:49:36.180,4.728,2000
2020-09-16 09:49:36.180,4.728,2700
2020-09-16 09:49:36.180,4.728,2200
2020-09-16 09:49:36.180,4.728,1000
2020-09-16 09:49:36.180,4.728,1000
2020-09-16 09:49:36.180,4.728,2200
2020-09-16 09:49:36.180,4.728,1000
2020-09-16 09:49:36.180,4.728,2000
2020-09-16 09:49:36.180,4.727,163000
2020-09-16 09:49:37.780,4.728,200
2020-09-16 09:49:38.110,4.728,900
2020-09-16 09:49:38.110,4.731,200
2020-09-16 09:49:38.110,4.731,1000
2020-09-16 09:49:41.390,4.728,200
2020-09-16 09:49:45.040,4.729,900
2020-09-16 09:49:45.040,4.729,1700
2020-09-16 09:49:45.040,4.729,1500
2020-09-16 09:49:45.040,4.729,4300
2020-09-16 09:49:45.040,4.73,1600
2020-09-16 09:49:47.290,4.728,2800
2020-09-16 09:49:47.290,4.728,2000
2020-09-16 09:49:47.290,4.728,600
2020-09-16 09:49:47.290,4.728,100
2020-09-16 09:49:47.290,4.728,2000
2020-09-16 09:49:47.290,4.728,100
2020-09-16 09:49:49.870,4.729,300
2020-09-16 09:49:50.110,4.728,4900
2020-09-16 09:49:50.110,4.728,100
2020-09-16 09:49:50.290,4.729,6000
2020-09-16 09:49:50.550,4.729,200
2020-09-16 09:49:51.060,4.729,100
2020-09-16 09:49:52.010,4.728,299900
2020-09-16 09:49:52.010,4.728,13500
2020-09-16 09:49:52.010,4.728,89600
2020-09-16 09:49:52.240,4.729,200
2020-09-16 09:49:52.470,4.729,1000
2020-09-16 09:49:53.810,4.729,100
2020-09-16 09:49:54.220,4.729,110000
2020-09-16 09:49:55.060,4.728,400
2020-09-16 09:49:55.210,4.729,1000
2020-09-16 09:49:56.200,4.729,400
2020-09-16 09:49:57.360,4.729,2500
2020-09-16 09:49:57.640,4.729,1000
2020-09-16 09:49:57.640,4.729,5000
2020-09-16 09:49:58.630,4.729,6000
