Datetime,Price,Volume
2020-10-23 09:25:00.970,3.42,15000
2020-10-23 09:25:00.970,3.42,10000
2020-10-23 09:25:00.970,3.42,1000
2020-10-23 09:25:00.970,3.42,1000
2020-10-23 09:25:00.970,3.42,3000
2020-10-23 09:25:00.970,3.42,37712
2020-10-23 09:25:00.970,3.42,19288
2020-10-23 09:25:00.970,3.42,30000
2020-10-23 09:25:00.970,3.42,16000
2020-10-23 09:25:00.970,3.42,3112
2020-10-23 09:25:00.970,3.42,1000
2020-10-23 09:25:00.970,3.42,7488
2020-10-23 09:25:00.970,3.42,12512
2020-10-23 09:25:00.970,3.42,2488
2020-10-23 09:25:00.970,3.42,17512
2020-10-23 09:25:00.970,3.42,5000
2020-10-23 09:25:00.970,3.42,7488
2020-10-23 09:25:00.970,3.42,31900
2020-10-23 09:25:00.970,3.42,2000
2020-10-23 09:25:00.970,3.42,3000
2020-10-23 09:25:00.970,3.42,100
2020-10-23 09:25:00.970,3.42,500
2020-10-23 09:25:00.970,3.42,65200
2020-10-23 09:25:00.970,3.42,18300
2020-10-23 09:25:00.970,3.42,2900
2020-10-23 09:25:00.970,3.42,168612
2020-10-23 09:25:00.970,3.42,30500
2020-10-23 09:25:00.970,3.42,2200
2020-10-23 09:25:00.970,3.42,400
2020-10-23 09:25:00.970,3.42,2700
2020-10-23 09:25:00.970,3.42,30500
2020-10-23 09:25:00.970,3.42,2000
2020-10-23 09:25:00.970,3.42,10000
2020-10-23 09:25:00.970,3.42,30000
2020-10-23 09:25:00.970,3.42,300039
2020-10-23 09:25:00.970,3.42,132000
2020-10-23 09:25:00.970,3.42,2900
2020-10-23 09:25:00.970,3.42,3500
2020-10-23 09:25:00.970,3.42,300
2020-10-23 09:25:00.970,3.42,10000
2020-10-23 09:25:00.970,3.42,5000
2020-10-23 09:25:00.970,3.42,48
2020-10-23 09:25:00.970,3.42,10000
2020-10-23 09:25:00.970,3.42,10000
2020-10-23 09:25:00.970,3.42,500
2020-10-23 09:25:00.970,3.42,248801
2020-10-23 09:25:00.970,3.42,651199
2020-10-23 09:25:00.970,3.42,6000
2020-10-23 09:25:00.970,3.42,30000
2020-10-23 09:25:00.970,3.42,2300
2020-10-23 09:25:00.970,3.42,8800
2020-10-23 09:25:00.970,3.42,3000
2020-10-23 09:25:00.970,3.42,2000
2020-10-23 09:25:00.970,3.42,10000
2020-10-23 09:25:00.970,3.42,100
2020-10-23 09:25:00.970,3.42,5000
2020-10-23 09:25:00.970,3.42,20000
2020-10-23 09:25:00.970,3.42,1000
2020-10-23 09:25:00.970,3.42,1000
2020-10-23 09:25:00.970,3.42,10000
2020-10-23 09:25:00.970,3.42,13000
2020-10-23 09:25:00.970,3.42,100
2020-10-23 09:25:00.970,3.42,12200
2020-10-23 09:25:00.970,3.42,4000
2020-10-23 09:25:00.970,3.42,50000
2020-10-23 09:25:00.970,3.42,10000
2020-10-23 09:25:00.970,3.42,160301
2020-10-23 09:25:00.970,3.42,7000
2020-10-23 09:25:00.970,3.42,10000
2020-10-23 09:25:00.970,3.42,200
2020-10-23 09:25:00.970,3.42,100
2020-10-23 09:25:00.970,3.42,200
2020-10-23 09:25:00.970,3.42,60000
2020-10-23 09:25:00.970,3.42,300
2020-10-23 09:25:00.970,3.42,100
2020-10-23 09:25:00.970,3.42,100
2020-10-23 09:25:00.970,3.42,61699
2020-10-23 09:25:00.970,3.42,10000
2020-10-23 09:25:00.970,3.42,30401
2020-10-23 09:25:00.970,3.42,80000
2020-10-23 09:25:00.970,3.42,2600
2020-10-23 09:25:00.970,3.42,10000
2020-10-23 09:25:00.970,3.42,2600
2020-10-23 09:25:00.970,3.42,100
2020-10-23 09:25:00.970,3.42,300
2020-10-23 09:25:00.970,3.42,100
2020-10-23 09:25:00.970,3.42,5600
2020-10-23 09:25:00.970,3.42,600
2020-10-23 09:25:00.970,3.42,6000
2020-10-23 09:25:00.970,3.42,1500
2020-10-23 09:25:00.970,3.42,100
2020-10-23 09:25:00.970,3.42,700
2020-10-23 09:25:00.970,3.42,500
2020-10-23 09:25:00.970,3.42,2900
2020-10-23 09:25:00.970,3.42,3900
2020-10-23 09:25:00.970,3.42,21000
2020-10-23 09:25:00.970,3.42,3300
2020-10-23 09:25:00.970,3.42,1000
2020-10-23 09:25:00.970,3.42,500
2020-10-23 09:25:00.970,3.42,6100
2020-10-23 09:25:00.970,3.42,2500
2020-10-23 09:25:00.970,3.42,300
2020-10-23 09:25:00.970,3.42,500
2020-10-23 09:25:00.970,3.42,300
2020-10-23 09:25:00.970,3.42,100
2020-10-23 09:25:00.970,3.42,100
2020-10-23 09:25:00.970,3.42,100
2020-10-23 09:30:00.240,3.419,3000
2020-10-23 09:30:00.240,3.419,200
2020-10-23 09:30:00.330,3.419,6800
2020-10-23 09:30:00.330,3.42,3200
2020-10-23 09:30:00.330,3.418,11000
2020-10-23 09:30:00.330,3.418,200
2020-10-23 09:30:00.330,3.418,200
2020-10-23 09:30:00.330,3.418,100
2020-10-23 09:30:00.330,3.418,200
2020-10-23 09:30:00.330,3.418,15000
2020-10-23 09:30:00.330,3.417,2900
2020-10-23 09:30:00.330,3.417,100
2020-10-23 09:30:00.330,3.417,300
2020-10-23 09:30:00.400,3.42,1200
2020-10-23 09:30:00.520,3.419,1900
2020-10-23 09:30:00.520,3.419,1800
2020-10-23 09:30:00.520,3.42,3799
2020-10-23 09:30:00.520,3.42,44601
2020-10-23 09:30:00.630,3.42,500
2020-10-23 09:30:00.630,3.419,14600
2020-10-23 09:30:00.630,3.417,1000
2020-10-23 09:30:00.740,3.419,9900
2020-10-23 09:30:00.740,3.419,300
2020-10-23 09:30:00.870,3.417,1000
2020-10-23 09:30:00.870,3.419,5200
2020-10-23 09:30:00.870,3.42,4800
2020-10-23 09:30:00.980,3.419,1000
2020-10-23 09:30:01.100,3.418,100
2020-10-23 09:30:01.100,3.417,3400
2020-10-23 09:30:01.220,3.417,4300
2020-10-23 09:30:01.220,3.417,300
2020-10-23 09:30:01.220,3.417,200
2020-10-23 09:30:01.220,3.417,100
2020-10-23 09:30:01.220,3.417,500
2020-10-23 09:30:01.220,3.417,600
2020-10-23 09:30:01.220,3.419,1000
2020-10-23 09:30:01.220,3.419,1000
2020-10-23 09:30:01.220,3.42,99
2020-10-23 09:30:01.220,3.42,601
2020-10-23 09:30:01.220,3.42,100
2020-10-23 09:30:01.350,3.417,9400
2020-10-23 09:30:01.580,3.417,7000
2020-10-23 09:30:01.700,3.417,1000
2020-10-23 09:30:01.810,3.417,100
2020-10-23 09:30:01.920,3.417,1100
2020-10-23 09:30:01.920,3.417,400
2020-10-23 09:30:01.920,3.417,1000
2020-10-23 09:30:02.040,3.417,30000
2020-10-23 09:30:02.040,3.417,2000
2020-10-23 09:30:02.170,3.416,100
2020-10-23 09:30:02.170,3.416,10000
2020-10-23 09:30:02.170,3.416,2900
2020-10-23 09:30:02.170,3.417,300
2020-10-23 09:30:02.300,3.417,10000
2020-10-23 09:30:02.300,3.417,100
2020-10-23 09:30:02.560,3.417,1000
2020-10-23 09:30:02.560,3.417,16600
2020-10-23 09:30:02.560,3.418,300
2020-10-23 09:30:02.560,3.418,12000
2020-10-23 09:30:02.560,3.418,71100
2020-10-23 09:30:02.790,3.418,100
2020-10-23 09:30:02.920,3.418,8800
2020-10-23 09:30:02.920,3.418,14000
2020-10-23 09:30:02.920,3.418,30000
2020-10-23 09:30:02.920,3.418,5000
2020-10-23 09:30:02.920,3.418,5000
2020-10-23 09:30:02.920,3.418,2000
2020-10-23 09:30:02.920,3.418,2000
2020-10-23 09:30:02.920,3.419,3300
2020-10-23 09:30:03.030,3.418,500
2020-10-23 09:30:03.030,3.419,500
2020-10-23 09:30:03.030,3.419,11200
2020-10-23 09:30:03.030,3.416,100
2020-10-23 09:30:03.030,3.416,200
2020-10-23 09:30:03.030,3.416,10000
2020-10-23 09:30:03.030,3.416,500
2020-10-23 09:30:03.140,3.416,10000
2020-10-23 09:30:03.450,3.416,1100
2020-10-23 09:30:04.440,3.416,78100
2020-10-23 09:30:04.440,3.416,2000
2020-10-23 09:30:04.440,3.416,5000
2020-10-23 09:30:04.440,3.416,1000
2020-10-23 09:30:05.060,3.417,700
2020-10-23 09:30:05.060,3.417,200
2020-10-23 09:30:08.210,3.416,2500
2020-10-23 09:30:08.510,3.415,600
2020-10-23 09:30:08.510,3.415,100
2020-10-23 09:30:08.510,3.415,200
2020-10-23 09:30:08.510,3.415,20000
2020-10-23 09:30:08.510,3.415,10000
2020-10-23 09:30:08.510,3.415,1000
2020-10-23 09:30:08.510,3.415,100
2020-10-23 09:30:08.510,3.415,5000
2020-10-23 09:30:08.510,3.415,5000
2020-10-23 09:30:08.510,3.415,10000
2020-10-23 09:30:08.510,3.415,10000
2020-10-23 09:30:08.510,3.415,6000
2020-10-23 09:30:13.170,3.415,5000
2020-10-23 09:30:14.050,3.414,100
2020-10-23 09:30:14.050,3.414,10000
2020-10-23 09:30:14.050,3.414,200
2020-10-23 09:30:14.050,3.414,100
2020-10-23 09:30:14.050,3.414,10000
2020-10-23 09:30:14.050,3.414,5000
2020-10-23 09:30:14.050,3.414,1000
2020-10-23 09:30:14.050,3.414,3600
2020-10-23 09:30:17.780,3.415,1000
2020-10-23 09:30:18.080,3.414,9800
2020-10-23 09:30:19.250,3.413,100
2020-10-23 09:30:19.250,3.413,200
2020-10-23 09:30:19.250,3.413,10000
2020-10-23 09:30:19.250,3.413,3000
2020-10-23 09:30:19.250,3.413,1000
2020-10-23 09:30:19.250,3.413,500
2020-10-23 09:30:19.250,3.413,30000
2020-10-23 09:30:19.250,3.413,30000
2020-10-23 09:30:19.250,3.413,30300
2020-10-23 09:30:19.660,3.414,6200
2020-10-23 09:30:19.660,3.414,10000
2020-10-23 09:30:21.120,3.414,1000
2020-10-23 09:30:21.600,3.415,1500
2020-10-23 09:30:22.110,3.415,30000
2020-10-23 09:30:22.110,3.415,15300
2020-10-23 09:30:22.110,3.416,14700
2020-10-23 09:30:22.280,3.414,12800
2020-10-23 09:30:22.280,3.414,40000
2020-10-23 09:30:22.280,3.414,30000
2020-10-23 09:30:22.280,3.414,1000
2020-10-23 09:30:22.280,3.414,24000
2020-10-23 09:30:22.720,3.416,26400
2020-10-23 09:30:22.720,3.416,3600
2020-10-23 09:30:22.800,3.415,30000
2020-10-23 09:30:23.690,3.416,6400
2020-10-23 09:30:23.690,3.416,1500
2020-10-23 09:30:27.620,3.417,9100
2020-10-23 09:30:27.620,3.417,2000
2020-10-23 09:30:29.510,3.416,5000
2020-10-23 09:30:29.510,3.416,15900
2020-10-23 09:30:31.090,3.416,2500
2020-10-23 09:30:32.310,3.418,1000
2020-10-23 09:30:32.610,3.416,11600
2020-10-23 09:30:32.610,3.416,19400
2020-10-23 09:30:33.280,3.416,10600
2020-10-23 09:30:33.280,3.416,30000
2020-10-23 09:30:33.280,3.415,9400
2020-10-23 09:30:35.440,3.418,100
2020-10-23 09:30:35.840,3.416,7600
2020-10-23 09:30:36.350,3.418,16200
2020-10-23 09:30:38.210,3.417,30000
2020-10-23 09:30:39.000,3.416,10000
2020-10-23 09:30:39.520,3.417,5200
2020-10-23 09:30:39.520,3.417,67200
2020-10-23 09:30:40.630,3.417,30000
2020-10-23 09:30:40.950,3.416,500
2020-10-23 09:30:41.540,3.417,30000
2020-10-23 09:30:41.710,3.417,30000
2020-10-23 09:30:42.650,3.417,11000
2020-10-23 09:30:42.710,3.417,31200
2020-10-23 09:30:42.710,3.416,1000
2020-10-23 09:30:44.100,3.417,8000
2020-10-23 09:30:44.380,3.417,10000
2020-10-23 09:30:49.140,3.417,1500
2020-10-23 09:30:49.170,3.417,1100
2020-10-23 09:30:49.170,3.417,3900
2020-10-23 09:30:49.600,3.417,1100
2020-10-23 09:30:49.600,3.417,50000
2020-10-23 09:30:49.600,3.417,300
2020-10-23 09:30:49.600,3.417,3000
2020-10-23 09:30:49.600,3.417,113600
2020-10-23 09:30:51.270,3.417,2700
2020-10-23 09:30:53.950,3.417,600
2020-10-23 09:30:54.120,3.417,83100
2020-10-23 09:30:54.120,3.417,1100
2020-10-23 09:30:57.670,3.417,10000
2020-10-23 09:30:57.930,3.417,3800
2020-10-23 09:31:01.620,3.417,96400
2020-10-23 09:31:03.140,3.417,10900
2020-10-23 09:31:04.480,3.416,200000
2020-10-23 09:31:04.480,3.416,50000
2020-10-23 09:31:04.480,3.416,3000
2020-10-23 09:31:04.480,3.416,290000
2020-10-23 09:31:04.480,3.416,45000
2020-10-23 09:31:04.480,3.416,3000
2020-10-23 09:31:04.480,3.416,500
2020-10-23 09:31:04.480,3.416,4000
2020-10-23 09:31:04.480,3.416,500
2020-10-23 09:31:04.480,3.416,26400
2020-10-23 09:31:04.480,3.415,30000
2020-10-23 09:31:04.480,3.415,40000
2020-10-23 09:31:04.480,3.415,30000
2020-10-23 09:31:04.480,3.415,500
2020-10-23 09:31:04.480,3.415,500
2020-10-23 09:31:04.480,3.415,30000
2020-10-23 09:31:04.480,3.415,74500
2020-10-23 09:31:04.480,3.415,20000
2020-10-23 09:31:04.480,3.415,40000
2020-10-23 09:31:04.480,3.415,30000
2020-10-23 09:31:04.480,3.415,1000
2020-10-23 09:31:05.160,3.415,20000
2020-10-23 09:31:05.160,3.415,30000
2020-10-23 09:31:05.730,3.415,31100
2020-10-23 09:31:06.290,3.416,1000
2020-10-23 09:31:06.290,3.416,2700
2020-10-23 09:31:06.620,3.416,17300
2020-10-23 09:31:06.620,3.416,1000
2020-10-23 09:31:06.860,3.416,11400
2020-10-23 09:31:07.920,3.417,400
2020-10-23 09:31:09.670,3.417,500
2020-10-23 09:31:10.840,3.416,300
2020-10-23 09:31:10.840,3.416,2900
2020-10-23 09:31:12.330,3.417,7700
2020-10-23 09:31:13.160,3.416,8000
2020-10-23 09:31:17.070,3.416,5400
2020-10-23 09:31:17.070,3.416,5200
2020-10-23 09:31:19.240,3.416,1300
2020-10-23 09:31:20.090,3.415,100
2020-10-23 09:31:20.200,3.416,100
2020-10-23 09:31:20.420,3.416,15000
2020-10-23 09:31:20.710,3.416,300
2020-10-23 09:31:20.710,3.416,132200
2020-10-23 09:31:20.710,3.416,2900
2020-10-23 09:31:20.710,3.416,160000
2020-10-23 09:31:20.710,3.416,200
2020-10-23 09:31:20.710,3.416,4400
2020-10-23 09:31:21.170,3.416,200
2020-10-23 09:31:22.240,3.417,1400
2020-10-23 09:31:22.240,3.417,29100
2020-10-23 09:31:24.780,3.416,17600
2020-10-23 09:31:24.960,3.416,6000
2020-10-23 09:31:25.420,3.416,20000
2020-10-23 09:31:25.530,3.416,40000
2020-10-23 09:31:26.530,3.416,9800
2020-10-23 09:31:26.790,3.417,300
2020-10-23 09:31:29.440,3.417,3300
2020-10-23 09:31:30.990,3.417,1000
2020-10-23 09:31:31.110,3.416,506700
2020-10-23 09:31:31.110,3.416,1500
2020-10-23 09:31:31.110,3.416,40000
2020-10-23 09:31:31.110,3.416,300000
2020-10-23 09:31:31.110,3.416,300
2020-10-23 09:31:31.110,3.416,4500
2020-10-23 09:31:31.110,3.415,29900
2020-10-23 09:31:31.110,3.415,40000
2020-10-23 09:31:31.110,3.415,20000
2020-10-23 09:31:31.110,3.415,57100
2020-10-23 09:31:31.300,3.417,16300
2020-10-23 09:31:31.300,3.417,15100
2020-10-23 09:31:31.300,3.417,443300
2020-10-23 09:31:31.300,3.417,2400
2020-10-23 09:31:31.300,3.417,107300
2020-10-23 09:31:31.300,3.417,4000
2020-10-23 09:31:31.300,3.417,3500
2020-10-23 09:31:31.300,3.417,1000
2020-10-23 09:31:32.760,3.417,7100
2020-10-23 09:31:32.760,3.416,30000
2020-10-23 09:31:34.430,3.416,5000
2020-10-23 09:31:34.460,3.416,20000
2020-10-23 09:31:35.200,3.416,27900
2020-10-23 09:31:35.200,3.416,100
2020-10-23 09:31:35.200,3.416,300
2020-10-23 09:31:37.070,3.415,242900
2020-10-23 09:31:37.070,3.415,200
2020-10-23 09:31:37.070,3.415,406900
2020-10-23 09:31:37.650,3.417,6000
2020-10-23 09:31:39.260,3.416,5000
2020-10-23 09:31:41.820,3.416,5000
2020-10-23 09:31:44.550,3.417,100000
2020-10-23 09:31:45.090,3.416,3000
2020-10-23 09:31:45.090,3.416,10000
2020-10-23 09:31:45.090,3.416,400
2020-10-23 09:31:45.090,3.416,2800
2020-10-23 09:31:50.990,3.416,97200
2020-10-23 09:31:50.990,3.416,2000
2020-10-23 09:31:50.990,3.416,2000
2020-10-23 09:31:50.990,3.416,9000
2020-10-23 09:31:53.210,3.416,2900
2020-10-23 09:31:53.400,3.416,200
2020-10-23 09:31:53.670,3.416,30000
2020-10-23 09:31:53.730,3.416,18800
2020-10-23 09:31:53.790,3.416,137900
2020-10-23 09:31:53.790,3.416,50000
2020-10-23 09:31:53.960,3.416,86000
2020-10-23 09:31:54.190,3.417,10000
2020-10-23 09:31:54.820,3.416,5000
2020-10-23 09:31:56.270,3.416,3000
2020-10-23 09:31:57.970,3.417,190000
2020-10-23 09:31:57.970,3.417,2000
2020-10-23 09:31:57.970,3.417,104600
2020-10-23 09:31:57.970,3.417,15000
2020-10-23 09:32:00.980,3.417,5000
2020-10-23 09:32:02.170,3.417,14000
2020-10-23 09:32:03.630,3.417,69400
2020-10-23 09:32:03.630,3.417,100
2020-10-23 09:32:03.630,3.417,4000
2020-10-23 09:32:03.630,3.417,12000
2020-10-23 09:32:07.760,3.417,2000
2020-10-23 09:32:08.040,3.417,56200
2020-10-23 09:32:08.250,3.417,900
2020-10-23 09:32:08.930,3.417,12500
2020-10-23 09:32:09.710,3.417,12500
2020-10-23 09:32:09.930,3.416,18100
2020-10-23 09:32:09.930,3.416,3900
2020-10-23 09:32:09.930,3.416,277800
2020-10-23 09:32:10.050,3.417,12500
2020-10-23 09:32:10.400,3.417,12500
2020-10-23 09:32:10.910,3.417,800
2020-10-23 09:32:11.320,3.417,2000
2020-10-23 09:32:13.250,3.417,300
2020-10-23 09:32:14.820,3.417,15500
2020-10-23 09:32:15.190,3.417,1000
2020-10-23 09:32:15.640,3.417,1000
2020-10-23 09:32:16.620,3.417,3000
2020-10-23 09:32:17.300,3.416,100
2020-10-23 09:32:17.870,3.416,500
2020-10-23 09:32:18.090,3.417,500
2020-10-23 09:32:19.880,3.417,300
2020-10-23 09:32:21.260,3.417,2200
2020-10-23 09:32:22.160,3.417,4000
2020-10-23 09:32:23.260,3.417,100
2020-10-23 09:32:23.670,3.416,500
2020-10-23 09:32:23.670,3.416,1600
2020-10-23 09:32:23.670,3.416,10000
2020-10-23 09:32:23.670,3.416,3900
2020-10-23 09:32:23.670,3.417,30000
2020-10-23 09:32:24.090,3.417,3000
2020-10-23 09:32:26.090,3.417,1600
2020-10-23 09:32:26.370,3.416,100
2020-10-23 09:32:30.850,3.417,5000
2020-10-23 09:32:31.960,3.416,96000
2020-10-23 09:32:31.960,3.416,30000
2020-10-23 09:32:31.960,3.416,3400
2020-10-23 09:32:31.960,3.416,170600
2020-10-23 09:32:32.280,3.416,14000
2020-10-23 09:32:32.280,3.416,15400
2020-10-23 09:32:32.280,3.416,100000
2020-10-23 09:32:32.280,3.416,160000
2020-10-23 09:32:32.280,3.416,24600
2020-10-23 09:32:32.410,3.416,300000
2020-10-23 09:32:32.750,3.416,275400
2020-10-23 09:32:32.750,3.416,24600
2020-10-23 09:32:32.960,3.416,25400
2020-10-23 09:32:32.960,3.416,20000
2020-10-23 09:32:32.960,3.416,50000
2020-10-23 09:32:32.960,3.416,100000
2020-10-23 09:32:35.180,3.416,5000
2020-10-23 09:32:35.270,3.416,99600
2020-10-23 09:32:35.270,3.416,100400
2020-10-23 09:32:35.710,3.415,300000
2020-10-23 09:32:37.210,3.415,100
2020-10-23 09:32:38.100,3.416,1500
2020-10-23 09:32:38.310,3.416,3500
2020-10-23 09:32:38.310,3.416,6000
2020-10-23 09:32:38.340,3.416,15000
2020-10-23 09:32:40.310,3.416,1100
2020-10-23 09:32:41.450,3.416,20400
2020-10-23 09:32:43.100,3.416,20000
2020-10-23 09:32:44.520,3.416,42000
2020-10-23 09:32:45.660,3.416,20000
2020-10-23 09:32:48.500,3.416,300000
2020-10-23 09:32:48.820,3.416,1000
2020-10-23 09:32:50.840,3.416,300000
2020-10-23 09:32:53.460,3.416,171000
2020-10-23 09:32:53.460,3.416,38500
2020-10-23 09:32:55.370,3.416,2500
2020-10-23 09:32:55.710,3.416,259000
2020-10-23 09:32:55.710,3.416,41300
2020-10-23 09:32:56.370,3.416,258700
2020-10-23 09:32:56.370,3.416,5000
2020-10-23 09:32:56.370,3.416,36300
2020-10-23 09:32:57.010,3.417,200
2020-10-23 09:32:57.370,3.417,30000
2020-10-23 09:32:58.130,3.417,4900
2020-10-23 09:32:58.130,3.417,25100
2020-10-23 09:32:58.930,3.416,63700
2020-10-23 09:32:58.930,3.416,20000
2020-10-23 09:32:58.930,3.416,2000
2020-10-23 09:32:58.930,3.416,1000
2020-10-23 09:33:00.650,3.416,50000
2020-10-23 09:33:00.700,3.415,2700
2020-10-23 09:33:01.030,3.416,50000
2020-10-23 09:33:01.770,3.416,10000
2020-10-23 09:33:02.650,3.416,56100
2020-10-23 09:33:02.650,3.416,41000
2020-10-23 09:33:04.120,3.416,93200
2020-10-23 09:33:04.120,3.416,35600
2020-10-23 09:33:04.380,3.416,2000
2020-10-23 09:33:07.730,3.416,500
2020-10-23 09:33:11.590,3.417,2900
2020-10-23 09:33:15.240,3.416,20000
2020-10-23 09:33:17.150,3.416,110000
2020-10-23 09:33:20.810,3.416,4200
2020-10-23 09:33:21.250,3.417,2100
2020-10-23 09:33:21.250,3.417,10000
2020-10-23 09:33:21.250,3.417,10000
2020-10-23 09:33:21.250,3.417,5000
2020-10-23 09:33:21.250,3.417,14100
2020-10-23 09:33:21.250,3.417,1000
2020-10-23 09:33:21.250,3.417,7800
2020-10-23 09:33:22.310,3.416,10200
2020-10-23 09:33:24.150,3.416,17500
2020-10-23 09:33:24.150,3.416,10000
2020-10-23 09:33:24.150,3.416,1800
2020-10-23 09:33:24.150,3.416,1000
2020-10-23 09:33:24.150,3.416,100
2020-10-23 09:33:24.150,3.416,100
2020-10-23 09:33:24.150,3.416,4300
2020-10-23 09:33:24.150,3.416,200
2020-10-23 09:33:24.150,3.416,1700
2020-10-23 09:33:24.150,3.416,20000
2020-10-23 09:33:24.690,3.416,10000
2020-10-23 09:33:25.980,3.416,1900
2020-10-23 09:33:26.470,3.416,100
2020-10-23 09:33:27.210,3.416,3000
2020-10-23 09:33:27.950,3.416,800
2020-10-23 09:33:28.760,3.416,2000
2020-10-23 09:33:33.240,3.415,100000
2020-10-23 09:33:33.290,3.416,10000
2020-10-23 09:33:35.360,3.415,30000
2020-10-23 09:33:37.330,3.416,500
2020-10-23 09:33:37.470,3.415,60300
2020-10-23 09:33:37.470,3.415,2000
2020-10-23 09:33:37.470,3.415,3000
2020-10-23 09:33:37.470,3.415,100000
2020-10-23 09:33:37.470,3.415,8000
2020-10-23 09:33:37.470,3.415,1000
2020-10-23 09:33:37.470,3.415,1800
2020-10-23 09:33:37.470,3.415,1700
2020-10-23 09:33:37.470,3.415,2000
2020-10-23 09:33:37.470,3.415,2000
2020-10-23 09:33:37.470,3.415,11700
2020-10-23 09:33:37.470,3.415,100
2020-10-23 09:33:37.470,3.415,7600
2020-10-23 09:33:37.470,3.415,5000
2020-10-23 09:33:37.470,3.415,13800
2020-10-23 09:33:41.080,3.415,2000
2020-10-23 09:33:41.500,3.415,4000
2020-10-23 09:33:41.900,3.416,7500
2020-10-23 09:33:41.900,3.416,3000
2020-10-23 09:33:41.900,3.416,10000
2020-10-23 09:33:41.900,3.416,29500
2020-10-23 09:33:42.730,3.415,20200
2020-10-23 09:33:42.730,3.415,1300
2020-10-23 09:33:42.730,3.415,1000
2020-10-23 09:33:42.730,3.415,2000
2020-10-23 09:33:42.730,3.415,40000
2020-10-23 09:33:42.730,3.415,10200
2020-10-23 09:33:42.730,3.415,50000
2020-10-23 09:33:42.730,3.415,2800
2020-10-23 09:33:44.110,3.414,6500
2020-10-23 09:33:44.110,3.414,2000
2020-10-23 09:33:44.110,3.414,1300
2020-10-23 09:33:49.450,3.414,8700
2020-10-23 09:33:49.450,3.414,3000
2020-10-23 09:33:49.450,3.414,6000
2020-10-23 09:33:49.450,3.414,100
2020-10-23 09:33:49.450,3.414,10000
2020-10-23 09:33:49.450,3.414,10000
2020-10-23 09:33:49.450,3.414,2000
2020-10-23 09:33:49.450,3.414,1500
2020-10-23 09:33:49.450,3.414,2000
2020-10-23 09:33:49.450,3.414,500
2020-10-23 09:33:49.450,3.414,100000
2020-10-23 09:33:49.450,3.414,10000
2020-10-23 09:33:49.450,3.414,50000
2020-10-23 09:33:49.450,3.414,100
2020-10-23 09:33:49.450,3.414,3300
2020-10-23 09:33:49.450,3.413,2000
2020-10-23 09:33:49.450,3.413,47000
2020-10-23 09:33:49.450,3.413,1400
2020-10-23 09:33:49.450,3.413,500
2020-10-23 09:33:49.450,3.413,10000
2020-10-23 09:33:49.450,3.413,300
2020-10-23 09:33:49.450,3.413,10000
2020-10-23 09:33:49.450,3.413,300
2020-10-23 09:33:49.450,3.413,10000
2020-10-23 09:33:49.450,3.413,500
2020-10-23 09:33:49.450,3.413,10000
2020-10-23 09:33:49.450,3.413,800
2020-10-23 09:33:51.970,3.414,10000
2020-10-23 09:33:53.610,3.415,1000
2020-10-23 09:33:56.300,3.415,171500
2020-10-23 09:33:56.300,3.415,100000
2020-10-23 09:33:56.300,3.415,300000
2020-10-23 09:33:56.300,3.415,8800
2020-10-23 09:33:56.300,3.415,19700
2020-10-23 09:33:56.700,3.414,40000
2020-10-23 09:34:00.220,3.413,1400
2020-10-23 09:34:00.350,3.414,100
2020-10-23 09:34:00.350,3.414,5900
2020-10-23 09:34:00.590,3.414,1000
2020-10-23 09:34:00.770,3.413,800
2020-10-23 09:34:00.770,3.413,10000
2020-10-23 09:34:00.770,3.413,2000
2020-10-23 09:34:00.770,3.413,500
2020-10-23 09:34:00.770,3.413,10000
2020-10-23 09:34:00.770,3.413,10000
2020-10-23 09:34:00.770,3.413,1000
2020-10-23 09:34:00.770,3.413,13000
2020-10-23 09:34:00.770,3.413,2700
2020-10-23 09:34:01.330,3.414,6100
2020-10-23 09:34:02.280,3.413,50000
2020-10-23 09:34:02.280,3.413,500
2020-10-23 09:34:03.700,3.413,100
2020-10-23 09:34:04.270,3.413,1000
2020-10-23 09:34:04.590,3.413,10000
2020-10-23 09:34:05.180,3.413,38400
2020-10-23 09:34:05.180,3.413,4200
2020-10-23 09:34:05.740,3.414,1900
2020-10-23 09:34:06.380,3.412,10000
2020-10-23 09:34:07.420,3.413,100000
2020-10-23 09:34:08.610,3.413,300000
2020-10-23 09:34:08.640,3.413,200000
2020-10-23 09:34:08.640,3.413,5000
2020-10-23 09:34:09.580,3.412,2000
2020-10-23 09:34:09.580,3.412,5000
2020-10-23 09:34:09.580,3.412,2800
2020-10-23 09:34:10.960,3.413,5000
2020-10-23 09:34:12.920,3.413,300
2020-10-23 09:34:12.950,3.412,2200
2020-10-23 09:34:12.950,3.412,3000
2020-10-23 09:34:12.950,3.412,100
2020-10-23 09:34:12.950,3.412,10000
2020-10-23 09:34:12.950,3.412,3000
2020-10-23 09:34:12.950,3.412,200
2020-10-23 09:34:12.950,3.412,10000
2020-10-23 09:34:12.950,3.412,1000
2020-10-23 09:34:12.950,3.412,10000
2020-10-23 09:34:12.950,3.412,100
2020-10-23 09:34:12.950,3.412,50000
2020-10-23 09:34:12.950,3.412,3000
2020-10-23 09:34:12.950,3.412,5000
2020-10-23 09:34:12.950,3.412,1000
2020-10-23 09:34:12.950,3.412,1000
2020-10-23 09:34:12.950,3.412,50000
2020-10-23 09:34:12.950,3.412,300
2020-10-23 09:34:13.030,3.412,2400
2020-10-23 09:34:13.920,3.412,800
2020-10-23 09:34:15.830,3.411,100
2020-10-23 09:34:15.830,3.411,10000
2020-10-23 09:34:15.830,3.411,5000
2020-10-23 09:34:15.830,3.411,200
2020-10-23 09:34:15.830,3.411,10000
2020-10-23 09:34:15.830,3.411,3000
2020-10-23 09:34:15.830,3.411,200
2020-10-23 09:34:15.830,3.411,5000
2020-10-23 09:34:15.830,3.411,100
2020-10-23 09:34:15.830,3.411,10000
2020-10-23 09:34:15.830,3.411,28200
2020-10-23 09:34:15.830,3.411,100
2020-10-23 09:34:15.830,3.411,1000
2020-10-23 09:34:15.830,3.411,2000
2020-10-23 09:34:15.830,3.411,30000
2020-10-23 09:34:15.830,3.411,5000
2020-10-23 09:34:15.830,3.411,40000
2020-10-23 09:34:15.830,3.411,3000
2020-10-23 09:34:15.830,3.411,45000
2020-10-23 09:34:15.830,3.411,3000
2020-10-23 09:34:15.830,3.411,1000
2020-10-23 09:34:15.830,3.411,50000
2020-10-23 09:34:15.830,3.411,48100
2020-10-23 09:34:16.480,3.411,200
2020-10-23 09:34:17.250,3.412,1000
2020-10-23 09:34:17.500,3.411,12300
2020-10-23 09:34:17.500,3.41,4900
2020-10-23 09:34:17.500,3.41,100
2020-10-23 09:34:17.500,3.41,300
2020-10-23 09:34:17.500,3.41,1300
2020-10-23 09:34:17.500,3.41,100
2020-10-23 09:34:17.500,3.41,3000
2020-10-23 09:34:17.500,3.41,1000
2020-10-23 09:34:17.500,3.41,24400
2020-10-23 09:34:17.500,3.41,200
2020-10-23 09:34:17.500,3.41,2400
2020-10-23 09:34:18.900,3.411,1700
2020-10-23 09:34:18.900,3.411,50000
2020-10-23 09:34:18.900,3.411,900
2020-10-23 09:34:18.900,3.41,7400
2020-10-23 09:34:19.330,3.411,10000
2020-10-23 09:34:20.570,3.412,1500
2020-10-23 09:34:20.940,3.411,15000
2020-10-23 09:34:21.320,3.412,2000
2020-10-23 09:34:23.300,3.411,2400
2020-10-23 09:34:23.570,3.412,4500
2020-10-23 09:34:23.720,3.411,40000
2020-10-23 09:34:24.780,3.412,300000
2020-10-23 09:34:24.860,3.412,300000
2020-10-23 09:34:25.170,3.411,2500
2020-10-23 09:34:25.200,3.412,67400
2020-10-23 09:34:25.860,3.412,30000
2020-10-23 09:34:25.950,3.412,30000
2020-10-23 09:34:25.970,3.412,10000
2020-10-23 09:34:26.650,3.412,500
2020-10-23 09:34:26.650,3.412,117600
2020-10-23 09:34:26.650,3.412,1500
2020-10-23 09:34:26.650,3.412,100
2020-10-23 09:34:26.650,3.412,40000
2020-10-23 09:34:26.820,3.412,700
2020-10-23 09:34:26.960,3.412,1500
2020-10-23 09:34:27.570,3.412,100
2020-10-23 09:34:27.650,3.412,10000
2020-10-23 09:34:30.340,3.412,4400
2020-10-23 09:34:31.190,3.412,14600
2020-10-23 09:34:31.990,3.413,20000
2020-10-23 09:34:32.010,3.413,50000
2020-10-23 09:34:40.550,3.413,19700
2020-10-23 09:34:40.550,3.413,10900
2020-10-23 09:34:40.550,3.413,107600
2020-10-23 09:34:42.480,3.413,3000
2020-10-23 09:34:42.640,3.413,33400
2020-10-23 09:34:43.250,3.413,300
2020-10-23 09:34:46.500,3.413,100000
2020-10-23 09:34:47.290,3.414,100
2020-10-23 09:34:48.620,3.413,300000
2020-10-23 09:34:48.730,3.413,1800
2020-10-23 09:34:53.350,3.413,300000
2020-10-23 09:34:53.720,3.414,2000
2020-10-23 09:34:53.720,3.414,8000
2020-10-23 09:34:55.640,3.413,10300
2020-10-23 09:34:57.530,3.414,1000
2020-10-23 09:34:57.530,3.414,35500
2020-10-23 09:34:57.530,3.414,11500
2020-10-23 09:34:57.530,3.414,15100
2020-10-23 09:34:59.390,3.414,100
2020-10-23 09:35:00.390,3.414,4600
2020-10-23 09:35:00.500,3.413,13000
2020-10-23 09:35:00.500,3.413,11000
2020-10-23 09:35:04.730,3.413,9000
2020-10-23 09:35:04.730,3.413,200
2020-10-23 09:35:04.730,3.413,200
2020-10-23 09:35:05.670,3.413,1700
2020-10-23 09:35:05.670,3.413,100
2020-10-23 09:35:05.670,3.413,1500
2020-10-23 09:35:05.670,3.413,20000
2020-10-23 09:35:05.670,3.413,16700
2020-10-23 09:35:08.340,3.414,5000
2020-10-23 09:35:10.310,3.413,4200
2020-10-23 09:35:10.310,3.413,1000
2020-10-23 09:35:10.690,3.413,9000
2020-10-23 09:35:10.690,3.413,200
2020-10-23 09:35:10.690,3.413,40800
2020-10-23 09:35:14.110,3.414,7200
2020-10-23 09:35:14.110,3.414,26000
2020-10-23 09:35:14.110,3.414,3000
2020-10-23 09:35:15.810,3.414,106900
2020-10-23 09:35:17.620,3.414,300000
2020-10-23 09:35:17.620,3.414,5000
2020-10-23 09:35:23.360,3.414,5000
2020-10-23 09:35:24.920,3.414,6000
2020-10-23 09:35:26.230,3.415,1000
2020-10-23 09:35:26.230,3.415,1000
2020-10-23 09:35:27.090,3.414,300000
2020-10-23 09:35:27.280,3.414,140900
2020-10-23 09:35:27.280,3.414,20000
2020-10-23 09:35:27.280,3.414,20000
2020-10-23 09:35:27.280,3.414,10000
2020-10-23 09:35:28.150,3.414,1000
2020-10-23 09:35:31.310,3.414,108100
2020-10-23 09:35:31.820,3.415,19000
2020-10-23 09:35:31.820,3.415,5800
2020-10-23 09:35:31.820,3.415,32000
2020-10-23 09:35:31.820,3.415,3800
2020-10-23 09:35:31.820,3.415,33300
2020-10-23 09:35:33.580,3.414,300000
2020-10-23 09:35:36.030,3.414,76300
2020-10-23 09:35:36.080,3.415,300
2020-10-23 09:35:36.780,3.414,300000
2020-10-23 09:35:37.160,3.414,115600
2020-10-23 09:35:37.160,3.414,184400
2020-10-23 09:35:37.650,3.414,400000
2020-10-23 09:35:37.710,3.414,300000
2020-10-23 09:35:38.690,3.414,15800
2020-10-23 09:35:38.690,3.414,3000
2020-10-23 09:35:39.220,3.413,14700
2020-10-23 09:35:40.720,3.414,12000
2020-10-23 09:35:42.990,3.414,10000
2020-10-23 09:35:44.370,3.413,1800
2020-10-23 09:35:46.110,3.413,2000
2020-10-23 09:35:46.110,3.413,2600
2020-10-23 09:35:46.280,3.413,600
2020-10-23 09:35:46.280,3.413,3500
2020-10-23 09:35:46.280,3.413,5000
2020-10-23 09:35:46.280,3.413,79400
2020-10-23 09:35:47.450,3.413,5000
2020-10-23 09:35:49.330,3.414,100
2020-10-23 09:35:50.230,3.413,15600
2020-10-23 09:35:50.230,3.413,5000
2020-10-23 09:35:50.230,3.413,2000
2020-10-23 09:35:50.230,3.413,50000
2020-10-23 09:35:50.230,3.413,27400
2020-10-23 09:35:51.260,3.414,7500
2020-10-23 09:35:54.120,3.413,10000
2020-10-23 09:35:54.570,3.413,30000
2020-10-23 09:35:54.570,3.413,50000
2020-10-23 09:35:54.570,3.413,2300
2020-10-23 09:35:54.600,3.414,2700
2020-10-23 09:35:54.600,3.414,300
2020-10-23 09:35:54.600,3.414,4500
2020-10-23 09:35:57.190,3.414,119900
2020-10-23 09:35:57.190,3.414,1200
2020-10-23 09:36:07.860,3.414,265500
2020-10-23 09:36:07.860,3.414,5000
2020-10-23 09:36:07.890,3.414,500
2020-10-23 09:36:11.090,3.414,1000
2020-10-23 09:36:12.470,3.414,4600
2020-10-23 09:36:15.430,3.414,16200
2020-10-23 09:36:15.430,3.414,3800
2020-10-23 09:36:16.030,3.414,40000
2020-10-23 09:36:17.100,3.414,6200
2020-10-23 09:36:17.100,3.414,3000
2020-10-23 09:36:17.100,3.414,10000
2020-10-23 09:36:17.100,3.415,500
2020-10-23 09:36:17.100,3.415,1000
2020-10-23 09:36:17.100,3.415,2400
2020-10-23 09:36:17.100,3.415,561900
2020-10-23 09:36:18.680,3.414,100
2020-10-23 09:36:18.940,3.414,900
2020-10-23 09:36:18.940,3.414,7000
2020-10-23 09:36:19.500,3.414,3000
2020-10-23 09:36:19.740,3.414,500
2020-10-23 09:36:19.950,3.415,500
2020-10-23 09:36:20.110,3.414,3000
2020-10-23 09:36:23.490,3.415,200
2020-10-23 09:36:24.740,3.415,5000
2020-10-23 09:36:28.770,3.415,5000
2020-10-23 09:36:31.340,3.414,100
2020-10-23 09:36:31.400,3.415,100
2020-10-23 09:36:32.570,3.414,100
2020-10-23 09:36:33.840,3.415,3000
2020-10-23 09:36:33.950,3.415,6200
2020-10-23 09:36:34.240,3.415,8800
2020-10-23 09:36:36.360,3.414,12100
2020-10-23 09:36:37.690,3.415,2000
2020-10-23 09:36:38.790,3.415,22300
2020-10-23 09:36:38.790,3.415,8000
2020-10-23 09:36:38.790,3.415,69700
2020-10-23 09:36:38.820,3.415,12000
2020-10-23 09:36:46.160,3.415,8600
2020-10-23 09:36:47.040,3.414,100
2020-10-23 09:36:47.250,3.415,4000
2020-10-23 09:36:47.650,3.415,100
2020-10-23 09:36:49.060,3.415,600
2020-10-23 09:36:55.410,3.415,500
2020-10-23 09:36:56.260,3.415,5000
2020-10-23 09:37:02.240,3.415,30500
2020-10-23 09:37:02.880,3.414,1000
2020-10-23 09:37:04.210,3.415,3000
2020-10-23 09:37:13.940,3.415,156000
2020-10-23 09:37:13.940,3.415,109200
2020-10-23 09:37:13.940,3.415,700
2020-10-23 09:37:13.940,3.415,100
2020-10-23 09:37:13.940,3.415,5000
2020-10-23 09:37:13.940,3.415,319000
2020-10-23 09:37:13.940,3.415,6700
2020-10-23 09:37:13.940,3.415,3300
2020-10-23 09:37:14.980,3.415,1700
2020-10-23 09:37:16.240,3.415,7000
2020-10-23 09:37:16.300,3.415,104700
2020-10-23 09:37:16.390,3.415,41100
2020-10-23 09:37:17.570,3.415,5900
2020-10-23 09:37:18.470,3.416,1000000
2020-10-23 09:37:19.450,3.415,100
2020-10-23 09:37:19.610,3.416,20000
2020-10-23 09:37:22.200,3.416,300100
2020-10-23 09:37:22.590,3.416,279900
2020-10-23 09:37:26.070,3.416,20100
2020-10-23 09:37:26.070,3.417,2000
2020-10-23 09:37:26.070,3.417,2000
2020-10-23 09:37:26.070,3.417,200
2020-10-23 09:37:26.070,3.417,2000
2020-10-23 09:37:26.070,3.417,3000
2020-10-23 09:37:26.070,3.417,70700
2020-10-23 09:37:26.370,3.415,20000
2020-10-23 09:37:26.970,3.417,100
2020-10-23 09:37:30.450,3.416,2500
2020-10-23 09:37:30.450,3.416,7500
2020-10-23 09:37:31.060,3.416,3000
2020-10-23 09:37:33.510,3.415,54200
2020-10-23 09:37:41.100,3.416,289500
2020-10-23 09:37:41.100,3.416,26900
2020-10-23 09:37:41.100,3.416,58000
2020-10-23 09:37:41.100,3.416,25600
2020-10-23 09:37:41.740,3.416,230000
2020-10-23 09:37:41.980,3.416,36900
2020-10-23 09:37:41.980,3.416,5000
2020-10-23 09:37:45.080,3.416,100
2020-10-23 09:37:45.950,3.416,77500
2020-10-23 09:37:46.090,3.416,700
2020-10-23 09:37:47.870,3.416,10000
2020-10-23 09:37:51.860,3.417,400
2020-10-23 09:37:56.290,3.417,100
2020-10-23 09:37:56.700,3.417,3000
2020-10-23 09:38:00.330,3.417,51500
2020-10-23 09:38:00.330,3.417,3000
2020-10-23 09:38:00.330,3.417,1000
2020-10-23 09:38:01.450,3.417,104700
2020-10-23 09:38:03.630,3.417,300
2020-10-23 09:38:07.580,3.418,7300
2020-10-23 09:38:09.950,3.418,20400
2020-10-23 09:38:10.240,3.418,200
2020-10-23 09:38:11.440,3.417,2000
2020-10-23 09:38:11.640,3.418,100
2020-10-23 09:38:14.250,3.417,100
2020-10-23 09:38:14.550,3.418,40000
2020-10-23 09:38:14.870,3.418,214700
2020-10-23 09:38:14.870,3.418,20300
2020-10-23 09:38:15.660,3.418,4200
2020-10-23 09:38:16.110,3.418,30000
2020-10-23 09:38:17.030,3.418,10000
2020-10-23 09:38:17.090,3.418,30000
2020-10-23 09:38:17.360,3.418,205500
2020-10-23 09:38:17.360,3.418,300
2020-10-23 09:38:17.360,3.418,1000
2020-10-23 09:38:17.360,3.418,1000
2020-10-23 09:38:17.360,3.418,100
2020-10-23 09:38:17.360,3.418,15000
2020-10-23 09:38:17.360,3.418,600
2020-10-23 09:38:20.940,3.418,600
2020-10-23 09:38:21.770,3.418,213300
2020-10-23 09:38:21.770,3.418,3000
2020-10-23 09:38:21.770,3.418,40000
2020-10-23 09:38:21.770,3.418,10000
2020-10-23 09:38:21.770,3.418,10000
2020-10-23 09:38:21.770,3.418,10000
2020-10-23 09:38:21.770,3.418,13800
2020-10-23 09:38:21.860,3.418,36200
2020-10-23 09:38:21.860,3.418,50000
2020-10-23 09:38:23.510,3.418,500
2020-10-23 09:38:25.730,3.418,213300
2020-10-23 09:38:25.730,3.418,86700
2020-10-23 09:38:25.890,3.418,40000
2020-10-23 09:38:26.370,3.418,600
2020-10-23 09:38:26.450,3.418,30000
2020-10-23 09:38:26.580,3.417,10000
2020-10-23 09:38:26.940,3.418,30000
2020-10-23 09:38:27.550,3.418,112700
2020-10-23 09:38:27.550,3.418,187300
2020-10-23 09:38:27.970,3.418,30000
2020-10-23 09:38:28.020,3.418,30000
2020-10-23 09:38:28.070,3.418,52700
2020-10-23 09:38:30.040,3.419,20000
2020-10-23 09:38:31.050,3.419,15000
2020-10-23 09:38:31.050,3.419,800
2020-10-23 09:38:31.050,3.419,300
2020-10-23 09:38:31.050,3.419,10000
2020-10-23 09:38:31.050,3.419,300
2020-10-23 09:38:31.050,3.419,100
2020-10-23 09:38:31.050,3.419,3500
2020-10-23 09:38:32.460,3.419,6500
2020-10-23 09:38:32.460,3.419,5000
2020-10-23 09:38:32.460,3.419,300
2020-10-23 09:38:32.460,3.419,1200
2020-10-23 09:38:32.460,3.419,9600
2020-10-23 09:38:32.460,3.419,5100
2020-10-23 09:38:32.460,3.419,2300
2020-10-23 09:38:32.740,3.419,7700
2020-10-23 09:38:32.740,3.419,15000
2020-10-23 09:38:32.740,3.419,23700
2020-10-23 09:38:32.740,3.419,3000
2020-10-23 09:38:32.740,3.419,3000
2020-10-23 09:38:32.740,3.419,30000
2020-10-23 09:38:32.850,3.419,6000
2020-10-23 09:38:32.850,3.419,800
2020-10-23 09:38:35.250,3.42,9299
2020-10-23 09:38:35.250,3.42,701
2020-10-23 09:38:35.670,3.419,3000
2020-10-23 09:38:36.030,3.42,3299
2020-10-23 09:38:36.030,3.42,300
2020-10-23 09:38:36.030,3.42,10000
2020-10-23 09:38:36.030,3.42,14900
2020-10-23 09:38:36.030,3.42,2000
2020-10-23 09:38:36.030,3.42,2600
2020-10-23 09:38:36.030,3.42,6901
2020-10-23 09:38:36.490,3.42,23099
2020-10-23 09:38:36.490,3.42,100
2020-10-23 09:38:36.490,3.42,276901
2020-10-23 09:38:38.140,3.42,13099
2020-10-23 09:38:38.140,3.42,200
2020-10-23 09:38:38.140,3.42,38201
2020-10-23 09:38:38.300,3.42,11799
2020-10-23 09:38:38.300,3.42,500
2020-10-23 09:38:38.300,3.42,3000
2020-10-23 09:38:38.300,3.42,10000
2020-10-23 09:38:38.300,3.42,20000
2020-10-23 09:38:38.300,3.42,100
2020-10-23 09:38:38.300,3.42,100
2020-10-23 09:38:38.300,3.42,10000
2020-10-23 09:38:38.300,3.42,2000
2020-10-23 09:38:38.300,3.42,15000
2020-10-23 09:38:38.300,3.42,400
2020-10-23 09:38:38.300,3.42,2000
2020-10-23 09:38:38.300,3.42,500
2020-10-23 09:38:40.560,3.421,700
2020-10-23 09:38:40.560,3.421,200
2020-10-23 09:38:40.560,3.421,300
2020-10-23 09:38:40.560,3.421,100
2020-10-23 09:38:40.560,3.421,2700
2020-10-23 09:38:42.200,3.42,6000
2020-10-23 09:38:42.910,3.42,18601
2020-10-23 09:38:42.910,3.42,11399
2020-10-23 09:38:44.210,3.42,3800
2020-10-23 09:38:45.160,3.42,5000
2020-10-23 09:38:45.960,3.421,1000
2020-10-23 09:38:46.290,3.421,34300
2020-10-23 09:38:46.290,3.421,200
2020-10-23 09:38:46.290,3.421,3000
2020-10-23 09:38:46.290,3.421,100
2020-10-23 09:38:46.290,3.421,10000
2020-10-23 09:38:46.290,3.421,10000
2020-10-23 09:38:46.290,3.421,100
2020-10-23 09:38:46.290,3.421,100
2020-10-23 09:38:46.290,3.421,5000
2020-10-23 09:38:46.290,3.421,26000
2020-10-23 09:38:46.290,3.421,17000
2020-10-23 09:38:46.290,3.421,7000
2020-10-23 09:38:46.290,3.421,5000
2020-10-23 09:38:46.520,3.421,104500
2020-10-23 09:38:51.710,3.422,3400
2020-10-23 09:38:51.710,3.422,2700
2020-10-23 09:38:51.710,3.422,500
2020-10-23 09:38:51.710,3.422,2000
2020-10-23 09:38:51.710,3.422,35300
2020-10-23 09:38:51.710,3.422,9000
2020-10-23 09:38:51.710,3.422,15000
2020-10-23 09:38:51.710,3.422,32400
2020-10-23 09:38:51.710,3.422,6600
2020-10-23 09:38:51.710,3.422,10000
2020-10-23 09:38:51.710,3.422,300
2020-10-23 09:38:51.710,3.422,10000
2020-10-23 09:38:51.710,3.422,100
2020-10-23 09:38:51.710,3.422,500
2020-10-23 09:38:51.710,3.422,5000
2020-10-23 09:38:51.710,3.422,10000
2020-10-23 09:38:51.710,3.422,3000
2020-10-23 09:38:52.300,3.422,7500
2020-10-23 09:38:53.530,3.422,2000
2020-10-23 09:38:53.640,3.422,1000
2020-10-23 09:38:53.760,3.423,3000
2020-10-23 09:38:53.760,3.423,400
2020-10-23 09:38:53.880,3.422,1000
2020-10-23 09:38:54.320,3.422,3100
2020-10-23 09:38:54.820,3.422,2500
2020-10-23 09:38:55.220,3.422,300
2020-10-23 09:38:57.080,3.422,1000
2020-10-23 09:38:57.190,3.423,9600
2020-10-23 09:38:57.190,3.423,10000
2020-10-23 09:38:57.190,3.423,400
2020-10-23 09:38:57.450,3.422,2900
2020-10-23 09:38:57.880,3.422,3600
2020-10-23 09:38:59.190,3.422,300000
2020-10-23 09:38:59.770,3.422,129400
2020-10-23 09:38:59.770,3.422,170600
2020-10-23 09:39:00.520,3.422,196200
2020-10-23 09:39:00.520,3.422,103800
2020-10-23 09:39:00.680,3.422,146200
2020-10-23 09:39:02.220,3.422,50000
2020-10-23 09:39:02.220,3.422,50000
2020-10-23 09:39:02.990,3.422,30000
2020-10-23 09:39:04.270,3.423,1000
2020-10-23 09:39:05.590,3.423,4600
2020-10-23 09:39:05.590,3.423,400
2020-10-23 09:39:05.690,3.423,7300
2020-10-23 09:39:05.690,3.423,4300
2020-10-23 09:39:05.690,3.423,1000
2020-10-23 09:39:05.690,3.423,500
2020-10-23 09:39:05.690,3.423,70000
2020-10-23 09:39:05.690,3.423,6000
2020-10-23 09:39:05.690,3.423,4000
2020-10-23 09:39:05.690,3.423,10000
2020-10-23 09:39:05.690,3.423,1200
2020-10-23 09:39:05.690,3.423,10000
2020-10-23 09:39:05.690,3.423,100
2020-10-23 09:39:05.690,3.423,11500
2020-10-23 09:39:05.690,3.423,5000
2020-10-23 09:39:05.690,3.423,200
2020-10-23 09:39:05.690,3.423,2000
2020-10-23 09:39:05.690,3.423,500
2020-10-23 09:39:05.690,3.423,15500
2020-10-23 09:39:05.690,3.423,5000
2020-10-23 09:39:05.690,3.423,296500
2020-10-23 09:39:07.920,3.422,1600
2020-10-23 09:39:08.250,3.424,2000
2020-10-23 09:39:09.940,3.422,2000
2020-10-23 09:39:10.300,3.423,1000
2020-10-23 09:39:10.650,3.423,3000
2020-10-23 09:39:10.860,3.422,700
2020-10-23 09:39:11.350,3.423,30000
2020-10-23 09:39:12.150,3.422,6000
2020-10-23 09:39:13.190,3.423,3000
2020-10-23 09:39:13.380,3.423,21100
2020-10-23 09:39:14.080,3.423,6400
2020-10-23 09:39:15.070,3.422,900
2020-10-23 09:39:15.210,3.423,1000
2020-10-23 09:39:15.210,3.423,1000
2020-10-23 09:39:15.210,3.423,3900
2020-10-23 09:39:15.670,3.422,10000
2020-10-23 09:39:16.670,3.423,46100
2020-10-23 09:39:16.670,3.423,8000
2020-10-23 09:39:16.670,3.423,1000
2020-10-23 09:39:16.980,3.423,5000
2020-10-23 09:39:17.060,3.423,1000
2020-10-23 09:39:17.380,3.423,600
2020-10-23 09:39:18.790,3.424,10000
2020-10-23 09:39:18.790,3.424,5000
2020-10-23 09:39:18.790,3.424,10000
2020-10-23 09:39:18.790,3.424,10000
2020-10-23 09:39:18.790,3.424,100
2020-10-23 09:39:18.790,3.424,10000
2020-10-23 09:39:18.790,3.424,4900
2020-10-23 09:39:19.660,3.424,100
2020-10-23 09:39:19.660,3.424,4300
2020-10-23 09:39:19.660,3.424,3000
2020-10-23 09:39:19.660,3.424,20000
2020-10-23 09:39:19.660,3.424,7900
2020-10-23 09:39:19.660,3.424,14700
2020-10-23 09:39:20.220,3.424,35300
2020-10-23 09:39:20.220,3.424,3000
2020-10-23 09:39:21.730,3.424,3000
2020-10-23 09:39:22.690,3.424,10000
2020-10-23 09:39:23.730,3.424,5000
2020-10-23 09:39:24.250,3.424,2800
2020-10-23 09:39:24.360,3.424,12000
2020-10-23 09:39:24.590,3.424,23700
2020-10-23 09:39:25.960,3.424,1000
2020-10-23 09:39:26.610,3.425,12000
2020-10-23 09:39:26.610,3.425,2000
2020-10-23 09:39:26.610,3.425,200
2020-10-23 09:39:26.610,3.425,20000
2020-10-23 09:39:26.610,3.425,300
2020-10-23 09:39:26.610,3.425,100
2020-10-23 09:39:26.610,3.425,2500
2020-10-23 09:39:26.610,3.425,4000
2020-10-23 09:39:26.610,3.425,3000
2020-10-23 09:39:26.610,3.425,300
2020-10-23 09:39:26.610,3.425,500
2020-10-23 09:39:26.610,3.425,200
2020-10-23 09:39:26.610,3.425,6100
2020-10-23 09:39:26.610,3.425,10000
2020-10-23 09:39:26.610,3.425,10000
2020-10-23 09:39:26.610,3.425,2000
2020-10-23 09:39:26.610,3.425,100
2020-10-23 09:39:26.610,3.425,10000
2020-10-23 09:39:26.610,3.425,15000
2020-10-23 09:39:26.610,3.425,1000
2020-10-23 09:39:26.610,3.425,8100
2020-10-23 09:39:26.610,3.425,300
2020-10-23 09:39:26.610,3.425,20000
2020-10-23 09:39:26.610,3.425,32000
2020-10-23 09:39:26.610,3.425,10000
2020-10-23 09:39:26.610,3.425,500
2020-10-23 09:39:26.610,3.425,100
2020-10-23 09:39:26.610,3.425,6700
2020-10-23 09:39:26.610,3.425,10000
2020-10-23 09:39:26.610,3.425,14500
2020-10-23 09:39:26.610,3.425,100
2020-10-23 09:39:26.610,3.425,5000
2020-10-23 09:39:26.610,3.425,3000
2020-10-23 09:39:26.610,3.425,1300
2020-10-23 09:39:26.610,3.425,6000
2020-10-23 09:39:26.610,3.425,5000
2020-10-23 09:39:26.610,3.425,2800
2020-10-23 09:39:27.120,3.425,5000
2020-10-23 09:39:28.820,3.425,1600
2020-10-23 09:39:28.870,3.425,1400
2020-10-23 09:39:28.950,3.424,500
2020-10-23 09:39:31.100,3.425,1500
2020-10-23 09:39:31.100,3.425,3800
2020-10-23 09:39:33.980,3.425,7000
2020-10-23 09:39:34.500,3.425,3000
2020-10-23 09:39:35.030,3.425,4100
2020-10-23 09:39:36.120,3.425,400
2020-10-23 09:39:36.480,3.424,300
2020-10-23 09:39:38.610,3.425,1500
2020-10-23 09:39:39.200,3.425,10000
2020-10-23 09:39:39.820,3.425,700
2020-10-23 09:39:40.440,3.425,10000
2020-10-23 09:39:41.920,3.425,48700
2020-10-23 09:39:43.700,3.425,6400
2020-10-23 09:39:45.710,3.424,1100
2020-10-23 09:39:45.910,3.425,500
2020-10-23 09:39:46.800,3.425,10000
2020-10-23 09:39:46.990,3.424,2000
2020-10-23 09:39:48.980,3.425,100
2020-10-23 09:39:49.450,3.425,5000
2020-10-23 09:39:49.450,3.425,3700
2020-10-23 09:39:51.010,3.425,120600
2020-10-23 09:39:51.010,3.425,1500
2020-10-23 09:39:51.010,3.425,2500
2020-10-23 09:39:51.010,3.425,100
2020-10-23 09:39:51.010,3.425,3000
2020-10-23 09:39:51.010,3.425,5000
2020-10-23 09:39:51.010,3.425,5000
2020-10-23 09:39:51.010,3.425,12300
2020-10-23 09:39:52.980,3.425,287700
2020-10-23 09:39:52.980,3.425,12300
2020-10-23 09:39:54.770,3.424,5900
2020-10-23 09:39:55.870,3.424,3000
2020-10-23 09:39:56.030,3.425,10000
2020-10-23 09:39:57.260,3.425,1300
2020-10-23 09:39:57.260,3.425,700
2020-10-23 09:39:57.800,3.425,22500
2020-10-23 09:39:57.800,3.425,500
2020-10-23 09:39:57.800,3.425,2000
2020-10-23 09:39:57.800,3.425,22500
2020-10-23 09:39:58.240,3.425,1500
2020-10-23 09:39:58.280,3.425,2900
2020-10-23 09:39:58.990,3.424,20000
2020-10-23 09:39:59.380,3.425,61100
2020-10-23 09:39:59.440,3.425,30000
2020-10-23 09:39:59.780,3.425,100
2020-10-23 09:40:00.620,3.425,30500
2020-10-23 09:40:01.430,3.425,126300
2020-10-23 09:40:01.430,3.425,500
2020-10-23 09:40:02.240,3.426,3000
2020-10-23 09:40:02.240,3.426,4000
2020-10-23 09:40:02.240,3.426,10000
2020-10-23 09:40:02.240,3.426,100
2020-10-23 09:40:02.240,3.426,100
2020-10-23 09:40:02.240,3.426,30000
2020-10-23 09:40:02.240,3.426,500
2020-10-23 09:40:02.240,3.426,100
2020-10-23 09:40:02.240,3.426,100
2020-10-23 09:40:02.240,3.426,2000
2020-10-23 09:40:02.240,3.426,100
2020-10-23 09:40:02.330,3.425,5200
2020-10-23 09:40:02.820,3.426,4900
2020-10-23 09:40:02.820,3.426,2500
2020-10-23 09:40:02.820,3.426,600
2020-10-23 09:40:02.820,3.426,42000
2020-10-23 09:40:03.080,3.426,40000
2020-10-23 09:40:03.360,3.426,21900
2020-10-23 09:40:03.360,3.426,11000
2020-10-23 09:40:03.360,3.426,500
2020-10-23 09:40:03.360,3.426,10000
2020-10-23 09:40:03.360,3.426,5000
2020-10-23 09:40:03.360,3.426,1600
2020-10-23 09:40:03.470,3.426,28400
2020-10-23 09:40:03.470,3.426,1600
2020-10-23 09:40:03.790,3.425,100
2020-10-23 09:40:04.490,3.425,2900
2020-10-23 09:40:04.490,3.425,27100
2020-10-23 09:40:04.540,3.426,3400
2020-10-23 09:40:04.540,3.426,15000
2020-10-23 09:40:04.540,3.426,2800
2020-10-23 09:40:04.990,3.426,1000
2020-10-23 09:40:04.990,3.426,200
2020-10-23 09:40:05.050,3.426,1000
2020-10-23 09:40:05.320,3.426,5000
2020-10-23 09:40:07.780,3.427,1000
2020-10-23 09:40:07.780,3.427,100
2020-10-23 09:40:07.780,3.427,10000
2020-10-23 09:40:07.780,3.427,10000
2020-10-23 09:40:07.780,3.427,5500
2020-10-23 09:40:09.960,3.426,5000
2020-10-23 09:40:10.260,3.427,700
2020-10-23 09:40:12.290,3.426,2500
2020-10-23 09:40:12.900,3.427,1800
2020-10-23 09:40:12.900,3.427,20000
2020-10-23 09:40:12.900,3.427,5500
2020-10-23 09:40:12.900,3.427,100
2020-10-23 09:40:12.900,3.427,3000
2020-10-23 09:40:12.900,3.427,10000
2020-10-23 09:40:12.900,3.427,100
2020-10-23 09:40:12.900,3.427,10000
2020-10-23 09:40:12.900,3.427,10000
2020-10-23 09:40:12.900,3.427,100
2020-10-23 09:40:12.900,3.427,5000
2020-10-23 09:40:12.900,3.427,8900
2020-10-23 09:40:12.900,3.427,2500
2020-10-23 09:40:12.900,3.427,23000
2020-10-23 09:40:12.960,3.426,10000
2020-10-23 09:40:13.540,3.426,500
2020-10-23 09:40:13.590,3.427,27000
2020-10-23 09:40:13.590,3.427,1000
2020-10-23 09:40:13.590,3.427,2000
2020-10-23 09:40:13.810,3.427,300
2020-10-23 09:40:13.910,3.428,100
2020-10-23 09:40:13.910,3.428,4000
2020-10-23 09:40:13.910,3.428,10000
2020-10-23 09:40:13.910,3.428,35900
2020-10-23 09:40:13.970,3.428,50000
2020-10-23 09:40:14.070,3.427,10000
2020-10-23 09:40:17.490,3.428,2300
2020-10-23 09:40:18.860,3.428,11800
2020-10-23 09:40:18.860,3.428,5400
2020-10-23 09:40:18.860,3.428,30000
2020-10-23 09:40:18.860,3.428,2800
2020-10-23 09:40:20.200,3.427,200
2020-10-23 09:40:22.000,3.428,3200
2020-10-23 09:40:22.000,3.428,4000
2020-10-23 09:40:22.000,3.428,10000
2020-10-23 09:40:22.000,3.428,10000
2020-10-23 09:40:22.000,3.428,10000
2020-10-23 09:40:22.000,3.428,100
2020-10-23 09:40:22.000,3.428,12700
2020-10-23 09:40:22.400,3.428,1500
2020-10-23 09:40:24.590,3.428,30000
2020-10-23 09:40:24.770,3.428,6000
2020-10-23 09:40:25.690,3.428,3300
2020-10-23 09:40:25.690,3.427,300
2020-10-23 09:40:27.140,3.427,10000
2020-10-23 09:40:27.440,3.428,199200
2020-10-23 09:40:27.440,3.428,1000
2020-10-23 09:40:27.440,3.428,5000
2020-10-23 09:40:27.440,3.428,5000
2020-10-23 09:40:27.440,3.428,786300
2020-10-23 09:40:27.620,3.428,100000
2020-10-23 09:40:27.800,3.428,54700
2020-10-23 09:40:28.280,3.427,1000
2020-10-23 09:40:28.640,3.428,1700
2020-10-23 09:40:29.520,3.428,57300
2020-10-23 09:40:29.520,3.428,20000
2020-10-23 09:40:29.520,3.428,3100
2020-10-23 09:40:29.520,3.428,10000
2020-10-23 09:40:29.520,3.428,500
2020-10-23 09:40:29.520,3.428,200
2020-10-23 09:40:29.520,3.428,100
2020-10-23 09:40:29.520,3.428,105000
2020-10-23 09:40:29.520,3.428,3600
2020-10-23 09:40:29.710,3.428,10000
2020-10-23 09:40:29.820,3.428,3000
2020-10-23 09:40:30.280,3.428,5000
2020-10-23 09:40:31.180,3.428,10000
2020-10-23 09:40:31.240,3.428,2900
2020-10-23 09:40:31.310,3.428,11000
2020-10-23 09:40:31.820,3.429,17500
2020-10-23 09:40:31.820,3.429,10000
2020-10-23 09:40:31.820,3.429,1000
2020-10-23 09:40:31.820,3.429,300
2020-10-23 09:40:31.820,3.429,2000
2020-10-23 09:40:31.820,3.429,11100
2020-10-23 09:40:31.820,3.429,1900
2020-10-23 09:40:31.820,3.429,1000
2020-10-23 09:40:31.820,3.429,5200
2020-10-23 09:40:31.820,3.429,4800
2020-10-23 09:40:31.820,3.429,10000
2020-10-23 09:40:31.820,3.429,10000
2020-10-23 09:40:31.820,3.429,6000
2020-10-23 09:40:31.820,3.429,2000
2020-10-23 09:40:31.820,3.429,17200
2020-10-23 09:40:32.270,3.429,82800
2020-10-23 09:40:32.270,3.429,500
2020-10-23 09:40:32.270,3.429,16700
2020-10-23 09:40:32.720,3.428,2000
2020-10-23 09:40:32.880,3.429,33300
2020-10-23 09:40:32.880,3.429,6000
2020-10-23 09:40:32.880,3.429,5000
2020-10-23 09:40:32.880,3.429,2000
2020-10-23 09:40:32.880,3.429,4200
2020-10-23 09:40:32.880,3.429,100
2020-10-23 09:40:32.880,3.429,400
2020-10-23 09:40:32.880,3.429,2000
2020-10-23 09:40:33.310,3.429,200
2020-10-23 09:40:34.050,3.43,3000
2020-10-23 09:40:34.050,3.43,100
2020-10-23 09:40:34.050,3.43,100
2020-10-23 09:40:34.050,3.43,10000
2020-10-23 09:40:34.050,3.43,8800
2020-10-23 09:40:34.050,3.43,5000
2020-10-23 09:40:34.050,3.43,100
2020-10-23 09:40:34.050,3.43,10000
2020-10-23 09:40:34.050,3.43,10000
2020-10-23 09:40:34.050,3.43,2900
2020-10-23 09:40:34.970,3.43,10000
2020-10-23 09:40:34.970,3.43,1600
2020-10-23 09:40:34.970,3.43,3000
2020-10-23 09:40:34.970,3.43,100
2020-10-23 09:40:34.970,3.43,5100
2020-10-23 09:40:34.970,3.43,15000
2020-10-23 09:40:34.970,3.43,500
2020-10-23 09:40:34.970,3.43,10000
2020-10-23 09:40:34.970,3.43,5000
2020-10-23 09:40:34.970,3.43,5000
2020-10-23 09:40:34.970,3.43,10000
2020-10-23 09:40:34.970,3.43,200
2020-10-23 09:40:34.970,3.43,10000
2020-10-23 09:40:34.970,3.43,12200
2020-10-23 09:40:34.970,3.43,100
2020-10-23 09:40:34.970,3.43,2500
2020-10-23 09:40:34.970,3.43,45000
2020-10-23 09:40:34.970,3.43,1000
2020-10-23 09:40:34.970,3.43,10500
2020-10-23 09:40:34.970,3.43,50000
2020-10-23 09:40:34.970,3.43,300
2020-10-23 09:40:34.970,3.43,6700
2020-10-23 09:40:34.970,3.43,300
2020-10-23 09:40:34.970,3.43,10000
2020-10-23 09:40:34.970,3.43,1500
2020-10-23 09:40:34.970,3.43,100
2020-10-23 09:40:34.970,3.43,5000
2020-10-23 09:40:34.970,3.43,10000
2020-10-23 09:40:34.970,3.43,2200
2020-10-23 09:40:34.970,3.43,1000
2020-10-23 09:40:34.970,3.43,700
2020-10-23 09:40:34.970,3.43,5000
2020-10-23 09:40:34.970,3.43,500
2020-10-23 09:40:34.970,3.43,300
2020-10-23 09:40:34.970,3.43,100
2020-10-23 09:40:34.970,3.431,300
2020-10-23 09:40:34.970,3.431,1000
2020-10-23 09:40:34.970,3.431,100
2020-10-23 09:40:34.970,3.431,12000
2020-10-23 09:40:34.970,3.431,500
2020-10-23 09:40:34.970,3.431,200
2020-10-23 09:40:34.970,3.431,18000
2020-10-23 09:40:34.970,3.431,10000
2020-10-23 09:40:34.970,3.431,17100
2020-10-23 09:40:34.970,3.429,400
2020-10-23 09:40:35.050,3.429,21400
2020-10-23 09:40:35.080,3.429,1000
2020-10-23 09:40:35.490,3.429,1000
2020-10-23 09:40:36.880,3.429,10000
2020-10-23 09:40:38.470,3.429,300
2020-10-23 09:40:38.560,3.43,300
2020-10-23 09:40:38.810,3.429,3000
2020-10-23 09:40:39.390,3.429,4500
2020-10-23 09:40:39.860,3.429,30000
2020-10-23 09:40:39.880,3.429,20000
2020-10-23 09:40:40.300,3.43,3900
2020-10-23 09:40:40.300,3.43,100
2020-10-23 09:40:40.300,3.43,100
2020-10-23 09:40:40.300,3.43,7500
2020-10-23 09:40:43.290,3.43,1000
2020-10-23 09:40:43.640,3.43,8800
2020-10-23 09:40:43.840,3.43,300
2020-10-23 09:40:45.120,3.43,400
2020-10-23 09:40:45.120,3.43,1000
2020-10-23 09:40:45.390,3.43,1000
2020-10-23 09:40:47.300,3.431,600
2020-10-23 09:40:47.500,3.43,200
2020-10-23 09:40:48.100,3.43,4000
2020-10-23 09:40:48.150,3.43,1000
2020-10-23 09:40:48.150,3.431,6000
2020-10-23 09:40:48.230,3.431,300000
2020-10-23 09:40:48.420,3.431,593400
2020-10-23 09:40:48.420,3.431,100
2020-10-23 09:40:48.420,3.431,6500
2020-10-23 09:40:48.650,3.431,3500
2020-10-23 09:40:48.650,3.431,10000
2020-10-23 09:40:48.990,3.431,5000
2020-10-23 09:40:49.150,3.431,4500
2020-10-23 09:40:50.120,3.431,30000
2020-10-23 09:40:50.120,3.431,5900
2020-10-23 09:40:50.700,3.431,2000
2020-10-23 09:40:50.770,3.431,20000
2020-10-23 09:40:51.040,3.431,5500
2020-10-23 09:40:51.460,3.431,200
2020-10-23 09:40:52.460,3.431,2000
2020-10-23 09:40:53.080,3.431,3000
2020-10-23 09:40:53.110,3.431,8000
2020-10-23 09:40:53.130,3.432,7000
2020-10-23 09:40:53.130,3.432,300
2020-10-23 09:40:53.130,3.432,20000
2020-10-23 09:40:53.130,3.432,10000
2020-10-23 09:40:53.130,3.432,6600
2020-10-23 09:40:53.380,3.432,4400
2020-10-23 09:40:53.380,3.432,1500
2020-10-23 09:40:53.380,3.432,300
2020-10-23 09:40:54.480,3.432,3700
2020-10-23 09:40:54.480,3.432,100
2020-10-23 09:40:54.480,3.432,200
2020-10-23 09:40:54.670,3.431,10000
2020-10-23 09:40:55.250,3.432,300
2020-10-23 09:40:58.020,3.432,1500
2020-10-23 09:40:58.020,3.432,15000
2020-10-23 09:40:58.020,3.432,13500
2020-10-23 09:40:58.430,3.431,248200
2020-10-23 09:40:58.430,3.431,56000
2020-10-23 09:40:58.830,3.431,55200
2020-10-23 09:40:58.830,3.431,10000
2020-10-23 09:40:58.830,3.431,500
2020-10-23 09:40:58.830,3.431,20000
2020-10-23 09:40:59.270,3.431,100
2020-10-23 09:41:00.970,3.431,12800
2020-10-23 09:41:01.250,3.431,50000
2020-10-23 09:41:02.270,3.431,800
2020-10-23 09:41:02.510,3.431,1000
2020-10-23 09:41:06.160,3.431,1000
2020-10-23 09:41:06.720,3.43,700
2020-10-23 09:41:06.720,3.43,300
2020-10-23 09:41:06.930,3.431,1500
2020-10-23 09:41:06.930,3.43,100
2020-10-23 09:41:07.310,3.43,2600
2020-10-23 09:41:07.310,3.43,2000
2020-10-23 09:41:07.310,3.43,10000
2020-10-23 09:41:07.310,3.43,100
2020-10-23 09:41:09.250,3.431,100
2020-10-23 09:41:09.490,3.43,200
2020-10-23 09:41:09.490,3.43,1000
2020-10-23 09:41:09.490,3.43,1800
2020-10-23 09:41:09.540,3.43,3000
2020-10-23 09:41:09.570,3.431,100000
2020-10-23 09:41:09.930,3.431,100
2020-10-23 09:41:10.380,3.43,3300
2020-10-23 09:41:10.380,3.43,50000
2020-10-23 09:41:12.330,3.43,4000
2020-10-23 09:41:13.110,3.43,100
2020-10-23 09:41:15.340,3.43,3000
2020-10-23 09:41:15.530,3.43,5000
2020-10-23 09:41:16.870,3.43,300
2020-10-23 09:41:17.080,3.429,800
2020-10-23 09:41:19.040,3.429,16300
2020-10-23 09:41:19.040,3.429,2000
2020-10-23 09:41:19.040,3.429,9700
2020-10-23 09:41:19.280,3.429,20000
2020-10-23 09:41:19.420,3.429,1600
2020-10-23 09:41:19.500,3.429,100
2020-10-23 09:41:19.950,3.429,7500
2020-10-23 09:41:19.990,3.429,100
2020-10-23 09:41:20.240,3.429,1200
2020-10-23 09:41:20.380,3.43,700
2020-10-23 09:41:20.850,3.429,900
2020-10-23 09:41:20.850,3.429,1000
2020-10-23 09:41:21.600,3.43,2000
2020-10-23 09:41:23.450,3.429,1000
2020-10-23 09:41:25.140,3.429,13000
2020-10-23 09:41:25.690,3.43,100
2020-10-23 09:41:26.280,3.429,10000
2020-10-23 09:41:26.280,3.43,7200
2020-10-23 09:41:26.280,3.43,20000
2020-10-23 09:41:26.280,3.43,29000
2020-10-23 09:41:26.750,3.429,33900
2020-10-23 09:41:29.040,3.429,800
2020-10-23 09:41:31.430,3.429,1000
2020-10-23 09:41:33.450,3.429,8000
2020-10-23 09:41:34.530,3.428,24800
2020-10-23 09:41:35.040,3.428,31500
2020-10-23 09:41:35.040,3.428,300000
2020-10-23 09:41:35.040,3.428,20000
2020-10-23 09:41:35.040,3.428,30000
2020-10-23 09:41:35.040,3.428,50000
2020-10-23 09:41:35.040,3.428,50000
2020-10-23 09:41:35.040,3.428,50000
2020-10-23 09:41:36.500,3.428,7200
2020-10-23 09:41:37.130,3.428,50000
2020-10-23 09:41:37.130,3.428,50000
2020-10-23 09:41:37.550,3.428,50000
2020-10-23 09:41:37.960,3.428,150000
2020-10-23 09:41:38.610,3.428,900
2020-10-23 09:41:38.850,3.428,1000
2020-10-23 09:41:41.400,3.427,1000
2020-10-23 09:41:41.400,3.427,45900
2020-10-23 09:41:41.510,3.428,6000
2020-10-23 09:41:43.430,3.428,200
2020-10-23 09:41:43.990,3.428,7200
2020-10-23 09:41:44.930,3.427,4100
2020-10-23 09:41:44.930,3.427,5900
2020-10-23 09:41:46.460,3.427,100
2020-10-23 09:41:47.430,3.427,10000
2020-10-23 09:41:49.080,3.427,3100
2020-10-23 09:41:49.250,3.427,1000
2020-10-23 09:41:49.250,3.428,2100
2020-10-23 09:41:50.100,3.427,100
2020-10-23 09:41:50.350,3.428,4000
2020-10-23 09:41:52.280,3.428,139900
2020-10-23 09:41:52.280,3.428,5000
2020-10-23 09:41:52.280,3.428,2800
2020-10-23 09:41:52.280,3.429,6300
2020-10-23 09:41:52.280,3.429,1300
2020-10-23 09:41:52.280,3.429,1000
2020-10-23 09:41:52.280,3.429,400
2020-10-23 09:41:52.280,3.429,3000
2020-10-23 09:41:52.280,3.429,900
2020-10-23 09:41:52.280,3.429,20000
2020-10-23 09:41:52.280,3.429,10000
2020-10-23 09:41:52.280,3.429,600
2020-10-23 09:41:52.280,3.429,100
2020-10-23 09:41:52.280,3.429,6600
2020-10-23 09:41:52.280,3.429,7000
2020-10-23 09:41:52.280,3.429,400
2020-10-23 09:41:52.280,3.429,3000
2020-10-23 09:41:52.280,3.429,39400
2020-10-23 09:41:59.540,3.428,4000
2020-10-23 09:42:00.590,3.428,1000
2020-10-23 09:42:02.500,3.429,10600
2020-10-23 09:42:02.500,3.429,400
2020-10-23 09:42:02.500,3.429,10000
2020-10-23 09:42:03.360,3.429,1000
2020-10-23 09:42:03.860,3.429,30000
2020-10-23 09:42:04.980,3.429,10000
2020-10-23 09:42:05.620,3.429,10000
2020-10-23 09:42:05.870,3.429,500
2020-10-23 09:42:09.640,3.429,82200
2020-10-23 09:42:09.790,3.43,21000
2020-10-23 09:42:09.790,3.43,10000
2020-10-23 09:42:11.120,3.429,100
2020-10-23 09:42:11.330,3.43,4700
2020-10-23 09:42:11.330,3.43,50000
2020-10-23 09:42:11.330,3.43,45300
2020-10-23 09:42:11.740,3.43,69000
2020-10-23 09:42:11.740,3.43,50000
2020-10-23 09:42:11.740,3.43,3000
2020-10-23 09:42:11.740,3.43,10000
2020-10-23 09:42:11.740,3.43,5000
2020-10-23 09:42:11.740,3.43,4000
2020-10-23 09:42:11.740,3.43,30000
2020-10-23 09:42:11.740,3.43,300
2020-10-23 09:42:11.740,3.43,15000
2020-10-23 09:42:11.740,3.43,2000
2020-10-23 09:42:11.740,3.43,2000
2020-10-23 09:42:11.740,3.43,200
2020-10-23 09:42:11.740,3.43,3000
2020-10-23 09:42:11.740,3.43,10000
2020-10-23 09:42:11.740,3.43,1000
2020-10-23 09:42:11.740,3.43,10000
2020-10-23 09:42:11.740,3.43,10000
2020-10-23 09:42:11.740,3.43,3000
2020-10-23 09:42:12.120,3.43,3000
2020-10-23 09:42:12.120,3.43,2000
2020-10-23 09:42:12.120,3.43,5000
2020-10-23 09:42:12.120,3.43,100
2020-10-23 09:42:12.120,3.43,300
2020-10-23 09:42:12.120,3.43,100
2020-10-23 09:42:12.120,3.43,5800
2020-10-23 09:42:12.120,3.43,3500
2020-10-23 09:42:12.120,3.43,1000
2020-10-23 09:42:12.120,3.43,2900
2020-10-23 09:42:12.120,3.43,3000
2020-10-23 09:42:12.120,3.43,6700
2020-10-23 09:42:12.120,3.43,29500
2020-10-23 09:42:12.120,3.43,800
2020-10-23 09:42:12.120,3.43,36300
2020-10-23 09:42:12.240,3.43,71700
2020-10-23 09:42:13.000,3.43,10000
2020-10-23 09:42:13.320,3.431,1000
2020-10-23 09:42:13.320,3.431,3000
2020-10-23 09:42:13.320,3.431,100
2020-10-23 09:42:13.320,3.431,5000
2020-10-23 09:42:13.320,3.431,40900
2020-10-23 09:42:13.320,3.431,9100
2020-10-23 09:42:13.320,3.431,700
2020-10-23 09:42:13.320,3.431,10000
2020-10-23 09:42:13.320,3.431,20000
2020-10-23 09:42:13.320,3.431,2900
2020-10-23 09:42:13.320,3.431,300
2020-10-23 09:42:13.320,3.431,4000
2020-10-23 09:42:13.320,3.431,3000
2020-10-23 09:42:13.860,3.431,2000
2020-10-23 09:42:13.860,3.431,48000
2020-10-23 09:42:14.240,3.431,2000
2020-10-23 09:42:14.240,3.431,10000
2020-10-23 09:42:14.240,3.431,10000
2020-10-23 09:42:14.240,3.431,196300
2020-10-23 09:42:14.430,3.431,300000
2020-10-23 09:42:14.540,3.431,3700
2020-10-23 09:42:14.540,3.431,10000
2020-10-23 09:42:14.540,3.431,5000
2020-10-23 09:42:14.540,3.431,20000
2020-10-23 09:42:14.540,3.431,100
2020-10-23 09:42:14.540,3.431,100
2020-10-23 09:42:14.540,3.431,5000
2020-10-23 09:42:14.540,3.431,6100
2020-10-23 09:42:14.570,3.431,33900
2020-10-23 09:42:14.810,3.431,100
2020-10-23 09:42:15.020,3.432,39500
2020-10-23 09:42:15.020,3.432,50000
2020-10-23 09:42:15.020,3.432,15000
2020-10-23 09:42:15.020,3.432,10000
2020-10-23 09:42:15.020,3.432,100
2020-10-23 09:42:15.020,3.432,10000
2020-10-23 09:42:15.020,3.432,5000
2020-10-23 09:42:15.020,3.432,1800
2020-10-23 09:42:15.020,3.432,5000
2020-10-23 09:42:15.020,3.432,5100
2020-10-23 09:42:15.020,3.432,20000
2020-10-23 09:42:15.020,3.432,2000
2020-10-23 09:42:15.020,3.432,3000
2020-10-23 09:42:15.020,3.432,200
2020-10-23 09:42:15.020,3.432,1000
2020-10-23 09:42:15.020,3.432,1000
2020-10-23 09:42:15.020,3.432,5000
2020-10-23 09:42:15.020,3.432,100
2020-10-23 09:42:15.020,3.432,1000
2020-10-23 09:42:15.020,3.432,27100
2020-10-23 09:42:15.020,3.432,3500
2020-10-23 09:42:15.020,3.432,10000
2020-10-23 09:42:15.020,3.432,84600
2020-10-23 09:42:16.010,3.431,1600
2020-10-23 09:42:16.770,3.431,200
2020-10-23 09:42:17.880,3.431,3600
2020-10-23 09:42:18.280,3.432,500
2020-10-23 09:42:18.280,3.432,1200
2020-10-23 09:42:18.280,3.432,300
2020-10-23 09:42:18.280,3.432,1000
2020-10-23 09:42:18.970,3.431,100
2020-10-23 09:42:19.340,3.431,1200
2020-10-23 09:42:19.670,3.431,100
2020-10-23 09:42:20.500,3.431,1000
2020-10-23 09:42:24.290,3.432,800
2020-10-23 09:42:24.290,3.432,800
2020-10-23 09:42:24.290,3.432,8000
2020-10-23 09:42:24.290,3.432,5400
2020-10-23 09:42:25.220,3.431,800
2020-10-23 09:42:26.050,3.432,100
2020-10-23 09:42:26.150,3.431,600
2020-10-23 09:42:26.150,3.431,100
2020-10-23 09:42:26.310,3.431,100
2020-10-23 09:42:26.310,3.431,59300
2020-10-23 09:42:26.340,3.432,4500
2020-10-23 09:42:26.340,3.432,5000
2020-10-23 09:42:26.340,3.432,5000
2020-10-23 09:42:26.340,3.432,100000
2020-10-23 09:42:26.340,3.432,9000
2020-10-23 09:42:26.340,3.432,5000
2020-10-23 09:42:29.640,3.433,3100
2020-10-23 09:42:29.640,3.433,3100
2020-10-23 09:42:29.640,3.433,3100
2020-10-23 09:42:29.640,3.433,3100
2020-10-23 09:42:29.640,3.433,300
2020-10-23 09:42:29.640,3.433,3000
2020-10-23 09:42:29.640,3.433,14300
2020-10-23 09:42:31.360,3.432,20000
2020-10-23 09:42:32.520,3.432,2000
2020-10-23 09:42:32.580,3.432,5100
2020-10-23 09:42:33.410,3.432,37400
2020-10-23 09:42:33.410,3.432,300
2020-10-23 09:42:33.410,3.432,2300
2020-10-23 09:42:33.410,3.432,3400
2020-10-23 09:42:33.410,3.432,500
2020-10-23 09:42:34.500,3.432,200000
2020-10-23 09:42:35.060,3.432,15000
2020-10-23 09:42:36.070,3.432,1000
2020-10-23 09:42:36.070,3.432,67400
2020-10-23 09:42:36.470,3.432,28900
2020-10-23 09:42:37.690,3.432,50000
2020-10-23 09:42:38.080,3.432,15000
2020-10-23 09:42:39.140,3.431,30000
2020-10-23 09:42:39.450,3.432,10000
2020-10-23 09:42:39.450,3.432,1000
2020-10-23 09:42:39.450,3.432,10000
2020-10-23 09:42:39.450,3.432,1000
2020-10-23 09:42:40.750,3.432,136400
2020-10-23 09:42:40.750,3.432,100
2020-10-23 09:42:40.830,3.432,20000
2020-10-23 09:42:41.000,3.432,22500
2020-10-23 09:42:41.420,3.432,14000
2020-10-23 09:42:41.600,3.433,5700
2020-10-23 09:42:41.600,3.433,15800
2020-10-23 09:42:41.600,3.433,2000
2020-10-23 09:42:41.600,3.433,1200
2020-10-23 09:42:41.600,3.433,9700
2020-10-23 09:42:41.600,3.433,12000
2020-10-23 09:42:41.600,3.433,5000
2020-10-23 09:42:41.600,3.433,5000
2020-10-23 09:42:41.600,3.433,2100
2020-10-23 09:42:41.600,3.433,10000
2020-10-23 09:42:41.600,3.433,10000
2020-10-23 09:42:41.600,3.433,15000
2020-10-23 09:42:41.600,3.433,6500
2020-10-23 09:42:41.750,3.432,400
2020-10-23 09:42:43.180,3.433,3500
2020-10-23 09:42:43.180,3.433,100
2020-10-23 09:42:43.180,3.433,10000
2020-10-23 09:42:43.180,3.433,20000
2020-10-23 09:42:43.180,3.433,2000
2020-10-23 09:42:43.180,3.433,5000
2020-10-23 09:42:43.180,3.433,10000
2020-10-23 09:42:43.180,3.434,100
2020-10-23 09:42:43.180,3.434,1000
2020-10-23 09:42:43.180,3.434,100
2020-10-23 09:42:43.180,3.434,200
2020-10-23 09:42:43.180,3.434,100
2020-10-23 09:42:43.180,3.434,300
2020-10-23 09:42:43.180,3.434,10000
2020-10-23 09:42:43.180,3.434,5000
2020-10-23 09:42:43.180,3.434,1000
2020-10-23 09:42:43.180,3.434,2300
2020-10-23 09:42:43.180,3.434,600
2020-10-23 09:42:43.180,3.434,1000
2020-10-23 09:42:43.180,3.434,10000
2020-10-23 09:42:43.180,3.434,3000
2020-10-23 09:42:43.180,3.434,4800
2020-10-23 09:42:43.180,3.434,9900
2020-10-23 09:42:44.290,3.432,3000
2020-10-23 09:42:44.480,3.432,40000
2020-10-23 09:42:46.800,3.433,6000
2020-10-23 09:42:48.940,3.433,41100
2020-10-23 09:42:49.220,3.434,100
2020-10-23 09:42:49.220,3.434,3900
2020-10-23 09:42:49.390,3.433,100
2020-10-23 09:42:53.610,3.433,2000
2020-10-23 09:42:53.750,3.434,1500
2020-10-23 09:42:53.750,3.434,8500
2020-10-23 09:42:56.500,3.434,5000
2020-10-23 09:42:57.880,3.434,1500
2020-10-23 09:42:57.880,3.434,11100
2020-10-23 09:42:57.880,3.434,10000
2020-10-23 09:42:57.880,3.434,3900
2020-10-23 09:42:57.880,3.434,3100
2020-10-23 09:42:57.880,3.434,1200
2020-10-23 09:42:57.880,3.434,100
2020-10-23 09:42:57.880,3.434,20000
2020-10-23 09:42:57.880,3.434,5000
2020-10-23 09:42:57.880,3.434,100
2020-10-23 09:42:57.880,3.434,17200
2020-10-23 09:42:57.880,3.434,5000
2020-10-23 09:42:57.880,3.434,10000
2020-10-23 09:42:57.880,3.434,100
2020-10-23 09:42:57.880,3.434,11700
2020-10-23 09:42:58.410,3.434,17400
2020-10-23 09:42:58.410,3.434,32600
2020-10-23 09:42:58.560,3.434,5800
2020-10-23 09:42:58.560,3.434,6300
2020-10-23 09:42:58.560,3.434,20000
2020-10-23 09:42:58.560,3.434,20000
2020-10-23 09:42:58.560,3.434,1000
2020-10-23 09:42:58.560,3.434,10000
2020-10-23 09:42:58.560,3.434,400
2020-10-23 09:42:58.560,3.434,600
2020-10-23 09:42:58.560,3.434,1000
2020-10-23 09:42:58.560,3.434,20000
2020-10-23 09:43:00.350,3.434,3000
2020-10-23 09:43:02.670,3.435,3000
2020-10-23 09:43:02.670,3.435,1000
2020-10-23 09:43:02.670,3.435,100
2020-10-23 09:43:02.670,3.435,1000
2020-10-23 09:43:02.670,3.435,1000
2020-10-23 09:43:02.670,3.435,1200
2020-10-23 09:43:02.670,3.435,11100
2020-10-23 09:43:02.670,3.435,100
2020-10-23 09:43:02.670,3.435,1000
2020-10-23 09:43:02.670,3.435,6000
2020-10-23 09:43:02.670,3.435,500
2020-10-23 09:43:02.670,3.435,10000
2020-10-23 09:43:02.670,3.435,1000
2020-10-23 09:43:02.670,3.435,10000
2020-10-23 09:43:02.670,3.435,3000
2020-10-23 09:43:03.020,3.434,1000
2020-10-23 09:43:04.870,3.434,7500
2020-10-23 09:43:05.840,3.434,1000
2020-10-23 09:43:06.980,3.434,30000
2020-10-23 09:43:07.470,3.434,8200
2020-10-23 09:43:07.890,3.435,2000
2020-10-23 09:43:07.890,3.435,10000
2020-10-23 09:43:07.890,3.435,1600
2020-10-23 09:43:07.890,3.435,6400
2020-10-23 09:43:07.970,3.435,3600
2020-10-23 09:43:07.970,3.435,3000
2020-10-23 09:43:07.970,3.435,2100
2020-10-23 09:43:07.970,3.435,3000
2020-10-23 09:43:07.970,3.435,5000
2020-10-23 09:43:07.970,3.435,1300
2020-10-23 09:43:09.570,3.435,1000
2020-10-23 09:43:10.380,3.435,12000
2020-10-23 09:43:10.470,3.435,45700
2020-10-23 09:43:10.470,3.435,1000
2020-10-23 09:43:10.470,3.435,3300
2020-10-23 09:43:10.730,3.435,1700
2020-10-23 09:43:10.730,3.435,500
2020-10-23 09:43:10.730,3.435,1000
2020-10-23 09:43:10.730,3.435,1800
2020-10-23 09:43:10.980,3.435,500
2020-10-23 09:43:10.980,3.435,500
2020-10-23 09:43:11.760,3.434,100
2020-10-23 09:43:11.790,3.434,1800
2020-10-23 09:43:12.100,3.434,8800
2020-10-23 09:43:12.400,3.434,1500
2020-10-23 09:43:12.480,3.434,2000
2020-10-23 09:43:13.030,3.435,3000
2020-10-23 09:43:13.050,3.434,100
2020-10-23 09:43:13.480,3.434,100
2020-10-23 09:43:14.230,3.434,10000
2020-10-23 09:43:15.030,3.434,1000
2020-10-23 09:43:15.060,3.435,100
2020-10-23 09:43:15.410,3.435,6400
2020-10-23 09:43:15.410,3.435,10000
2020-10-23 09:43:15.410,3.435,15000
2020-10-23 09:43:15.410,3.435,4100
2020-10-23 09:43:15.410,3.435,11700
2020-10-23 09:43:15.410,3.435,100
2020-10-23 09:43:15.410,3.435,5000
2020-10-23 09:43:15.410,3.435,2000
2020-10-23 09:43:15.410,3.435,2000
2020-10-23 09:43:15.410,3.435,6000
2020-10-23 09:43:15.410,3.435,3000
2020-10-23 09:43:15.410,3.435,2000
2020-10-23 09:43:15.410,3.435,200
2020-10-23 09:43:15.410,3.435,500
2020-10-23 09:43:15.410,3.435,1600
2020-10-23 09:43:15.410,3.435,5000
2020-10-23 09:43:15.410,3.435,500
2020-10-23 09:43:15.410,3.435,50000
2020-10-23 09:43:15.410,3.435,100
2020-10-23 09:43:15.410,3.435,3000
2020-10-23 09:43:15.410,3.435,1800
2020-10-23 09:43:15.410,3.435,70200
2020-10-23 09:43:15.440,3.434,1100
2020-10-23 09:43:16.400,3.434,5000
2020-10-23 09:43:16.830,3.434,3000
2020-10-23 09:43:17.480,3.435,3000
2020-10-23 09:43:17.680,3.435,500
2020-10-23 09:43:18.810,3.434,200
2020-10-23 09:43:20.120,3.434,100
2020-10-23 09:43:21.090,3.435,35400
2020-10-23 09:43:21.090,3.435,500
2020-10-23 09:43:21.090,3.435,1500
2020-10-23 09:43:21.090,3.435,5000
2020-10-23 09:43:21.090,3.435,9100
2020-10-23 09:43:21.090,3.435,500
2020-10-23 09:43:21.090,3.435,40000
2020-10-23 09:43:21.090,3.435,300
2020-10-23 09:43:21.090,3.435,11900
2020-10-23 09:43:21.090,3.435,300
2020-10-23 09:43:21.090,3.435,5000
2020-10-23 09:43:21.090,3.435,20000
2020-10-23 09:43:21.090,3.435,15700
2020-10-23 09:43:21.090,3.435,20000
2020-10-23 09:43:21.090,3.435,50000
2020-10-23 09:43:21.090,3.435,200
2020-10-23 09:43:21.090,3.435,5000
2020-10-23 09:43:21.090,3.435,100
2020-10-23 09:43:21.090,3.435,100
2020-10-23 09:43:21.140,3.435,19400
2020-10-23 09:43:21.800,3.435,100
2020-10-23 09:43:22.080,3.435,30500
2020-10-23 09:43:22.080,3.435,800
2020-10-23 09:43:22.080,3.435,200
2020-10-23 09:43:22.080,3.435,300
2020-10-23 09:43:22.650,3.435,1800
2020-10-23 09:43:23.540,3.435,1000
2020-10-23 09:43:23.620,3.435,85100
2020-10-23 09:43:23.620,3.435,96600
2020-10-23 09:43:24.450,3.435,28600
2020-10-23 09:43:24.870,3.435,10000
2020-10-23 09:43:25.280,3.435,100
2020-10-23 09:43:26.090,3.435,5300
2020-10-23 09:43:26.510,3.435,10000
2020-10-23 09:43:26.690,3.436,200
2020-10-23 09:43:26.690,3.436,800
2020-10-23 09:43:26.690,3.436,200
2020-10-23 09:43:26.690,3.436,1000
2020-10-23 09:43:26.690,3.436,500
2020-10-23 09:43:26.690,3.436,1300
2020-10-23 09:43:26.690,3.436,2000
2020-10-23 09:43:26.770,3.435,5000
2020-10-23 09:43:27.170,3.435,21200
2020-10-23 09:43:27.170,3.435,700
2020-10-23 09:43:28.740,3.434,2000
2020-10-23 09:43:29.170,3.434,300
2020-10-23 09:43:29.320,3.434,20000
2020-10-23 09:43:29.830,3.435,100
2020-10-23 09:43:29.830,3.435,19900
2020-10-23 09:43:31.420,3.434,29900
2020-10-23 09:43:31.420,3.434,6100
2020-10-23 09:43:31.420,3.434,14000
2020-10-23 09:43:32.000,3.435,3000
2020-10-23 09:43:32.640,3.435,200
2020-10-23 09:43:36.570,3.435,1200
2020-10-23 09:43:36.650,3.435,800
2020-10-23 09:43:36.950,3.434,86000
2020-10-23 09:43:36.950,3.434,10000
2020-10-23 09:43:36.950,3.434,1400
2020-10-23 09:43:36.950,3.434,500
2020-10-23 09:43:36.950,3.434,10000
2020-10-23 09:43:37.680,3.434,700
2020-10-23 09:43:38.190,3.434,600
2020-10-23 09:43:38.330,3.434,20000
2020-10-23 09:43:39.850,3.434,2700
2020-10-23 09:43:40.840,3.434,15000
2020-10-23 09:43:42.430,3.434,1300
2020-10-23 09:43:44.580,3.434,2000
2020-10-23 09:43:45.120,3.434,4400
2020-10-23 09:43:45.460,3.433,700
2020-10-23 09:43:45.460,3.433,100
2020-10-23 09:43:45.460,3.433,100
2020-10-23 09:43:45.460,3.433,9100
2020-10-23 09:43:45.680,3.433,3300
2020-10-23 09:43:46.670,3.434,30000
2020-10-23 09:43:47.300,3.434,2000
2020-10-23 09:43:48.500,3.433,3000
2020-10-23 09:43:48.580,3.433,14700
2020-10-23 09:43:49.080,3.434,500
2020-10-23 09:43:49.080,3.434,5000
2020-10-23 09:43:49.080,3.434,16400
2020-10-23 09:43:50.700,3.433,3900
2020-10-23 09:43:51.780,3.433,600
2020-10-23 09:43:52.630,3.433,3000
2020-10-23 09:43:53.510,3.433,10000
2020-10-23 09:43:53.540,3.433,1000
2020-10-23 09:43:53.620,3.433,4300
2020-10-23 09:43:53.620,3.433,3000
2020-10-23 09:43:53.620,3.433,6000
2020-10-23 09:43:54.220,3.433,5600
2020-10-23 09:43:54.250,3.433,10000
2020-10-23 09:43:57.410,3.433,6000
2020-10-23 09:43:58.210,3.434,15000
2020-10-23 09:43:58.210,3.433,5000
2020-10-23 09:43:59.010,3.433,10000
2020-10-23 09:44:00.490,3.433,10000
2020-10-23 09:44:01.000,3.433,200
2020-10-23 09:44:02.190,3.433,4000
2020-10-23 09:44:02.280,3.433,4300
2020-10-23 09:44:02.840,3.433,38900
2020-10-23 09:44:02.840,3.433,1000
2020-10-23 09:44:02.840,3.433,40000
2020-10-23 09:44:02.840,3.433,9900
2020-10-23 09:44:04.000,3.433,100
2020-10-23 09:44:04.000,3.433,3900
2020-10-23 09:44:04.380,3.433,50000
2020-10-23 09:44:04.490,3.433,500
2020-10-23 09:44:04.550,3.434,162300
2020-10-23 09:44:04.550,3.434,1300
2020-10-23 09:44:04.550,3.434,600
2020-10-23 09:44:04.550,3.434,100
2020-10-23 09:44:04.550,3.434,50000
2020-10-23 09:44:04.550,3.434,9300
2020-10-23 09:44:04.550,3.434,300
2020-10-23 09:44:04.550,3.434,10000
2020-10-23 09:44:04.550,3.434,10000
2020-10-23 09:44:04.550,3.434,10000
2020-10-23 09:44:04.550,3.434,5000
2020-10-23 09:44:04.550,3.434,1200
2020-10-23 09:44:04.550,3.434,39900
2020-10-23 09:44:05.000,3.434,26300
2020-10-23 09:44:05.000,3.434,108800
2020-10-23 09:44:05.000,3.434,5000
2020-10-23 09:44:05.000,3.434,1800
2020-10-23 09:44:05.500,3.434,5300
2020-10-23 09:44:06.070,3.434,20000
2020-10-23 09:44:06.840,3.434,6400
2020-10-23 09:44:07.540,3.434,3200
2020-10-23 09:44:09.180,3.434,1000
2020-10-23 09:44:13.550,3.434,1200
2020-10-23 09:44:14.220,3.434,500
2020-10-23 09:44:14.280,3.434,1400
2020-10-23 09:44:14.760,3.434,5000
2020-10-23 09:44:14.900,3.434,2000
2020-10-23 09:44:16.520,3.434,10000
2020-10-23 09:44:19.180,3.435,100
2020-10-23 09:44:20.310,3.434,200
2020-10-23 09:44:20.310,3.434,200
2020-10-23 09:44:21.220,3.433,1000
2020-10-23 09:44:24.800,3.434,1600
2020-10-23 09:44:24.800,3.434,2000
2020-10-23 09:44:24.800,3.434,1000
2020-10-23 09:44:24.800,3.434,5400
2020-10-23 09:44:25.230,3.433,4100
2020-10-23 09:44:29.500,3.434,3400
2020-10-23 09:44:29.670,3.433,5000
2020-10-23 09:44:30.050,3.434,1200
2020-10-23 09:44:30.050,3.434,2200
2020-10-23 09:44:30.180,3.434,2800
2020-10-23 09:44:30.180,3.434,1300
2020-10-23 09:44:30.180,3.434,9600
2020-10-23 09:44:30.180,3.434,300
2020-10-23 09:44:30.180,3.434,30000
2020-10-23 09:44:30.180,3.434,1000
2020-10-23 09:44:30.180,3.434,2000
2020-10-23 09:44:30.180,3.434,10000
2020-10-23 09:44:30.180,3.434,1500
2020-10-23 09:44:30.180,3.434,40000
2020-10-23 09:44:30.180,3.434,5900
2020-10-23 09:44:30.340,3.434,100
2020-10-23 09:44:31.520,3.434,100
2020-10-23 09:44:32.310,3.434,46900
2020-10-23 09:44:34.150,3.434,2000
2020-10-23 09:44:34.320,3.434,2000
2020-10-23 09:44:35.240,3.434,5000
2020-10-23 09:44:35.380,3.434,60000
2020-10-23 09:44:35.720,3.434,1200
2020-10-23 09:44:35.960,3.434,200
2020-10-23 09:44:36.640,3.434,1500
2020-10-23 09:44:37.680,3.434,1000
2020-10-23 09:44:38.440,3.434,75700
2020-10-23 09:44:38.440,3.434,2000
2020-10-23 09:44:38.670,3.434,30000
2020-10-23 09:44:39.390,3.434,1000
2020-10-23 09:44:40.720,3.434,3000
2020-10-23 09:44:41.980,3.433,4300
2020-10-23 09:44:43.070,3.434,728000
2020-10-23 09:44:45.810,3.434,2600
2020-10-23 09:44:46.010,3.434,200
2020-10-23 09:44:47.300,3.434,100
2020-10-23 09:44:47.830,3.434,400
2020-10-23 09:44:49.430,3.433,13100
2020-10-23 09:44:49.840,3.434,100
2020-10-23 09:44:50.440,3.433,3000
2020-10-23 09:44:51.120,3.434,20000
2020-10-23 09:44:51.290,3.434,500
2020-10-23 09:44:52.110,3.433,80000
2020-10-23 09:44:52.890,3.434,13200
2020-10-23 09:44:53.340,3.434,2900
2020-10-23 09:44:56.760,3.433,2800
2020-10-23 09:44:57.450,3.433,100
2020-10-23 09:44:59.100,3.433,200
2020-10-23 09:45:00.690,3.434,20300
2020-10-23 09:45:00.690,3.434,300
2020-10-23 09:45:00.690,3.434,100
2020-10-23 09:45:00.690,3.434,20000
2020-10-23 09:45:00.690,3.434,10000
2020-10-23 09:45:00.690,3.434,10000
2020-10-23 09:45:00.690,3.434,20000
2020-10-23 09:45:00.690,3.434,19500
2020-10-23 09:45:00.690,3.434,3000
2020-10-23 09:45:00.690,3.434,700
2020-10-23 09:45:00.690,3.434,500
2020-10-23 09:45:00.690,3.434,2500
2020-10-23 09:45:00.690,3.434,500
2020-10-23 09:45:00.690,3.434,1000
2020-10-23 09:45:00.690,3.434,100
2020-10-23 09:45:00.690,3.434,11000
2020-10-23 09:45:00.690,3.434,5000
2020-10-23 09:45:00.690,3.434,108800
2020-10-23 09:45:00.970,3.434,10000
2020-10-23 09:45:01.300,3.434,56700
2020-10-23 09:45:01.300,3.434,143300
2020-10-23 09:45:01.790,3.434,7000
2020-10-23 09:45:01.910,3.434,100000
2020-10-23 09:45:04.310,3.434,13000
2020-10-23 09:45:04.390,3.434,5000
2020-10-23 09:45:04.520,3.435,4900
2020-10-23 09:45:04.520,3.435,1000
2020-10-23 09:45:04.520,3.435,500
2020-10-23 09:45:04.520,3.435,3600
2020-10-23 09:45:05.110,3.434,300
2020-10-23 09:45:05.220,3.434,2000
2020-10-23 09:45:05.950,3.434,29400
2020-10-23 09:45:05.950,3.434,120600
2020-10-23 09:45:08.440,3.434,3000
2020-10-23 09:45:12.080,3.433,100
2020-10-23 09:45:12.490,3.433,100
2020-10-23 09:45:13.430,3.434,1300
2020-10-23 09:45:15.410,3.433,1400
2020-10-23 09:45:15.690,3.434,200
2020-10-23 09:45:15.690,3.434,400
2020-10-23 09:45:15.890,3.433,24900
2020-10-23 09:45:16.200,3.433,5000
2020-10-23 09:45:16.460,3.433,9500
2020-10-23 09:45:17.210,3.433,4300
2020-10-23 09:45:17.400,3.433,84700
2020-10-23 09:45:17.400,3.433,400
2020-10-23 09:45:17.400,3.433,10000
2020-10-23 09:45:17.400,3.433,16000
2020-10-23 09:45:17.400,3.433,600
2020-10-23 09:45:17.400,3.433,7700
2020-10-23 09:45:17.400,3.433,10000
2020-10-23 09:45:17.400,3.433,3900
2020-10-23 09:45:18.080,3.433,10000
2020-10-23 09:45:18.930,3.433,700
2020-10-23 09:45:21.040,3.432,1000
2020-10-23 09:45:21.040,3.432,20000
2020-10-23 09:45:21.040,3.432,2000
2020-10-23 09:45:21.040,3.432,2000
2020-10-23 09:45:21.040,3.432,88400
2020-10-23 09:45:21.500,3.433,2000
2020-10-23 09:45:22.160,3.433,1500
2020-10-23 09:45:22.950,3.433,1000
2020-10-23 09:45:23.150,3.433,10000
2020-10-23 09:45:24.200,3.433,5000
2020-10-23 09:45:24.620,3.432,300
2020-10-23 09:45:27.510,3.432,200
2020-10-23 09:45:27.510,3.432,1500
2020-10-23 09:45:30.830,3.432,1400
2020-10-23 09:45:30.830,3.432,5000
2020-10-23 09:45:30.830,3.432,1000
2020-10-23 09:45:30.830,3.432,7200
2020-10-23 09:45:30.910,3.432,300
2020-10-23 09:45:32.230,3.432,1000
2020-10-23 09:45:32.290,3.433,16000
2020-10-23 09:45:33.620,3.432,3000
2020-10-23 09:45:33.770,3.432,3400
2020-10-23 09:45:35.780,3.432,1000
2020-10-23 09:45:36.810,3.432,2600
2020-10-23 09:45:38.000,3.432,6600
2020-10-23 09:45:38.580,3.433,4200
2020-10-23 09:45:40.420,3.432,200
2020-10-23 09:45:40.770,3.432,10000
2020-10-23 09:45:41.260,3.432,5000
2020-10-23 09:45:42.200,3.432,27700
2020-10-23 09:45:42.720,3.432,10700
2020-10-23 09:45:42.800,3.433,16300
2020-10-23 09:45:42.800,3.433,10000
2020-10-23 09:45:42.800,3.433,10000
2020-10-23 09:45:42.800,3.433,100
2020-10-23 09:45:42.800,3.433,5000
2020-10-23 09:45:42.800,3.433,900
2020-10-23 09:45:42.800,3.433,5000
2020-10-23 09:45:42.800,3.433,85000
2020-10-23 09:45:42.800,3.433,1800
2020-10-23 09:45:42.800,3.433,50000
2020-10-23 09:45:42.800,3.433,1000
2020-10-23 09:45:42.800,3.433,2000
2020-10-23 09:45:42.800,3.433,89100
2020-10-23 09:45:42.800,3.433,23800
2020-10-23 09:45:43.430,3.432,16000
2020-10-23 09:45:43.430,3.432,10000
2020-10-23 09:45:43.430,3.432,50000
2020-10-23 09:45:43.430,3.432,3600
2020-10-23 09:45:43.430,3.432,133000
2020-10-23 09:45:43.510,3.432,300
2020-10-23 09:45:44.400,3.433,6200
2020-10-23 09:45:44.400,3.433,2000
2020-10-23 09:45:44.400,3.433,86900
2020-10-23 09:45:44.400,3.433,10000
2020-10-23 09:45:44.400,3.433,2000
2020-10-23 09:45:44.630,3.433,13000
2020-10-23 09:45:45.510,3.433,179900
2020-10-23 09:45:45.510,3.432,46700
2020-10-23 09:45:45.510,3.432,273400
2020-10-23 09:45:45.620,3.432,5000
2020-10-23 09:45:45.880,3.432,800
2020-10-23 09:45:46.520,3.433,5000
2020-10-23 09:45:47.090,3.433,6500
2020-10-23 09:45:49.480,3.433,20200
2020-10-23 09:45:49.480,3.433,200
2020-10-23 09:45:49.480,3.433,300
2020-10-23 09:45:49.510,3.433,100
2020-10-23 09:45:49.560,3.433,100
2020-10-23 09:45:49.700,3.433,10200
2020-10-23 09:45:50.180,3.433,100
2020-10-23 09:45:51.470,3.433,18800
2020-10-23 09:45:51.470,3.433,281300
2020-10-23 09:45:51.500,3.433,2000
2020-10-23 09:45:51.890,3.433,16700
2020-10-23 09:45:51.890,3.433,30000
2020-10-23 09:45:52.090,3.432,15000
2020-10-23 09:45:55.230,3.433,2000
2020-10-23 09:45:55.370,3.432,300
2020-10-23 09:45:56.320,3.433,50000
2020-10-23 09:45:57.040,3.433,6000
2020-10-23 09:45:57.040,3.433,30000
2020-10-23 09:45:57.040,3.433,7000
2020-10-23 09:45:57.040,3.433,3000
2020-10-23 09:45:57.120,3.434,1500
2020-10-23 09:45:57.510,3.433,198000
2020-10-23 09:45:57.610,3.433,10000
2020-10-23 09:45:58.440,3.433,200
2020-10-23 09:45:59.000,3.433,200
2020-10-23 09:46:00.430,3.433,500
2020-10-23 09:46:00.460,3.433,2000
2020-10-23 09:46:00.490,3.433,16000
2020-10-23 09:46:00.720,3.433,2200
2020-10-23 09:46:01.080,3.433,5000
2020-10-23 09:46:01.400,3.433,3000
2020-10-23 09:46:02.630,3.433,17000
2020-10-23 09:46:02.630,3.433,3000
2020-10-23 09:46:04.190,3.433,100
2020-10-23 09:46:05.260,3.433,1000
2020-10-23 09:46:05.980,3.433,300
2020-10-23 09:46:07.240,3.433,1300
2020-10-23 09:46:07.410,3.433,114400
2020-10-23 09:46:09.520,3.433,900
2020-10-23 09:46:09.520,3.433,500
2020-10-23 09:46:10.120,3.433,600
2020-10-23 09:46:10.120,3.434,2100
2020-10-23 09:46:10.120,3.434,300
2020-10-23 09:46:10.320,3.432,6700
2020-10-23 09:46:13.270,3.433,1700
2020-10-23 09:46:13.270,3.433,300
2020-10-23 09:46:13.360,3.433,2000
2020-10-23 09:46:13.880,3.433,2300
2020-10-23 09:46:14.140,3.433,6400
2020-10-23 09:46:14.140,3.434,3600
2020-10-23 09:46:19.150,3.434,900
2020-10-23 09:46:19.380,3.433,2000
2020-10-23 09:46:20.510,3.433,2200
2020-10-23 09:46:20.630,3.433,6600
2020-10-23 09:46:21.680,3.434,2000
2020-10-23 09:46:21.880,3.433,50000
2020-10-23 09:46:23.110,3.434,100
2020-10-23 09:46:24.320,3.433,14700
2020-10-23 09:46:26.350,3.433,139400
2020-10-23 09:46:26.700,3.433,20000
2020-10-23 09:46:26.810,3.433,44600
2020-10-23 09:46:26.890,3.433,126800
2020-10-23 09:46:27.000,3.433,300000
2020-10-23 09:46:27.550,3.433,30000
2020-10-23 09:46:27.710,3.433,263700
2020-10-23 09:46:29.070,3.433,100
2020-10-23 09:46:29.210,3.432,500
2020-10-23 09:46:29.210,3.432,2500
2020-10-23 09:46:31.000,3.433,2000
2020-10-23 09:46:33.190,3.433,200
2020-10-23 09:46:33.910,3.433,1000
2020-10-23 09:46:35.020,3.432,1000
2020-10-23 09:46:36.110,3.432,5000
2020-10-23 09:46:36.140,3.432,2000
2020-10-23 09:46:37.970,3.432,1000
2020-10-23 09:46:38.210,3.433,1100
2020-10-23 09:46:39.660,3.432,3400
2020-10-23 09:46:39.660,3.432,300
2020-10-23 09:46:39.660,3.432,600
2020-10-23 09:46:39.660,3.432,7500
2020-10-23 09:46:39.880,3.433,1900
2020-10-23 09:46:39.880,3.433,15700
2020-10-23 09:46:39.880,3.433,200
2020-10-23 09:46:39.880,3.433,5000
2020-10-23 09:46:39.880,3.433,1600
2020-10-23 09:46:40.550,3.433,500
2020-10-23 09:46:40.690,3.433,12500
2020-10-23 09:46:40.720,3.433,5000
2020-10-23 09:46:41.100,3.433,10000
2020-10-23 09:46:42.210,3.433,2000
2020-10-23 09:46:42.860,3.433,5000
2020-10-23 09:46:45.570,3.433,16500
2020-10-23 09:46:45.680,3.433,3500
2020-10-23 09:46:49.160,3.433,3500
2020-10-23 09:46:50.260,3.433,100
2020-10-23 09:46:51.450,3.433,10000
2020-10-23 09:46:51.870,3.433,2900
2020-10-23 09:46:51.870,3.433,2300
2020-10-23 09:46:51.870,3.433,10000
2020-10-23 09:46:52.590,3.433,6500
2020-10-23 09:46:52.700,3.433,6000
2020-10-23 09:46:52.780,3.433,2000
2020-10-23 09:46:53.370,3.433,5000
2020-10-23 09:46:53.620,3.433,1900
2020-10-23 09:46:53.830,3.433,500
2020-10-23 09:46:53.910,3.433,20000
2020-10-23 09:46:55.320,3.433,2000
2020-10-23 09:46:56.540,3.433,6400
2020-10-23 09:46:57.300,3.433,900
2020-10-23 09:46:58.000,3.433,500
2020-10-23 09:46:58.060,3.433,20000
2020-10-23 09:46:58.140,3.433,20000
2020-10-23 09:46:58.170,3.433,200
2020-10-23 09:46:58.990,3.433,6000
2020-10-23 09:46:59.510,3.433,5000
2020-10-23 09:46:59.870,3.433,100
2020-10-23 09:47:01.010,3.433,3200
2020-10-23 09:47:01.450,3.433,50000
2020-10-23 09:47:01.590,3.433,5000
2020-10-23 09:47:01.720,3.433,1000
2020-10-23 09:47:03.510,3.433,2600
2020-10-23 09:47:03.510,3.433,100
2020-10-23 09:47:03.510,3.433,100
2020-10-23 09:47:03.510,3.432,2200
2020-10-23 09:47:05.520,3.433,30000
2020-10-23 09:47:05.830,3.433,10000
2020-10-23 09:47:05.830,3.433,500
2020-10-23 09:47:07.450,3.433,5200
2020-10-23 09:47:08.290,3.433,5000
2020-10-23 09:47:09.400,3.433,10000
2020-10-23 09:47:10.270,3.433,1000
2020-10-23 09:47:10.300,3.433,1000
2020-10-23 09:47:12.310,3.433,5000
2020-10-23 09:47:13.970,3.433,20000
2020-10-23 09:47:14.530,3.433,1000
2020-10-23 09:47:14.710,3.434,493100
2020-10-23 09:47:14.710,3.434,500
2020-10-23 09:47:14.710,3.434,2100
2020-10-23 09:47:14.710,3.434,7000
2020-10-23 09:47:14.710,3.434,3000
2020-10-23 09:47:14.710,3.434,100
2020-10-23 09:47:14.710,3.434,100
2020-10-23 09:47:14.710,3.434,1000
2020-10-23 09:47:14.710,3.434,1500
2020-10-23 09:47:14.710,3.434,71600
2020-10-23 09:47:14.710,3.434,100
2020-10-23 09:47:14.710,3.434,30000
2020-10-23 09:47:14.710,3.434,3000
2020-10-23 09:47:14.710,3.434,6000
2020-10-23 09:47:14.710,3.434,10000
2020-10-23 09:47:14.710,3.434,16700
2020-10-23 09:47:14.710,3.434,3000
2020-10-23 09:47:14.710,3.434,2200
2020-10-23 09:47:14.710,3.434,47500
2020-10-23 09:47:14.710,3.434,50000
2020-10-23 09:47:14.710,3.434,500
2020-10-23 09:47:14.710,3.434,30000
2020-10-23 09:47:14.710,3.434,10000
2020-10-23 09:47:14.710,3.434,12000
2020-10-23 09:47:14.710,3.434,99000
2020-10-23 09:47:14.820,3.434,6000
2020-10-23 09:47:14.820,3.434,10900
2020-10-23 09:47:14.820,3.434,50000
2020-10-23 09:47:14.820,3.434,3000
2020-10-23 09:47:14.820,3.434,50000
2020-10-23 09:47:14.820,3.434,55300
2020-10-23 09:47:14.820,3.434,100
2020-10-23 09:47:14.820,3.434,400
2020-10-23 09:47:14.820,3.434,10000
2020-10-23 09:47:15.130,3.434,54300
2020-10-23 09:47:15.130,3.434,5700
2020-10-23 09:47:16.150,3.434,1000
2020-10-23 09:47:17.830,3.434,8000
2020-10-23 09:47:19.760,3.434,5000
2020-10-23 09:47:19.760,3.434,2800
2020-10-23 09:47:20.570,3.434,4200
2020-10-23 09:47:21.380,3.434,1000
2020-10-23 09:47:21.410,3.435,6000
2020-10-23 09:47:22.900,3.435,4000
2020-10-23 09:47:22.900,3.435,5000
2020-10-23 09:47:22.900,3.435,2000
2020-10-23 09:47:22.900,3.435,300
2020-10-23 09:47:22.900,3.435,3000
2020-10-23 09:47:22.900,3.435,3200
2020-10-23 09:47:22.900,3.435,2000
2020-10-23 09:47:22.900,3.435,1000
2020-10-23 09:47:22.900,3.435,500
2020-10-23 09:47:22.900,3.435,10000
2020-10-23 09:47:22.900,3.435,5000
2020-10-23 09:47:22.900,3.435,10000
2020-10-23 09:47:22.900,3.435,20000
2020-10-23 09:47:22.900,3.435,2000
2020-10-23 09:47:22.900,3.435,5000
2020-10-23 09:47:22.900,3.435,1000
2020-10-23 09:47:22.900,3.435,1600
2020-10-23 09:47:22.900,3.435,1500
2020-10-23 09:47:22.900,3.435,200
2020-10-23 09:47:22.900,3.435,1000
2020-10-23 09:47:22.900,3.435,3900
2020-10-23 09:47:22.900,3.435,5000
2020-10-23 09:47:22.900,3.435,6700
2020-10-23 09:47:22.900,3.435,7500
2020-10-23 09:47:22.900,3.435,2000
2020-10-23 09:47:22.900,3.435,44900
2020-10-23 09:47:24.490,3.433,2000
2020-10-23 09:47:24.660,3.435,5100
2020-10-23 09:47:24.660,3.435,3000
2020-10-23 09:47:24.660,3.435,8100
2020-10-23 09:47:24.660,3.435,3000
2020-10-23 09:47:24.660,3.435,500
2020-10-23 09:47:24.660,3.435,500
2020-10-23 09:47:24.660,3.435,10000
2020-10-23 09:47:24.660,3.435,2000
2020-10-23 09:47:24.660,3.435,2200
2020-10-23 09:47:24.660,3.435,19500
2020-10-23 09:47:24.660,3.435,4400
2020-10-23 09:47:24.660,3.435,5000
2020-10-23 09:47:24.660,3.435,7400
2020-10-23 09:47:24.660,3.435,600
2020-10-23 09:47:24.660,3.435,100
2020-10-23 09:47:24.660,3.435,28600
2020-10-23 09:47:31.990,3.433,10400
2020-10-23 09:47:32.020,3.434,500
2020-10-23 09:47:32.560,3.434,300
2020-10-23 09:47:34.840,3.433,16600
2020-10-23 09:47:34.840,3.433,2000
2020-10-23 09:47:35.580,3.433,100
2020-10-23 09:47:36.480,3.433,22400
2020-10-23 09:47:36.480,3.434,7600
2020-10-23 09:47:36.790,3.434,2000
2020-10-23 09:47:38.010,3.432,100
2020-10-23 09:47:38.930,3.434,200
2020-10-23 09:47:40.970,3.433,7000
2020-10-23 09:47:41.440,3.433,20000
2020-10-23 09:47:44.090,3.434,6300
2020-10-23 09:47:44.090,3.434,8700
2020-10-23 09:47:45.720,3.433,3000
2020-10-23 09:47:47.650,3.434,1300
2020-10-23 09:47:47.650,3.434,8700
2020-10-23 09:47:47.760,3.433,1200
2020-10-23 09:47:51.190,3.433,100
2020-10-23 09:47:51.500,3.433,20000
2020-10-23 09:47:52.020,3.434,600
2020-10-23 09:47:53.690,3.433,1000
2020-10-23 09:47:53.810,3.433,3000
2020-10-23 09:47:54.290,3.433,27700
2020-10-23 09:47:54.480,3.433,2700
2020-10-23 09:47:54.830,3.433,8200
2020-10-23 09:47:55.360,3.433,100
2020-10-23 09:47:55.990,3.433,100000
2020-10-23 09:47:57.400,3.434,46200
2020-10-23 09:47:58.420,3.434,100
2020-10-23 09:48:00.090,3.433,10000
2020-10-23 09:48:00.910,3.433,3000
2020-10-23 09:48:02.170,3.433,700
2020-10-23 09:48:02.370,3.433,1500
2020-10-23 09:48:04.210,3.434,51300
2020-10-23 09:48:04.210,3.434,100
2020-10-23 09:48:04.210,3.434,700
2020-10-23 09:48:04.210,3.434,30000
2020-10-23 09:48:04.210,3.434,14000
2020-10-23 09:48:04.210,3.434,100
2020-10-23 09:48:04.210,3.434,5000
2020-10-23 09:48:04.210,3.434,50000
2020-10-23 09:48:04.210,3.434,10000
2020-10-23 09:48:04.420,3.434,1000
2020-10-23 09:48:06.520,3.434,50000
2020-10-23 09:48:07.420,3.434,3000
2020-10-23 09:48:07.790,3.434,6200
2020-10-23 09:48:09.630,3.434,10000
2020-10-23 09:48:10.130,3.434,1000
2020-10-23 09:48:11.440,3.434,100
2020-10-23 09:48:11.600,3.434,2000
2020-10-23 09:48:12.940,3.434,300
2020-10-23 09:48:13.340,3.434,1000
2020-10-23 09:48:13.530,3.434,54200
2020-10-23 09:48:17.620,3.433,7300
2020-10-23 09:48:19.520,3.434,30900
2020-10-23 09:48:20.210,3.433,1000
2020-10-23 09:48:20.840,3.434,10000
2020-10-23 09:48:21.800,3.433,100
2020-10-23 09:48:21.800,3.433,900
2020-10-23 09:48:23.090,3.433,2100
2020-10-23 09:48:23.090,3.433,900
2020-10-23 09:48:23.450,3.433,1000
2020-10-23 09:48:24.020,3.434,4000
2020-10-23 09:48:26.930,3.433,3000
2020-10-23 09:48:27.240,3.433,2900
2020-10-23 09:48:27.350,3.433,2800
2020-10-23 09:48:28.040,3.433,600
2020-10-23 09:48:29.090,3.433,2500
2020-10-23 09:48:31.890,3.433,6500
2020-10-23 09:48:33.920,3.432,8100
2020-10-23 09:48:39.770,3.432,15000
2020-10-23 09:48:40.470,3.433,300100
2020-10-23 09:48:42.260,3.433,300000
2020-10-23 09:48:42.340,3.433,280000
2020-10-23 09:48:42.510,3.433,13400
2020-10-23 09:48:42.510,3.433,3500
2020-10-23 09:48:42.510,3.433,3100
2020-10-23 09:48:42.510,3.433,20000
2020-10-23 09:48:42.510,3.433,2000
2020-10-23 09:48:42.510,3.433,258100
2020-10-23 09:48:42.510,3.433,41900
2020-10-23 09:48:42.510,3.433,50000
2020-10-23 09:48:42.510,3.433,2000
2020-10-23 09:48:42.510,3.433,26000
2020-10-23 09:48:42.510,3.433,1000
2020-10-23 09:48:42.510,3.433,10000
2020-10-23 09:48:42.510,3.433,5000
2020-10-23 09:48:42.510,3.433,120400
2020-10-23 09:48:42.510,3.433,4000
2020-10-23 09:48:42.510,3.433,4300
2020-10-23 09:48:42.510,3.433,1200
2020-10-23 09:48:42.510,3.433,500
2020-10-23 09:48:43.110,3.433,5900
2020-10-23 09:48:45.350,3.433,400
2020-10-23 09:48:45.350,3.433,27500
2020-10-23 09:48:45.990,3.432,700
2020-10-23 09:48:48.190,3.432,5000
2020-10-23 09:48:50.060,3.433,5200
2020-10-23 09:48:50.060,3.433,4800
2020-10-23 09:48:50.060,3.433,3000
2020-10-23 09:48:51.510,3.432,200
2020-10-23 09:48:51.670,3.432,10900
2020-10-23 09:48:51.670,3.432,4100
2020-10-23 09:48:54.260,3.432,1000
2020-10-23 09:48:55.240,3.432,500
2020-10-23 09:48:56.050,3.432,1000
2020-10-23 09:48:58.450,3.432,13200
2020-10-23 09:48:58.840,3.432,3500
2020-10-23 09:48:59.110,3.432,5000
2020-10-23 09:48:59.530,3.432,21000
2020-10-23 09:48:59.700,3.433,100
2020-10-23 09:49:00.040,3.432,80000
2020-10-23 09:49:00.800,3.433,5800
2020-10-23 09:49:01.000,3.432,8000
2020-10-23 09:49:03.090,3.432,4900
2020-10-23 09:49:03.970,3.433,2000
2020-10-23 09:49:04.030,3.432,30000
2020-10-23 09:49:04.150,3.432,500
2020-10-23 09:49:04.650,3.432,30000
2020-10-23 09:49:05.180,3.432,19500
2020-10-23 09:49:05.180,3.432,100
2020-10-23 09:49:05.180,3.432,10400
2020-10-23 09:49:05.500,3.432,9600
2020-10-23 09:49:05.500,3.432,11500
2020-10-23 09:49:06.110,3.432,4600
2020-10-23 09:49:06.670,3.431,300
2020-10-23 09:49:08.190,3.431,40000
2020-10-23 09:49:11.280,3.431,100
2020-10-23 09:49:12.800,3.432,5800
2020-10-23 09:49:16.580,3.431,4000
2020-10-23 09:49:17.100,3.431,5600
2020-10-23 09:49:17.100,3.431,4400
2020-10-23 09:49:17.580,3.431,30000
2020-10-23 09:49:18.110,3.431,27500
2020-10-23 09:49:18.190,3.431,30000
2020-10-23 09:49:18.590,3.431,3300
2020-10-23 09:49:18.590,3.431,11400
2020-10-23 09:49:18.640,3.431,500
2020-10-23 09:49:19.990,3.431,6100
2020-10-23 09:49:20.140,3.432,5000
2020-10-23 09:49:21.800,3.432,5800
2020-10-23 09:49:22.260,3.431,10000
2020-10-23 09:49:22.750,3.431,30000
2020-10-23 09:49:23.580,3.431,1000
2020-10-23 09:49:24.090,3.431,5000
2020-10-23 09:49:25.180,3.431,500
2020-10-23 09:49:26.080,3.432,200
2020-10-23 09:49:26.770,3.431,200
2020-10-23 09:49:28.710,3.431,3800
2020-10-23 09:49:29.780,3.431,1000
2020-10-23 09:49:30.650,3.431,10000
2020-10-23 09:49:30.790,3.432,10000
2020-10-23 09:49:30.790,3.432,7500
2020-10-23 09:49:30.790,3.432,6000
2020-10-23 09:49:30.790,3.432,1500
2020-10-23 09:49:30.790,3.432,3000
2020-10-23 09:49:30.790,3.432,300
2020-10-23 09:49:30.790,3.432,14900
2020-10-23 09:49:30.790,3.432,2300
2020-10-23 09:49:30.790,3.432,100
2020-10-23 09:49:30.790,3.432,100000
2020-10-23 09:49:30.790,3.432,3000
2020-10-23 09:49:30.790,3.432,300
2020-10-23 09:49:30.790,3.432,10000
2020-10-23 09:49:30.950,3.432,2900
2020-10-23 09:49:31.390,3.432,5000
2020-10-23 09:49:31.800,3.432,3000
2020-10-23 09:49:32.150,3.432,107600
2020-10-23 09:49:32.170,3.432,1500
2020-10-23 09:49:32.600,3.432,8000
2020-10-23 09:49:32.910,3.431,2000
2020-10-23 09:49:32.940,3.431,4000
2020-10-23 09:49:34.140,3.432,3000
2020-10-23 09:49:34.680,3.432,1800
2020-10-23 09:49:35.940,3.432,2500
2020-10-23 09:49:36.170,3.432,17800
2020-10-23 09:49:36.200,3.432,9000
2020-10-23 09:49:36.500,3.432,400
2020-10-23 09:49:37.000,3.432,20000
2020-10-23 09:49:37.140,3.432,2000
2020-10-23 09:49:37.450,3.432,2000
2020-10-23 09:49:37.770,3.432,53900
2020-10-23 09:49:39.070,3.432,10000
2020-10-23 09:49:40.110,3.432,5500
2020-10-23 09:49:41.770,3.432,20000
2020-10-23 09:49:42.000,3.432,900
2020-10-23 09:49:43.120,3.432,300
2020-10-23 09:49:43.370,3.433,3000
2020-10-23 09:49:43.820,3.432,3000
2020-10-23 09:49:45.520,3.432,1000
2020-10-23 09:49:46.090,3.432,1500
2020-10-23 09:49:46.140,3.432,39000
2020-10-23 09:49:46.650,3.432,30000
2020-10-23 09:49:46.710,3.432,76100
2020-10-23 09:49:46.710,3.432,5300
2020-10-23 09:49:50.220,3.432,3000
2020-10-23 09:49:51.730,3.432,5600
2020-10-23 09:49:51.730,3.432,900
2020-10-23 09:49:51.730,3.432,1800
2020-10-23 09:49:51.730,3.432,5000
2020-10-23 09:49:54.510,3.431,4000
2020-10-23 09:49:55.230,3.431,10500
2020-10-23 09:49:55.230,3.431,3000
2020-10-23 09:49:55.230,3.431,100
2020-10-23 09:49:55.230,3.431,1300
2020-10-23 09:49:58.080,3.431,9000
2020-10-23 09:49:59.990,3.431,123700
2020-10-23 09:49:59.990,3.431,176300
2020-10-23 09:50:00.300,3.431,3400
2020-10-23 09:50:00.450,3.431,3000
2020-10-23 09:50:02.080,3.432,3000
2020-10-23 09:50:02.160,3.431,600
2020-10-23 09:50:04.950,3.431,200
2020-10-23 09:50:05.160,3.431,100
2020-10-23 09:50:05.830,3.431,10000
2020-10-23 09:50:06.750,3.431,1000
2020-10-23 09:50:07.150,3.431,3000
2020-10-23 09:50:09.300,3.431,2000
2020-10-23 09:50:12.540,3.431,10000
2020-10-23 09:50:13.410,3.431,3000
2020-10-23 09:50:13.880,3.432,100
2020-10-23 09:50:13.990,3.431,41300
2020-10-23 09:50:15.110,3.431,6000
2020-10-23 09:50:16.450,3.432,300
2020-10-23 09:50:18.330,3.431,20000
2020-10-23 09:50:19.480,3.431,900
2020-10-23 09:50:20.240,3.432,5900
2020-10-23 09:50:21.440,3.432,4200
2020-10-23 09:50:21.440,3.432,100
2020-10-23 09:50:21.440,3.432,3000
2020-10-23 09:50:21.440,3.432,2000
2020-10-23 09:50:21.440,3.432,500
2020-10-23 09:50:21.440,3.432,13000
2020-10-23 09:50:21.440,3.432,200
2020-10-23 09:50:21.440,3.432,102900
2020-10-23 09:50:21.440,3.432,10000
2020-10-23 09:50:21.440,3.432,100
2020-10-23 09:50:21.610,3.432,3900
2020-10-23 09:50:21.610,3.432,300
2020-10-23 09:50:21.610,3.432,5000
2020-10-23 09:50:21.610,3.432,2000
2020-10-23 09:50:21.610,3.432,10000
2020-10-23 09:50:21.610,3.432,30000
2020-10-23 09:50:22.510,3.432,17500
2020-10-23 09:50:24.540,3.432,100
2020-10-23 09:50:26.510,3.433,11300
2020-10-23 09:50:26.510,3.433,3000
2020-10-23 09:50:26.510,3.433,1000
2020-10-23 09:50:26.510,3.433,15500
2020-10-23 09:50:26.510,3.433,2000
2020-10-23 09:50:26.510,3.433,3000
2020-10-23 09:50:26.510,3.433,10000
2020-10-23 09:50:26.510,3.433,10000
2020-10-23 09:50:26.510,3.433,2500
2020-10-23 09:50:26.510,3.433,30000
2020-10-23 09:50:26.510,3.433,5000
2020-10-23 09:50:26.510,3.433,39200
2020-10-23 09:50:26.510,3.433,100
2020-10-23 09:50:26.510,3.433,100
2020-10-23 09:50:26.510,3.433,3400
2020-10-23 09:50:26.510,3.433,1000
2020-10-23 09:50:26.510,3.433,2900
2020-10-23 09:50:26.510,3.433,10000
2020-10-23 09:50:26.510,3.433,10000
2020-10-23 09:50:26.510,3.433,10000
2020-10-23 09:50:26.510,3.433,3000
2020-10-23 09:50:26.510,3.433,10900
2020-10-23 09:50:26.510,3.433,800
2020-10-23 09:50:26.510,3.433,500
2020-10-23 09:50:29.780,3.433,32000
2020-10-23 09:50:30.470,3.433,200
2020-10-23 09:50:33.650,3.433,4400
2020-10-23 09:50:34.700,3.433,1200
2020-10-23 09:50:35.850,3.434,6000
2020-10-23 09:50:38.050,3.433,10000
2020-10-23 09:50:38.280,3.433,10000
2020-10-23 09:50:40.000,3.433,2000
2020-10-23 09:50:40.060,3.433,2000
2020-10-23 09:50:40.140,3.434,200
2020-10-23 09:50:41.440,3.433,7800
2020-10-23 09:50:41.640,3.433,3400
2020-10-23 09:50:42.890,3.433,1000
2020-10-23 09:50:43.760,3.434,894700
2020-10-23 09:50:43.760,3.434,5000
2020-10-23 09:50:43.760,3.434,300
2020-10-23 09:50:44.760,3.434,25000
2020-10-23 09:50:44.790,3.434,274700
2020-10-23 09:50:44.790,3.434,1000
2020-10-23 09:50:44.790,3.434,1000
2020-10-23 09:50:44.790,3.434,1000
2020-10-23 09:50:44.790,3.434,1000
2020-10-23 09:50:44.790,3.434,500
2020-10-23 09:50:44.790,3.434,4400
2020-10-23 09:50:44.790,3.434,2000
2020-10-23 09:50:44.790,3.434,300
2020-10-23 09:50:44.790,3.434,1500
2020-10-23 09:50:44.790,3.434,12600
2020-10-23 09:50:44.820,3.434,8800
2020-10-23 09:50:44.820,3.434,10000
2020-10-23 09:50:44.820,3.434,50000
2020-10-23 09:50:44.820,3.434,1600
2020-10-23 09:50:44.820,3.434,500
2020-10-23 09:50:44.820,3.434,5000
2020-10-23 09:50:44.820,3.434,10000
2020-10-23 09:50:44.820,3.434,10000
2020-10-23 09:50:44.820,3.434,107000
2020-10-23 09:50:44.820,3.434,300
2020-10-23 09:50:45.200,3.434,400
2020-10-23 09:50:46.150,3.434,96400
2020-10-23 09:50:46.150,3.434,251500
2020-10-23 09:50:46.460,3.434,48600
2020-10-23 09:50:46.460,3.434,151400
2020-10-23 09:50:47.260,3.434,30000
2020-10-23 09:50:47.730,3.434,30000
2020-10-23 09:50:47.730,3.434,40000
2020-10-23 09:50:47.970,3.434,300000
2020-10-23 09:50:48.270,3.434,100
2020-10-23 09:50:48.270,3.434,29900
2020-10-23 09:50:48.550,3.434,234300
2020-10-23 09:50:49.200,3.434,30000
2020-10-23 09:50:49.740,3.434,900
2020-10-23 09:50:51.860,3.435,1400
2020-10-23 09:50:51.860,3.435,1000
2020-10-23 09:50:51.860,3.435,5000
2020-10-23 09:50:51.860,3.435,2000
2020-10-23 09:50:51.860,3.435,600
2020-10-23 09:50:52.510,3.433,4000
2020-10-23 09:50:54.130,3.434,1500
2020-10-23 09:50:54.130,3.434,4300
2020-10-23 09:50:54.270,3.435,2400
2020-10-23 09:50:54.270,3.435,27600
2020-10-23 09:50:54.300,3.434,2400
2020-10-23 09:50:58.240,3.434,400
2020-10-23 09:50:58.240,3.434,100
2020-10-23 09:51:00.240,3.433,200
2020-10-23 09:51:04.250,3.434,900
2020-10-23 09:51:04.730,3.434,10100
2020-10-23 09:51:07.820,3.434,4000
2020-10-23 09:51:10.400,3.433,100
2020-10-23 09:51:15.950,3.434,5000
2020-10-23 09:51:15.950,3.434,1000
2020-10-23 09:51:15.950,3.434,6000
2020-10-23 09:51:15.950,3.434,1500
2020-10-23 09:51:15.950,3.434,18500
2020-10-23 09:51:19.330,3.433,11300
2020-10-23 09:51:19.660,3.433,15200
2020-10-23 09:51:19.660,3.433,500
2020-10-23 09:51:19.660,3.433,2000
2020-10-23 09:51:19.660,3.433,9900
2020-10-23 09:51:19.660,3.433,12400
2020-10-23 09:51:20.560,3.433,10600
2020-10-23 09:51:20.560,3.433,19400
2020-10-23 09:51:20.560,3.434,800
2020-10-23 09:51:21.170,3.433,47700
2020-10-23 09:51:21.170,3.433,2000
2020-10-23 09:51:21.260,3.433,13900
2020-10-23 09:51:22.700,3.433,2900
2020-10-23 09:51:25.430,3.433,19500
2020-10-23 09:51:25.910,3.433,300
2020-10-23 09:51:26.090,3.432,29100
2020-10-23 09:51:26.380,3.433,1000
2020-10-23 09:51:26.600,3.432,40000
2020-10-23 09:51:29.560,3.432,5000
2020-10-23 09:51:29.640,3.432,28300
2020-10-23 09:51:29.640,3.432,2300
2020-10-23 09:51:29.640,3.432,500
2020-10-23 09:51:29.640,3.432,8900
2020-10-23 09:51:29.950,3.432,21100
2020-10-23 09:51:29.950,3.432,10000
2020-10-23 09:51:29.950,3.432,18900
2020-10-23 09:51:30.130,3.433,25000
2020-10-23 09:51:33.370,3.432,5000
2020-10-23 09:51:33.790,3.432,5000
2020-10-23 09:51:33.980,3.432,1100
2020-10-23 09:51:33.980,3.432,38900
2020-10-23 09:51:34.920,3.432,1800
2020-10-23 09:51:35.310,3.432,800
2020-10-23 09:51:35.710,3.432,7300
2020-10-23 09:51:36.890,3.433,30000
2020-10-23 09:51:37.140,3.433,6600
2020-10-23 09:51:37.750,3.432,1500
2020-10-23 09:51:39.800,3.432,1300
2020-10-23 09:51:42.810,3.432,3300
2020-10-23 09:51:42.810,3.432,13900
2020-10-23 09:51:42.810,3.432,1000
2020-10-23 09:51:42.810,3.432,50000
2020-10-23 09:51:42.810,3.432,1000
2020-10-23 09:51:45.570,3.432,500
2020-10-23 09:51:46.910,3.431,26200
2020-10-23 09:51:51.260,3.431,1500
2020-10-23 09:51:52.440,3.431,400
2020-10-23 09:51:52.700,3.432,30300
2020-10-23 09:51:52.700,3.432,17100
2020-10-23 09:51:52.700,3.432,222600
2020-10-23 09:51:53.700,3.431,1000
2020-10-23 09:51:56.090,3.431,9200
2020-10-23 09:51:56.410,3.431,600
2020-10-23 09:52:01.500,3.431,10100
2020-10-23 09:52:02.390,3.432,7100
2020-10-23 09:52:02.390,3.432,12900
2020-10-23 09:52:04.940,3.431,3000
2020-10-23 09:52:05.860,3.431,3000
2020-10-23 09:52:07.120,3.431,10000
2020-10-23 09:52:07.970,3.431,15000
2020-10-23 09:52:08.980,3.431,107300
2020-10-23 09:52:18.180,3.431,1000
2020-10-23 09:52:18.810,3.431,5000
2020-10-23 09:52:22.790,3.431,200
2020-10-23 09:52:25.310,3.431,2000
2020-10-23 09:52:25.550,3.431,100
2020-10-23 09:52:26.300,3.432,100
2020-10-23 09:52:26.540,3.432,5800
2020-10-23 09:52:29.660,3.432,400
2020-10-23 09:52:31.280,3.432,7400
2020-10-23 09:52:31.610,3.431,3300
2020-10-23 09:52:31.610,3.431,1000
2020-10-23 09:52:31.610,3.431,23300
