Datetime,Price,Volume
2020-10-23 09:25:00.860,4.832,4000
2020-10-23 09:25:00.860,4.832,4000
2020-10-23 09:25:00.860,4.832,2500
2020-10-23 09:25:00.860,4.832,5000
2020-10-23 09:25:00.860,4.832,9000
2020-10-23 09:25:00.860,4.832,200
2020-10-23 09:25:00.860,4.832,200
2020-10-23 09:25:00.860,4.832,4600
2020-10-23 09:25:00.860,4.832,5800
2020-10-23 09:25:00.860,4.832,500
2020-10-23 09:25:00.860,4.832,2700
2020-10-23 09:25:00.860,4.832,5000
2020-10-23 09:25:00.860,4.832,5000
2020-10-23 09:25:00.860,4.832,1000
2020-10-23 09:25:00.860,4.832,22700
2020-10-23 09:25:00.860,4.832,13600
2020-10-23 09:25:00.860,4.832,65700
2020-10-23 09:25:00.860,4.832,10000
2020-10-23 09:25:00.860,4.832,500
2020-10-23 09:25:00.860,4.832,22000
2020-10-23 09:25:00.860,4.832,3100
2020-10-23 09:25:00.860,4.832,7000
2020-10-23 09:25:00.860,4.832,37600
2020-10-23 09:25:00.860,4.832,3000
2020-10-23 09:25:00.860,4.832,9400
2020-10-23 09:25:00.860,4.832,5500
2020-10-23 09:25:00.860,4.832,2100
2020-10-23 09:25:00.860,4.832,15000
2020-10-23 09:25:00.860,4.832,12900
2020-10-23 09:25:00.860,4.832,1900
2020-10-23 09:25:00.860,4.832,10000
2020-10-23 09:25:00.860,4.832,5200
2020-10-23 09:25:00.860,4.832,1800
2020-10-23 09:25:00.860,4.832,2000
2020-10-23 09:25:00.860,4.832,200
2020-10-23 09:25:00.860,4.832,200
2020-10-23 09:25:00.860,4.832,100
2020-10-23 09:25:00.860,4.832,200
2020-10-23 09:25:00.860,4.832,100
2020-10-23 09:25:00.860,4.832,100
2020-10-23 09:25:00.860,4.832,1000
2020-10-23 09:25:00.860,4.832,100
2020-10-23 09:25:00.860,4.832,200
2020-10-23 09:25:00.860,4.832,100
2020-10-23 09:25:00.860,4.832,100
2020-10-23 09:25:00.860,4.832,500
2020-10-23 09:25:00.860,4.832,100
2020-10-23 09:25:00.860,4.832,1200
2020-10-23 09:25:00.860,4.832,100
2020-10-23 09:25:00.860,4.832,200
2020-10-23 09:25:00.860,4.832,100
2020-10-23 09:25:00.860,4.832,100
2020-10-23 09:25:00.860,4.832,100
2020-10-23 09:25:00.860,4.832,300
2020-10-23 09:25:00.860,4.832,100
2020-10-23 09:25:00.860,4.832,1000
2020-10-23 09:25:00.860,4.832,1000
2020-10-23 09:25:00.860,4.832,3500
2020-10-23 09:25:00.860,4.832,2200
2020-10-23 09:25:00.860,4.832,2600
2020-10-23 09:25:00.860,4.832,200
2020-10-23 09:25:00.860,4.832,1300
2020-10-23 09:25:00.860,4.832,2200
2020-10-23 09:25:00.860,4.832,1000
2020-10-23 09:25:00.860,4.832,5500
2020-10-23 09:25:00.860,4.832,2000
2020-10-23 09:25:00.860,4.832,4500
2020-10-23 09:25:00.860,4.832,8000
2020-10-23 09:25:00.860,4.832,15900
2020-10-23 09:25:00.860,4.832,100
2020-10-23 09:25:00.860,4.832,200
2020-10-23 09:25:00.860,4.832,100
2020-10-23 09:25:00.860,4.832,100
2020-10-23 09:25:00.860,4.832,200
2020-10-23 09:25:00.860,4.832,1000
2020-10-23 09:25:00.860,4.832,100
2020-10-23 09:25:00.860,4.832,100
2020-10-23 09:25:00.860,4.832,100
2020-10-23 09:25:00.860,4.832,100
2020-10-23 09:25:00.860,4.832,100
2020-10-23 09:25:00.860,4.832,100
2020-10-23 09:25:00.860,4.832,100
2020-10-23 09:25:00.860,4.832,300
2020-10-23 09:25:00.860,4.832,200
2020-10-23 09:25:00.860,4.832,100
2020-10-23 09:25:00.860,4.832,400
2020-10-23 09:25:00.860,4.832,100
2020-10-23 09:25:00.860,4.832,200
2020-10-23 09:25:00.860,4.832,5700
2020-10-23 09:25:00.860,4.832,100
2020-10-23 09:25:00.860,4.832,200
2020-10-23 09:25:00.860,4.832,100
2020-10-23 09:25:00.860,4.832,200
2020-10-23 09:25:00.860,4.832,100
2020-10-23 09:25:00.860,4.832,100
2020-10-23 09:25:00.860,4.832,2100
2020-10-23 09:25:00.860,4.832,200
2020-10-23 09:25:00.860,4.832,900
2020-10-23 09:25:00.860,4.832,100
2020-10-23 09:25:00.860,4.832,100
2020-10-23 09:25:00.860,4.832,100
2020-10-23 09:25:00.860,4.832,400
2020-10-23 09:25:00.860,4.832,200
2020-10-23 09:25:00.860,4.832,100
2020-10-23 09:25:00.860,4.832,100
2020-10-23 09:25:00.860,4.832,100
2020-10-23 09:25:00.860,4.832,100
2020-10-23 09:25:00.860,4.832,200
2020-10-23 09:25:00.860,4.832,100
2020-10-23 09:25:00.860,4.832,200
2020-10-23 09:25:00.860,4.832,100
2020-10-23 09:25:00.860,4.832,100
2020-10-23 09:25:00.860,4.832,100
2020-10-23 09:25:00.860,4.832,400
2020-10-23 09:25:00.860,4.832,300
2020-10-23 09:25:00.860,4.832,100
2020-10-23 09:25:00.860,4.832,100
2020-10-23 09:25:00.860,4.832,400
2020-10-23 09:25:00.860,4.832,100
2020-10-23 09:25:00.860,4.832,100
2020-10-23 09:25:00.860,4.832,200
2020-10-23 09:25:00.860,4.832,100
2020-10-23 09:25:00.860,4.832,2000
2020-10-23 09:25:00.860,4.832,100
2020-10-23 09:25:00.860,4.832,100
2020-10-23 09:25:00.860,4.832,900
2020-10-23 09:25:00.860,4.832,8400
2020-10-23 09:25:00.860,4.832,3300
2020-10-23 09:25:00.860,4.832,100
2020-10-23 09:25:00.860,4.832,100
2020-10-23 09:25:00.860,4.832,400
2020-10-23 09:25:00.860,4.832,400
2020-10-23 09:25:00.860,4.832,300
2020-10-23 09:25:00.860,4.832,100
2020-10-23 09:25:00.860,4.832,200
2020-10-23 09:25:00.860,4.832,100
2020-10-23 09:25:00.860,4.832,100
2020-10-23 09:25:00.860,4.832,4300
2020-10-23 09:25:00.860,4.832,600
2020-10-23 09:25:00.860,4.832,2700
2020-10-23 09:25:00.860,4.832,300
2020-10-23 09:25:00.860,4.832,15000
2020-10-23 09:25:00.860,4.832,25000
2020-10-23 09:25:00.860,4.832,100
2020-10-23 09:25:00.860,4.832,200
2020-10-23 09:25:00.860,4.832,3000
2020-10-23 09:25:00.860,4.832,500
2020-10-23 09:25:00.860,4.832,700
2020-10-23 09:25:00.860,4.832,200
2020-10-23 09:25:00.860,4.832,100
2020-10-23 09:25:00.860,4.832,700
2020-10-23 09:25:00.860,4.832,100
2020-10-23 09:25:00.860,4.832,2700
2020-10-23 09:25:00.860,4.832,2300
2020-10-23 09:25:00.860,4.832,2700
2020-10-23 09:25:00.860,4.832,300
2020-10-23 09:25:00.860,4.832,2000
2020-10-23 09:25:00.860,4.832,100
2020-10-23 09:25:00.860,4.832,500
2020-10-23 09:25:00.860,4.832,3000
2020-10-23 09:25:00.860,4.832,200
2020-10-23 09:25:00.860,4.832,12800
2020-10-23 09:25:00.860,4.832,10000
2020-10-23 09:25:00.860,4.832,500
2020-10-23 09:25:00.860,4.832,600
2020-10-23 09:25:00.860,4.832,4200
2020-10-23 09:25:00.860,4.832,100
2020-10-23 09:25:00.860,4.832,500
2020-10-23 09:25:00.860,4.832,100
2020-10-23 09:25:00.860,4.832,1100
2020-10-23 09:25:00.860,4.832,100
2020-10-23 09:25:00.860,4.832,100
2020-10-23 09:25:00.860,4.832,200
2020-10-23 09:25:00.860,4.832,2200
2020-10-23 09:25:00.860,4.832,800
2020-10-23 09:25:00.860,4.832,1000
2020-10-23 09:25:00.860,4.832,3000
2020-10-23 09:25:00.860,4.832,100
2020-10-23 09:25:00.860,4.832,400
2020-10-23 09:25:00.860,4.832,900
2020-10-23 09:25:00.860,4.832,2000
2020-10-23 09:25:00.860,4.832,1000
2020-10-23 09:25:00.860,4.832,2000
2020-10-23 09:25:00.860,4.832,100
2020-10-23 09:25:00.860,4.832,700
2020-10-23 09:25:00.860,4.832,1000
2020-10-23 09:25:00.860,4.832,10000
2020-10-23 09:25:00.860,4.832,100
2020-10-23 09:25:00.860,4.832,200
2020-10-23 09:25:00.860,4.832,1000
2020-10-23 09:25:00.860,4.832,2300
2020-10-23 09:25:00.860,4.832,300
2020-10-23 09:25:00.860,4.832,5000
2020-10-23 09:25:00.860,4.832,500
2020-10-23 09:25:00.860,4.832,1500
2020-10-23 09:25:00.860,4.832,23700
2020-10-23 09:25:00.860,4.832,1300
2020-10-23 09:25:00.860,4.832,400
2020-10-23 09:25:00.860,4.832,1300
2020-10-23 09:25:00.860,4.832,11000
2020-10-23 09:25:00.860,4.832,22500
2020-10-23 09:25:00.860,4.832,15400
2020-10-23 09:25:00.860,4.832,10000
2020-10-23 09:25:00.860,4.832,10000
2020-10-23 09:25:00.860,4.832,4100
2020-10-23 09:25:00.860,4.832,4500
2020-10-23 09:25:00.860,4.832,200
2020-10-23 09:30:00.060,4.832,55800
2020-10-23 09:30:00.060,4.832,8000
2020-10-23 09:30:00.060,4.832,3000
2020-10-23 09:30:00.060,4.832,16700
2020-10-23 09:30:00.150,4.831,400
2020-10-23 09:30:00.150,4.831,5300
2020-10-23 09:30:00.150,4.831,2200
2020-10-23 09:30:00.150,4.831,2000
2020-10-23 09:30:00.150,4.831,500
2020-10-23 09:30:00.150,4.831,9600
2020-10-23 09:30:00.290,4.831,400
2020-10-23 09:30:00.290,4.831,2600
2020-10-23 09:30:00.290,4.832,20600
2020-10-23 09:30:00.290,4.832,100
2020-10-23 09:30:00.290,4.832,5000
2020-10-23 09:30:00.290,4.834,20000
2020-10-23 09:30:00.290,4.833,3800
2020-10-23 09:30:00.340,4.833,24400
2020-10-23 09:30:00.340,4.833,10000
2020-10-23 09:30:00.340,4.833,100
2020-10-23 09:30:00.410,4.833,1200
2020-10-23 09:30:00.410,4.833,5700
2020-10-23 09:30:00.500,4.833,800
2020-10-23 09:30:00.500,4.833,2000
2020-10-23 09:30:00.610,4.833,1000
2020-10-23 09:30:00.610,4.833,300
2020-10-23 09:30:00.740,4.833,100
2020-10-23 09:30:00.860,4.834,7200
2020-10-23 09:30:00.860,4.834,3000
2020-10-23 09:30:00.860,4.835,4000
2020-10-23 09:30:00.860,4.835,2000
2020-10-23 09:30:00.860,4.835,13800
2020-10-23 09:30:00.860,4.833,5000
2020-10-23 09:30:00.860,4.833,20000
2020-10-23 09:30:00.860,4.833,6000
2020-10-23 09:30:00.860,4.833,1000
2020-10-23 09:30:00.980,4.835,1000
2020-10-23 09:30:01.090,4.833,700
2020-10-23 09:30:01.090,4.833,60000
2020-10-23 09:30:01.090,4.833,5000
2020-10-23 09:30:01.090,4.833,5000
2020-10-23 09:30:01.090,4.833,1500
2020-10-23 09:30:01.200,4.833,4000
2020-10-23 09:30:01.200,4.833,50000
2020-10-23 09:30:01.200,4.834,500
2020-10-23 09:30:01.320,4.834,100
2020-10-23 09:30:01.320,4.834,100
2020-10-23 09:30:01.440,4.834,80000
2020-10-23 09:30:01.790,4.834,190000
2020-10-23 09:30:01.790,4.835,1800
2020-10-23 09:30:01.790,4.834,5000
2020-10-23 09:30:01.920,4.834,5000
2020-10-23 09:30:01.920,4.835,10000
2020-10-23 09:30:02.040,4.834,4600
2020-10-23 09:30:02.040,4.835,40400
2020-10-23 09:30:02.040,4.835,3000
2020-10-23 09:30:02.040,4.836,300
2020-10-23 09:30:02.040,4.836,3000
2020-10-23 09:30:02.040,4.836,5000
2020-10-23 09:30:02.040,4.836,6000
2020-10-23 09:30:02.150,4.836,5100
2020-10-23 09:30:02.150,4.836,2400
2020-10-23 09:30:02.270,4.837,5000
2020-10-23 09:30:02.270,4.837,2000
2020-10-23 09:30:02.270,4.837,3000
2020-10-23 09:30:02.270,4.837,3000
2020-10-23 09:30:02.270,4.838,1700
2020-10-23 09:30:02.270,4.838,3800
2020-10-23 09:30:02.270,4.838,20900
2020-10-23 09:30:02.270,4.838,10100
2020-10-23 09:30:02.270,4.838,3700
2020-10-23 09:30:02.270,4.838,68900
2020-10-23 09:30:02.270,4.838,100
2020-10-23 09:30:02.270,4.838,10000
2020-10-23 09:30:02.270,4.838,800
2020-10-23 09:30:02.270,4.839,20000
2020-10-23 09:30:02.270,4.839,1500
2020-10-23 09:30:02.270,4.839,2000
2020-10-23 09:30:02.270,4.839,100
2020-10-23 09:30:02.410,4.839,1500
2020-10-23 09:30:02.470,4.839,100
2020-10-23 09:30:02.470,4.839,500
2020-10-23 09:30:02.470,4.839,500
2020-10-23 09:30:02.580,4.839,40000
2020-10-23 09:30:02.580,4.839,1000
2020-10-23 09:30:02.580,4.839,100
2020-10-23 09:30:02.580,4.839,100
2020-10-23 09:30:02.710,4.839,100
2020-10-23 09:30:02.830,4.837,10000
2020-10-23 09:30:02.950,4.837,10000
2020-10-23 09:30:02.950,4.837,1000
2020-10-23 09:30:03.070,4.837,2600
2020-10-23 09:30:03.140,4.837,2000
2020-10-23 09:30:03.140,4.837,1000
2020-10-23 09:30:03.140,4.84,100
2020-10-23 09:30:03.140,4.837,3400
2020-10-23 09:30:03.140,4.836,600
2020-10-23 09:30:03.310,4.836,2000
2020-10-23 09:30:03.310,4.836,80000
2020-10-23 09:30:03.310,4.836,1000
2020-10-23 09:30:03.310,4.836,100
2020-10-23 09:30:03.310,4.836,4000
2020-10-23 09:30:03.470,4.836,2200
2020-10-23 09:30:03.550,4.836,100
2020-10-23 09:30:03.640,4.836,10000
2020-10-23 09:30:03.640,4.836,10000
2020-10-23 09:30:03.680,4.836,600
2020-10-23 09:30:03.730,4.836,2000
2020-10-23 09:30:04.060,4.84,2400
2020-10-23 09:30:04.060,4.84,2000
2020-10-23 09:30:04.060,4.84,12600
2020-10-23 09:30:04.060,4.84,400
2020-10-23 09:30:04.060,4.84,900
2020-10-23 09:30:04.060,4.84,30000
2020-10-23 09:30:04.060,4.84,3000
2020-10-23 09:30:04.060,4.84,20000
2020-10-23 09:30:04.060,4.84,3000
2020-10-23 09:30:04.060,4.84,4000
2020-10-23 09:30:04.200,4.84,1000
2020-10-23 09:30:04.200,4.84,100
2020-10-23 09:30:04.270,4.84,2000
2020-10-23 09:30:04.360,4.84,3700
2020-10-23 09:30:04.400,4.84,1000
2020-10-23 09:30:04.670,4.84,7000
2020-10-23 09:30:04.770,4.84,500
2020-10-23 09:30:04.930,4.841,100
2020-10-23 09:30:04.930,4.841,1100
2020-10-23 09:30:06.070,4.839,500
2020-10-23 09:30:06.360,4.841,7300
2020-10-23 09:30:06.360,4.841,100
2020-10-23 09:30:06.360,4.841,100
2020-10-23 09:30:06.360,4.841,200
2020-10-23 09:30:06.360,4.841,400
2020-10-23 09:30:06.360,4.841,100
2020-10-23 09:30:06.360,4.841,11800
2020-10-23 09:30:09.710,4.84,1000
2020-10-23 09:30:16.530,4.841,2500
2020-10-23 09:30:17.370,4.84,5000
2020-10-23 09:30:17.810,4.839,4000
2020-10-23 09:30:18.990,4.84,100
2020-10-23 09:30:20.890,4.84,4900
2020-10-23 09:30:20.920,4.84,1500
2020-10-23 09:30:21.710,4.84,25000
2020-10-23 09:30:21.810,4.84,4000
2020-10-23 09:30:22.530,4.841,10000
2020-10-23 09:30:22.990,4.84,20000
2020-10-23 09:30:23.080,4.841,12100
2020-10-23 09:30:23.080,4.841,300
2020-10-23 09:30:23.080,4.841,200
2020-10-23 09:30:23.080,4.841,200
2020-10-23 09:30:23.080,4.841,100
2020-10-23 09:30:23.080,4.841,18100
2020-10-23 09:30:24.850,4.84,15000
2020-10-23 09:30:25.830,4.841,2900
2020-10-23 09:30:25.830,4.841,10000
2020-10-23 09:30:25.830,4.841,500
2020-10-23 09:30:25.830,4.841,1000
2020-10-23 09:30:25.830,4.841,30000
2020-10-23 09:30:25.830,4.841,24000
2020-10-23 09:30:25.830,4.841,500
2020-10-23 09:30:27.000,4.841,40000
2020-10-23 09:30:27.160,4.841,3000
2020-10-23 09:30:27.750,4.841,500
2020-10-23 09:30:27.980,4.841,500
2020-10-23 09:30:27.980,4.842,3900
2020-10-23 09:30:27.980,4.842,6800
2020-10-23 09:30:27.980,4.842,600
2020-10-23 09:30:27.980,4.842,100
2020-10-23 09:30:27.980,4.842,100000
2020-10-23 09:30:27.980,4.842,300
2020-10-23 09:30:27.980,4.842,1300
2020-10-23 09:30:27.980,4.842,300000
2020-10-23 09:30:27.980,4.842,200
2020-10-23 09:30:27.980,4.842,4500
2020-10-23 09:30:27.980,4.842,200
2020-10-23 09:30:27.980,4.842,300
2020-10-23 09:30:27.980,4.842,200
2020-10-23 09:30:27.980,4.842,100
2020-10-23 09:30:27.980,4.842,1000
2020-10-23 09:30:27.980,4.842,100
2020-10-23 09:30:27.980,4.842,5000
2020-10-23 09:30:27.980,4.842,100
2020-10-23 09:30:27.980,4.842,5000
2020-10-23 09:30:27.980,4.842,1000
2020-10-23 09:30:27.980,4.842,1100
2020-10-23 09:30:27.980,4.842,3000
2020-10-23 09:30:27.980,4.842,100
2020-10-23 09:30:27.980,4.842,200
2020-10-23 09:30:28.160,4.842,5000
2020-10-23 09:30:31.720,4.842,1000
2020-10-23 09:30:32.450,4.842,23700
2020-10-23 09:30:32.570,4.842,30000
2020-10-23 09:30:32.980,4.843,10000
2020-10-23 09:30:33.420,4.843,5000
2020-10-23 09:30:33.420,4.843,100
2020-10-23 09:30:33.420,4.843,7900
2020-10-23 09:30:33.830,4.842,300
2020-10-23 09:30:34.420,4.842,1000
2020-10-23 09:30:35.610,4.843,2100
2020-10-23 09:30:35.610,4.843,1500
2020-10-23 09:30:35.820,4.843,19900
2020-10-23 09:30:36.890,4.843,5000
2020-10-23 09:30:37.210,4.843,2700
2020-10-23 09:30:37.240,4.843,10000
2020-10-23 09:30:37.240,4.843,20000
2020-10-23 09:30:38.500,4.843,1700
2020-10-23 09:30:39.240,4.843,40000
2020-10-23 09:30:39.240,4.843,50000
2020-10-23 09:30:39.770,4.843,2700
2020-10-23 09:30:42.530,4.843,500
2020-10-23 09:30:42.780,4.843,7000
2020-10-23 09:30:44.770,4.843,2000
2020-10-23 09:30:45.480,4.843,5000
2020-10-23 09:30:45.590,4.843,8000
2020-10-23 09:30:46.510,4.843,4000
2020-10-23 09:30:46.660,4.844,100000
2020-10-23 09:30:46.660,4.844,14200
2020-10-23 09:30:47.050,4.843,59800
2020-10-23 09:30:47.050,4.843,10500
2020-10-23 09:30:47.050,4.843,100000
2020-10-23 09:30:47.370,4.843,25000
2020-10-23 09:30:47.500,4.842,33000
2020-10-23 09:30:47.910,4.843,1000
2020-10-23 09:30:48.300,4.843,40000
2020-10-23 09:30:49.790,4.842,1000
2020-10-23 09:30:51.100,4.842,7700
2020-10-23 09:30:51.370,4.842,10800
2020-10-23 09:30:52.220,4.843,5000
2020-10-23 09:30:52.730,4.843,1000
2020-10-23 09:30:55.000,4.842,1000
2020-10-23 09:30:56.310,4.842,5000
2020-10-23 09:30:56.680,4.842,10000
2020-10-23 09:30:58.200,4.842,30000
2020-10-23 09:30:58.830,4.843,1200
2020-10-23 09:30:59.230,4.842,5000
2020-10-23 09:30:59.230,4.842,1000
2020-10-23 09:30:59.290,4.842,300
2020-10-23 09:30:59.720,4.842,25200
2020-10-23 09:30:59.720,4.842,200
2020-10-23 09:30:59.980,4.841,500
2020-10-23 09:30:59.980,4.841,100
2020-10-23 09:30:59.980,4.841,200
2020-10-23 09:31:01.820,4.841,4200
2020-10-23 09:31:03.700,4.842,4600
2020-10-23 09:31:03.700,4.842,1000
2020-10-23 09:31:03.700,4.842,1000
2020-10-23 09:31:03.700,4.842,10000
2020-10-23 09:31:03.700,4.842,3400
2020-10-23 09:31:04.170,4.841,10000
2020-10-23 09:31:04.170,4.841,11100
2020-10-23 09:31:04.700,4.842,100000
2020-10-23 09:31:04.730,4.842,100000
2020-10-23 09:31:04.730,4.842,70000
2020-10-23 09:31:04.730,4.842,100000
2020-10-23 09:31:05.020,4.842,25500
2020-10-23 09:31:05.020,4.842,2500
2020-10-23 09:31:05.020,4.842,4000
2020-10-23 09:31:05.020,4.842,5000
2020-10-23 09:31:05.020,4.842,15000
2020-10-23 09:31:05.020,4.842,21000
2020-10-23 09:31:05.020,4.842,20000
2020-10-23 09:31:05.020,4.842,100
2020-10-23 09:31:05.110,4.842,900
2020-10-23 09:31:05.770,4.842,20000
2020-10-23 09:31:05.890,4.843,15000
2020-10-23 09:31:05.890,4.843,100
2020-10-23 09:31:05.890,4.843,500
2020-10-23 09:31:05.890,4.843,5700
2020-10-23 09:31:05.890,4.843,2000
2020-10-23 09:31:05.890,4.843,9700
2020-10-23 09:31:06.830,4.843,700
2020-10-23 09:31:07.660,4.842,1000
2020-10-23 09:31:07.720,4.843,25000
2020-10-23 09:31:07.720,4.843,20000
2020-10-23 09:31:07.720,4.843,1000
2020-10-23 09:31:07.720,4.843,7000
2020-10-23 09:31:07.720,4.843,47000
2020-10-23 09:31:07.920,4.843,24300
2020-10-23 09:31:07.920,4.843,5000
2020-10-23 09:31:07.920,4.843,2000
2020-10-23 09:31:07.920,4.843,1000
2020-10-23 09:31:07.920,4.843,2000
2020-10-23 09:31:07.920,4.844,35700
2020-10-23 09:31:10.100,4.843,1000
2020-10-23 09:31:10.460,4.843,500
2020-10-23 09:31:10.620,4.843,1000
2020-10-23 09:31:10.620,4.843,1000
2020-10-23 09:31:11.320,4.843,100
2020-10-23 09:31:11.490,4.843,110600
2020-10-23 09:31:11.490,4.843,5000
2020-10-23 09:31:11.490,4.842,5000
2020-10-23 09:31:12.110,4.842,10000
2020-10-23 09:31:13.690,4.842,10000
2020-10-23 09:31:14.020,4.842,800
2020-10-23 09:31:15.180,4.842,100
2020-10-23 09:31:15.950,4.841,1000
2020-10-23 09:31:16.060,4.842,100
2020-10-23 09:31:16.770,4.842,20000
2020-10-23 09:31:16.770,4.842,80000
2020-10-23 09:31:16.770,4.842,100
2020-10-23 09:31:16.950,4.842,100
2020-10-23 09:31:17.040,4.842,85200
2020-10-23 09:31:17.040,4.842,50000
2020-10-23 09:31:17.040,4.842,2300
2020-10-23 09:31:17.040,4.842,2500
2020-10-23 09:31:17.620,4.842,10400
2020-10-23 09:31:17.830,4.842,500
2020-10-23 09:31:17.890,4.842,1000
2020-10-23 09:31:17.890,4.842,1000
2020-10-23 09:31:18.630,4.843,11000
2020-10-23 09:31:18.860,4.843,6000
2020-10-23 09:31:20.210,4.842,100000
2020-10-23 09:31:20.240,4.842,1000
2020-10-23 09:31:20.450,4.842,5000
2020-10-23 09:31:20.950,4.842,5000
2020-10-23 09:31:21.380,4.842,100
2020-10-23 09:31:22.020,4.842,2000
2020-10-23 09:31:23.200,4.843,3000
2020-10-23 09:31:23.540,4.842,10000
2020-10-23 09:31:23.900,4.842,1000
2020-10-23 09:31:25.280,4.842,1000
2020-10-23 09:31:26.560,4.842,3700
2020-10-23 09:31:28.430,4.842,200
2020-10-23 09:31:30.240,4.843,10000
2020-10-23 09:31:31.220,4.843,500
2020-10-23 09:31:31.840,4.843,1100
2020-10-23 09:31:33.270,4.842,2000
2020-10-23 09:31:33.800,4.842,200
2020-10-23 09:31:35.090,4.843,1000
2020-10-23 09:31:36.110,4.843,800
2020-10-23 09:31:37.300,4.842,30000
2020-10-23 09:31:37.390,4.843,100
2020-10-23 09:31:38.410,4.842,12500
2020-10-23 09:31:39.230,4.843,26100
2020-10-23 09:31:39.230,4.843,2000
2020-10-23 09:31:39.230,4.843,100
2020-10-23 09:31:39.230,4.843,1000
2020-10-23 09:31:39.230,4.843,8900
2020-10-23 09:31:39.230,4.843,1900
2020-10-23 09:31:39.410,4.842,1000
2020-10-23 09:31:39.440,4.842,400
2020-10-23 09:31:39.660,4.842,100
2020-10-23 09:31:40.260,4.843,3100
2020-10-23 09:31:40.260,4.843,7100
2020-10-23 09:31:40.260,4.843,7000
2020-10-23 09:31:40.260,4.843,1100
2020-10-23 09:31:40.260,4.843,20000
2020-10-23 09:31:40.260,4.843,300
2020-10-23 09:31:40.260,4.843,57100
2020-10-23 09:31:40.260,4.843,1000
2020-10-23 09:31:40.260,4.843,2000
2020-10-23 09:31:40.260,4.843,1300
2020-10-23 09:31:40.290,4.843,200
2020-10-23 09:31:40.290,4.843,3800
2020-10-23 09:31:40.290,4.843,89400
2020-10-23 09:31:42.430,4.843,6000
2020-10-23 09:31:42.960,4.843,9000
2020-10-23 09:31:43.350,4.843,1400
2020-10-23 09:31:43.780,4.843,1000
2020-10-23 09:31:43.810,4.843,40000
2020-10-23 09:31:44.290,4.843,20300
2020-10-23 09:31:44.490,4.843,10700
2020-10-23 09:31:46.170,4.843,6300
2020-10-23 09:31:46.430,4.843,10000
2020-10-23 09:31:46.560,4.843,5500
2020-10-23 09:31:46.850,4.843,50000
2020-10-23 09:31:48.260,4.844,50100
2020-10-23 09:31:48.260,4.844,100
2020-10-23 09:31:48.260,4.844,1700
2020-10-23 09:31:48.260,4.844,200
2020-10-23 09:31:48.260,4.844,1100
2020-10-23 09:31:48.260,4.844,10000
2020-10-23 09:31:48.260,4.844,14000
2020-10-23 09:31:48.260,4.844,22800
2020-10-23 09:31:51.650,4.843,10000
2020-10-23 09:31:51.830,4.844,4400
2020-10-23 09:31:51.830,4.844,15000
2020-10-23 09:31:51.830,4.844,300
2020-10-23 09:31:51.830,4.844,500
2020-10-23 09:31:51.830,4.844,300
2020-10-23 09:31:52.580,4.843,36400
2020-10-23 09:31:52.580,4.843,5000
2020-10-23 09:31:52.580,4.843,1700
2020-10-23 09:31:52.580,4.843,300
2020-10-23 09:31:52.580,4.843,500
2020-10-23 09:31:52.580,4.843,300
2020-10-23 09:31:52.580,4.843,5800
2020-10-23 09:31:53.680,4.844,2100
2020-10-23 09:31:53.680,4.843,1500
2020-10-23 09:31:54.760,4.843,2000
2020-10-23 09:31:54.890,4.843,700
2020-10-23 09:31:54.890,4.843,700
2020-10-23 09:31:54.890,4.843,400
2020-10-23 09:31:57.520,4.843,600
2020-10-23 09:31:57.580,4.843,600
2020-10-23 09:31:57.580,4.843,4000
2020-10-23 09:31:58.250,4.843,1000
2020-10-23 09:31:58.250,4.843,500
2020-10-23 09:31:58.690,4.843,1500
2020-10-23 09:31:58.690,4.843,18500
2020-10-23 09:31:59.950,4.843,3000
2020-10-23 09:32:00.070,4.843,900
2020-10-23 09:32:01.070,4.843,1000
2020-10-23 09:32:01.300,4.843,6600
2020-10-23 09:32:01.300,4.843,5000
2020-10-23 09:32:01.300,4.843,3000
2020-10-23 09:32:01.300,4.843,2000
2020-10-23 09:32:01.300,4.843,10000
2020-10-23 09:32:01.350,4.844,200
2020-10-23 09:32:02.660,4.844,300
2020-10-23 09:32:03.670,4.843,500
2020-10-23 09:32:04.350,4.844,200
2020-10-23 09:32:04.350,4.843,1000
2020-10-23 09:32:04.860,4.843,7500
2020-10-23 09:32:05.270,4.843,100
2020-10-23 09:32:06.050,4.843,39300
2020-10-23 09:32:06.370,4.843,5000
2020-10-23 09:32:06.900,4.843,4600
2020-10-23 09:32:07.680,4.843,5400
2020-10-23 09:32:07.680,4.843,4600
2020-10-23 09:32:08.990,4.843,6000
2020-10-23 09:32:08.990,4.843,1000
2020-10-23 09:32:08.990,4.843,100
2020-10-23 09:32:08.990,4.843,1900
2020-10-23 09:32:09.760,4.843,400
2020-10-23 09:32:10.580,4.843,2000
2020-10-23 09:32:10.610,4.843,200
2020-10-23 09:32:10.730,4.843,100000
2020-10-23 09:32:10.780,4.843,50000
2020-10-23 09:32:11.730,4.843,5800
2020-10-23 09:32:12.940,4.843,30000
2020-10-23 09:32:13.680,4.843,9700
2020-10-23 09:32:13.680,4.843,1100
2020-10-23 09:32:13.680,4.843,19200
2020-10-23 09:32:15.760,4.843,400
2020-10-23 09:32:16.490,4.843,400
2020-10-23 09:32:16.490,4.843,600
2020-10-23 09:32:16.690,4.843,4400
2020-10-23 09:32:16.690,4.843,5000
2020-10-23 09:32:16.690,4.843,900
2020-10-23 09:32:16.690,4.843,9700
2020-10-23 09:32:16.840,4.843,300
2020-10-23 09:32:16.840,4.843,5000
2020-10-23 09:32:18.680,4.843,5000
2020-10-23 09:32:18.680,4.843,5000
2020-10-23 09:32:19.500,4.843,400
2020-10-23 09:32:19.500,4.842,4600
2020-10-23 09:32:19.590,4.842,151000
2020-10-23 09:32:19.590,4.842,2000
2020-10-23 09:32:19.590,4.842,100
2020-10-23 09:32:19.590,4.842,1200
2020-10-23 09:32:19.590,4.842,1000
2020-10-23 09:32:19.590,4.842,1000
2020-10-23 09:32:19.590,4.842,20000
2020-10-23 09:32:19.590,4.842,25400
2020-10-23 09:32:19.590,4.842,10000
2020-10-23 09:32:19.590,4.842,288300
2020-10-23 09:32:19.590,4.842,311700
2020-10-23 09:32:19.590,4.842,188300
2020-10-23 09:32:19.620,4.842,70400
2020-10-23 09:32:19.710,4.844,10000
2020-10-23 09:32:20.250,4.844,24400
2020-10-23 09:32:20.250,4.844,1000
2020-10-23 09:32:20.250,4.844,100
2020-10-23 09:32:20.250,4.844,44500
2020-10-23 09:32:21.240,4.843,1000
2020-10-23 09:32:22.350,4.843,9000
2020-10-23 09:32:22.350,4.843,1000
2020-10-23 09:32:22.730,4.843,3000
2020-10-23 09:32:23.210,4.843,6000
2020-10-23 09:32:24.250,4.842,10000
2020-10-23 09:32:24.250,4.842,500
2020-10-23 09:32:25.300,4.842,10000
2020-10-23 09:32:25.570,4.842,2600
2020-10-23 09:32:25.690,4.842,100000
2020-10-23 09:32:25.740,4.842,20000
2020-10-23 09:32:26.090,4.842,1000
2020-10-23 09:32:26.210,4.842,10000
2020-10-23 09:32:26.980,4.842,100
2020-10-23 09:32:27.010,4.842,6000
2020-10-23 09:32:27.300,4.842,5000
2020-10-23 09:32:27.580,4.842,2000
2020-10-23 09:32:27.640,4.842,2000
2020-10-23 09:32:28.710,4.842,1500
2020-10-23 09:32:28.710,4.842,28500
2020-10-23 09:32:28.770,4.842,100000
2020-10-23 09:32:28.770,4.842,30000
2020-10-23 09:32:29.550,4.842,500
2020-10-23 09:32:29.910,4.842,1000
2020-10-23 09:32:30.000,4.841,14000
2020-10-23 09:32:30.000,4.841,4500
2020-10-23 09:32:30.000,4.841,100
2020-10-23 09:32:30.000,4.841,10000
2020-10-23 09:32:30.000,4.841,4400
2020-10-23 09:32:31.710,4.842,39400
2020-10-23 09:32:31.710,4.842,20600
2020-10-23 09:32:31.730,4.842,100000
2020-10-23 09:32:31.730,4.842,70000
2020-10-23 09:32:31.910,4.842,1000
2020-10-23 09:32:32.810,4.842,5000
2020-10-23 09:32:34.700,4.842,40000
2020-10-23 09:32:35.380,4.841,16800
2020-10-23 09:32:36.210,4.842,1000
2020-10-23 09:32:36.210,4.842,12100
2020-10-23 09:32:36.210,4.842,7200
2020-10-23 09:32:36.210,4.842,280700
2020-10-23 09:32:37.010,4.842,1000
2020-10-23 09:32:37.360,4.842,10000
2020-10-23 09:32:37.680,4.842,70000
2020-10-23 09:32:39.230,4.841,100000
2020-10-23 09:32:39.260,4.842,10000
2020-10-23 09:32:39.790,4.842,100
2020-10-23 09:32:39.910,4.841,50000
2020-10-23 09:32:40.200,4.842,10000
2020-10-23 09:32:40.690,4.843,9800
2020-10-23 09:32:40.690,4.843,10000
2020-10-23 09:32:40.690,4.843,20000
2020-10-23 09:32:40.690,4.843,2300
2020-10-23 09:32:40.690,4.843,1000
2020-10-23 09:32:40.690,4.843,16900
2020-10-23 09:32:40.690,4.843,50000
2020-10-23 09:32:40.690,4.843,20000
2020-10-23 09:32:40.690,4.843,80000
2020-10-23 09:32:40.690,4.843,70000
2020-10-23 09:32:41.840,4.842,200
2020-10-23 09:32:42.010,4.842,2100
2020-10-23 09:32:43.700,4.842,2700
2020-10-23 09:32:43.700,4.842,7300
2020-10-23 09:32:46.380,4.841,1000
2020-10-23 09:32:49.670,4.842,1100
2020-10-23 09:32:49.810,4.842,1500
2020-10-23 09:32:49.810,4.842,4500
2020-10-23 09:32:49.810,4.842,2000
2020-10-23 09:32:49.810,4.842,2000
2020-10-23 09:32:49.840,4.842,100000
2020-10-23 09:32:49.840,4.842,30000
2020-10-23 09:32:49.840,4.842,20000
2020-10-23 09:32:49.840,4.842,80000
2020-10-23 09:32:50.090,4.841,500
2020-10-23 09:32:50.150,4.842,1800
2020-10-23 09:32:50.920,4.841,27300
2020-10-23 09:32:50.920,4.841,2800
2020-10-23 09:32:50.920,4.841,30000
2020-10-23 09:32:50.920,4.841,200
2020-10-23 09:32:50.920,4.841,10000
2020-10-23 09:32:51.060,4.841,500
2020-10-23 09:32:51.650,4.841,10000
2020-10-23 09:32:52.190,4.841,10000
2020-10-23 09:32:52.330,4.841,79200
2020-10-23 09:32:52.640,4.842,10000
2020-10-23 09:32:52.800,4.842,40000
2020-10-23 09:32:52.930,4.841,500
2020-10-23 09:32:54.550,4.842,16200
2020-10-23 09:32:54.550,4.842,3500
2020-10-23 09:32:54.550,4.842,1000
2020-10-23 09:32:54.550,4.843,63100
2020-10-23 09:32:54.550,4.843,10700
2020-10-23 09:32:54.550,4.843,500
2020-10-23 09:32:54.550,4.843,1000
2020-10-23 09:32:54.550,4.843,3000
2020-10-23 09:32:54.550,4.843,10000
2020-10-23 09:32:54.550,4.843,300
2020-10-23 09:32:54.550,4.843,100
2020-10-23 09:32:54.550,4.843,3600
2020-10-23 09:32:55.030,4.843,1000
2020-10-23 09:32:55.290,4.843,100000
2020-10-23 09:32:59.280,4.844,44900
2020-10-23 09:32:59.280,4.844,2800
2020-10-23 09:32:59.280,4.844,2700
2020-10-23 09:32:59.280,4.844,2100
2020-10-23 09:32:59.280,4.844,4400
2020-10-23 09:32:59.280,4.844,37500
2020-10-23 09:32:59.280,4.844,1500
2020-10-23 09:32:59.280,4.844,4100
2020-10-23 09:32:59.980,4.843,3000
2020-10-23 09:33:00.610,4.843,13400
2020-10-23 09:33:00.730,4.844,2900
2020-10-23 09:33:00.730,4.844,4200
2020-10-23 09:33:00.730,4.844,12900
2020-10-23 09:33:01.020,4.843,300
2020-10-23 09:33:02.650,4.843,5000
2020-10-23 09:33:02.860,4.843,2000
2020-10-23 09:33:04.120,4.843,1000
2020-10-23 09:33:04.960,4.843,100
2020-10-23 09:33:05.420,4.844,9100
2020-10-23 09:33:05.420,4.844,20900
2020-10-23 09:33:05.990,4.843,100
2020-10-23 09:33:06.510,4.843,400
2020-10-23 09:33:07.440,4.844,4100
2020-10-23 09:33:07.560,4.844,200
2020-10-23 09:33:07.580,4.843,700
2020-10-23 09:33:07.640,4.843,1900
2020-10-23 09:33:07.790,4.843,600
2020-10-23 09:33:07.910,4.844,9800
2020-10-23 09:33:07.910,4.844,800
2020-10-23 09:33:08.270,4.843,7000
2020-10-23 09:33:08.410,4.844,3200
2020-10-23 09:33:08.410,4.844,5000
2020-10-23 09:33:08.410,4.844,21800
2020-10-23 09:33:10.080,4.844,11300
2020-10-23 09:33:11.390,4.843,2000
2020-10-23 09:33:11.420,4.844,4400
2020-10-23 09:33:11.420,4.844,55600
2020-10-23 09:33:11.420,4.844,80000
2020-10-23 09:33:11.420,4.844,60000
2020-10-23 09:33:11.540,4.843,48500
2020-10-23 09:33:11.540,4.843,1800
2020-10-23 09:33:11.540,4.843,100
2020-10-23 09:33:12.210,4.843,600
2020-10-23 09:33:12.430,4.843,600
2020-10-23 09:33:13.070,4.843,300
2020-10-23 09:33:13.490,4.843,700
2020-10-23 09:33:14.430,4.843,40000
2020-10-23 09:33:16.960,4.842,800
2020-10-23 09:33:16.960,4.842,9200
2020-10-23 09:33:17.020,4.843,7400
2020-10-23 09:33:17.020,4.843,7000
2020-10-23 09:33:17.020,4.843,23900
2020-10-23 09:33:17.230,4.843,26100
2020-10-23 09:33:17.610,4.844,3000
2020-10-23 09:33:19.010,4.844,500
2020-10-23 09:33:20.580,4.844,1000
2020-10-23 09:33:22.380,4.843,23900
2020-10-23 09:33:22.380,4.843,6100
2020-10-23 09:33:22.700,4.844,500
2020-10-23 09:33:23.410,4.844,52800
2020-10-23 09:33:23.410,4.844,20000
2020-10-23 09:33:23.410,4.844,1100
2020-10-23 09:33:23.410,4.844,300
2020-10-23 09:33:23.410,4.844,50000
2020-10-23 09:33:23.410,4.844,3500
2020-10-23 09:33:25.100,4.844,2700
2020-10-23 09:33:26.090,4.844,700
2020-10-23 09:33:26.300,4.844,3000
2020-10-23 09:33:27.500,4.844,6700
2020-10-23 09:33:27.530,4.844,3000
2020-10-23 09:33:28.960,4.844,500
2020-10-23 09:33:29.170,4.845,100
2020-10-23 09:33:29.170,4.845,1000
2020-10-23 09:33:29.170,4.845,1900
2020-10-23 09:33:29.170,4.845,1000
2020-10-23 09:33:29.170,4.845,4000
2020-10-23 09:33:29.170,4.845,2000
2020-10-23 09:33:29.650,4.844,5000
2020-10-23 09:33:31.080,4.844,200
2020-10-23 09:33:31.680,4.845,1000
2020-10-23 09:33:31.680,4.845,100
2020-10-23 09:33:31.680,4.845,15000
2020-10-23 09:33:31.680,4.845,4000
2020-10-23 09:33:31.680,4.845,3500
2020-10-23 09:33:31.680,4.845,4000
2020-10-23 09:33:31.680,4.845,3000
2020-10-23 09:33:31.680,4.845,1000
2020-10-23 09:33:31.680,4.845,3000
2020-10-23 09:33:31.680,4.845,2000
2020-10-23 09:33:31.680,4.845,3400
2020-10-23 09:33:33.750,4.845,16600
2020-10-23 09:33:33.750,4.845,2500
2020-10-23 09:33:33.750,4.845,13000
2020-10-23 09:33:33.750,4.845,1000
2020-10-23 09:33:33.750,4.845,1000
2020-10-23 09:33:33.750,4.845,3600
2020-10-23 09:33:33.750,4.845,6400
2020-10-23 09:33:34.190,4.844,100
2020-10-23 09:33:34.190,4.845,1000
2020-10-23 09:33:34.420,4.844,7000
2020-10-23 09:33:34.920,4.844,143400
2020-10-23 09:33:34.920,4.844,10300
2020-10-23 09:33:34.920,4.844,200
2020-10-23 09:33:34.920,4.844,2000
2020-10-23 09:33:36.290,4.844,100
2020-10-23 09:33:36.710,4.844,20000
2020-10-23 09:33:36.900,4.844,20600
2020-10-23 09:33:38.480,4.843,3100
2020-10-23 09:33:38.480,4.843,6000
2020-10-23 09:33:38.480,4.843,1000
2020-10-23 09:33:38.480,4.843,100
2020-10-23 09:33:38.480,4.843,200
2020-10-23 09:33:38.480,4.843,100
2020-10-23 09:33:38.480,4.843,1800
2020-10-23 09:33:38.480,4.843,6200
2020-10-23 09:33:38.480,4.843,1000
2020-10-23 09:33:38.940,4.843,1000
2020-10-23 09:33:40.340,4.843,500
2020-10-23 09:33:41.040,4.843,6200
2020-10-23 09:33:41.270,4.842,1300
2020-10-23 09:33:41.270,4.842,300
2020-10-23 09:33:41.970,4.843,200
2020-10-23 09:33:42.320,4.842,2200
2020-10-23 09:33:42.320,4.842,1400
2020-10-23 09:33:42.990,4.843,100
2020-10-23 09:33:43.700,4.842,600
2020-10-23 09:33:43.700,4.842,900
2020-10-23 09:33:43.700,4.842,500
2020-10-23 09:33:43.700,4.842,100
2020-10-23 09:33:43.700,4.842,3000
2020-10-23 09:33:43.700,4.842,2200
2020-10-23 09:33:43.760,4.842,800
2020-10-23 09:33:45.050,4.842,3000
2020-10-23 09:33:46.570,4.842,100
2020-10-23 09:33:47.340,4.842,5000
2020-10-23 09:33:47.620,4.842,5000
2020-10-23 09:33:48.280,4.842,10000
2020-10-23 09:33:49.170,4.841,5000
2020-10-23 09:33:50.050,4.841,15300
2020-10-23 09:33:50.050,4.841,1800
2020-10-23 09:33:50.050,4.841,2000
2020-10-23 09:33:50.050,4.841,1000
2020-10-23 09:33:50.050,4.841,30000
2020-10-23 09:33:50.050,4.841,500
2020-10-23 09:33:50.740,4.841,20000
2020-10-23 09:33:50.790,4.841,100
2020-10-23 09:33:51.570,4.841,100
2020-10-23 09:33:51.630,4.841,400
2020-10-23 09:33:52.050,4.841,25900
2020-10-23 09:33:52.640,4.841,100
2020-10-23 09:33:54.800,4.84,200
2020-10-23 09:33:56.010,4.841,2800
2020-10-23 09:33:56.010,4.841,600
2020-10-23 09:33:56.010,4.841,6600
2020-10-23 09:33:56.060,4.841,3400
2020-10-23 09:33:56.520,4.841,6600
2020-10-23 09:33:56.560,4.841,500
2020-10-23 09:33:57.440,4.841,2900
2020-10-23 09:33:57.440,4.841,1000
2020-10-23 09:33:57.440,4.842,6100
2020-10-23 09:33:59.080,4.842,1000
2020-10-23 09:34:01.750,4.841,100
2020-10-23 09:34:02.850,4.841,400
2020-10-23 09:34:02.850,4.841,1000
2020-10-23 09:34:04.480,4.841,400
2020-10-23 09:34:04.590,4.841,200
2020-10-23 09:34:04.590,4.842,800
2020-10-23 09:34:05.180,4.84,1800
2020-10-23 09:34:05.950,4.842,100
2020-10-23 09:34:06.150,4.84,5000
2020-10-23 09:34:07.350,4.842,200
2020-10-23 09:34:07.750,4.841,2000
2020-10-23 09:34:09.610,4.84,200
2020-10-23 09:34:09.610,4.84,300
2020-10-23 09:34:10.010,4.841,200
2020-10-23 09:34:11.860,4.84,4700
2020-10-23 09:34:11.860,4.84,200
2020-10-23 09:34:11.860,4.84,5000
2020-10-23 09:34:11.860,4.84,500
2020-10-23 09:34:11.860,4.84,2100
2020-10-23 09:34:11.860,4.84,5000
2020-10-23 09:34:11.860,4.84,200
2020-10-23 09:34:11.860,4.84,10000
2020-10-23 09:34:11.860,4.84,300
2020-10-23 09:34:11.860,4.84,500
2020-10-23 09:34:11.860,4.84,5000
2020-10-23 09:34:11.860,4.84,3000
2020-10-23 09:34:11.860,4.84,300
2020-10-23 09:34:11.860,4.84,500
2020-10-23 09:34:11.860,4.84,1000
2020-10-23 09:34:11.860,4.84,12400
2020-10-23 09:34:11.860,4.84,100
2020-10-23 09:34:11.860,4.84,12600
2020-10-23 09:34:11.860,4.84,30400
2020-10-23 09:34:11.860,4.84,600
2020-10-23 09:34:11.860,4.84,18500
2020-10-23 09:34:13.680,4.84,1000
2020-10-23 09:34:14.280,4.84,500
2020-10-23 09:34:15.690,4.84,1100
2020-10-23 09:34:15.690,4.84,5000
2020-10-23 09:34:15.690,4.84,1600
2020-10-23 09:34:15.860,4.84,100
2020-10-23 09:34:16.750,4.84,200
2020-10-23 09:34:20.210,4.84,100
2020-10-23 09:34:22.090,4.84,4900
2020-10-23 09:34:22.090,4.84,4000
2020-10-23 09:34:22.090,4.84,5200
2020-10-23 09:34:22.550,4.84,100
2020-10-23 09:34:23.470,4.84,200
2020-10-23 09:34:23.550,4.84,200
2020-10-23 09:34:23.970,4.84,200
2020-10-23 09:34:25.080,4.84,1000
2020-10-23 09:34:25.600,4.839,1000
2020-10-23 09:34:25.640,4.84,200
2020-10-23 09:34:26.070,4.84,300
2020-10-23 09:34:26.470,4.839,500
2020-10-23 09:34:26.470,4.839,3300
2020-10-23 09:34:26.730,4.84,60500
2020-10-23 09:34:26.820,4.84,3000
2020-10-23 09:34:27.210,4.84,4700
2020-10-23 09:34:28.580,4.84,2300
2020-10-23 09:34:31.000,4.84,6700
2020-10-23 09:34:31.550,4.839,2700
2020-10-23 09:34:31.550,4.839,7300
2020-10-23 09:34:31.760,4.84,3300
2020-10-23 09:34:31.760,4.84,100
2020-10-23 09:34:31.760,4.84,800
2020-10-23 09:34:31.760,4.84,10900
2020-10-23 09:34:32.790,4.84,100
2020-10-23 09:34:32.890,4.84,200
2020-10-23 09:34:34.440,4.84,500
2020-10-23 09:34:34.880,4.84,1000
2020-10-23 09:34:34.960,4.839,1000
2020-10-23 09:34:35.420,4.84,1000
2020-10-23 09:34:35.540,4.84,200
2020-10-23 09:34:36.080,4.839,1700
2020-10-23 09:34:36.080,4.839,500
2020-10-23 09:34:38.130,4.839,200
2020-10-23 09:34:44.230,4.839,300
2020-10-23 09:34:44.950,4.839,1000
2020-10-23 09:34:45.120,4.839,1200
2020-10-23 09:34:45.120,4.839,1300
2020-10-23 09:34:46.890,4.839,800
2020-10-23 09:34:46.890,4.839,200
2020-10-23 09:34:47.800,4.838,600
2020-10-23 09:34:49.060,4.838,1000
2020-10-23 09:34:49.920,4.839,1800
2020-10-23 09:34:49.920,4.839,11200
2020-10-23 09:34:50.380,4.838,3400
2020-10-23 09:34:50.380,4.838,20000
2020-10-23 09:34:50.380,4.838,1000
2020-10-23 09:34:50.380,4.838,3000
2020-10-23 09:34:50.380,4.838,30500
2020-10-23 09:34:50.380,4.838,5000
2020-10-23 09:34:50.380,4.838,2200
2020-10-23 09:34:50.380,4.838,91500
2020-10-23 09:34:50.380,4.838,500
2020-10-23 09:34:51.870,4.838,800
2020-10-23 09:34:53.240,4.838,200
2020-10-23 09:34:54.450,4.838,200
2020-10-23 09:34:54.450,4.838,800
2020-10-23 09:34:56.560,4.838,100
2020-10-23 09:34:56.650,4.837,3000
2020-10-23 09:34:56.650,4.837,400
2020-10-23 09:34:56.650,4.837,2600
2020-10-23 09:34:57.430,4.838,4500
2020-10-23 09:34:58.050,4.837,10000
2020-10-23 09:34:59.650,4.838,200
2020-10-23 09:35:00.840,4.838,1000
2020-10-23 09:35:00.950,4.838,100
2020-10-23 09:35:01.260,4.838,1000
2020-10-23 09:35:01.290,4.837,200
2020-10-23 09:35:01.570,4.838,1200
2020-10-23 09:35:02.800,4.838,1100
2020-10-23 09:35:02.800,4.838,1000
2020-10-23 09:35:02.800,4.838,10000
2020-10-23 09:35:02.800,4.838,1000
2020-10-23 09:35:02.800,4.838,8100
2020-10-23 09:35:02.800,4.838,1000
2020-10-23 09:35:02.800,4.838,1500
2020-10-23 09:35:02.820,4.839,2000
2020-10-23 09:35:03.490,4.838,1000
2020-10-23 09:35:04.050,4.838,10000
2020-10-23 09:35:04.550,4.839,500
2020-10-23 09:35:08.770,4.838,1300
2020-10-23 09:35:09.860,4.838,6900
2020-10-23 09:35:10.220,4.838,5000
2020-10-23 09:35:11.360,4.839,1800
2020-10-23 09:35:11.830,4.839,2000
2020-10-23 09:35:15.240,4.839,2500
2020-10-23 09:35:15.240,4.839,300
2020-10-23 09:35:15.240,4.839,77200
2020-10-23 09:35:15.240,4.839,80000
2020-10-23 09:35:15.240,4.839,20000
2020-10-23 09:35:15.470,4.838,5000
2020-10-23 09:35:17.320,4.839,2000
2020-10-23 09:35:17.350,4.839,100000
2020-10-23 09:35:17.350,4.839,20000
2020-10-23 09:35:17.350,4.839,10000
2020-10-23 09:35:17.350,4.839,30000
2020-10-23 09:35:17.350,4.839,20000
2020-10-23 09:35:17.350,4.839,100000
2020-10-23 09:35:17.750,4.839,5000
2020-10-23 09:35:18.260,4.839,33000
2020-10-23 09:35:18.480,4.839,100
2020-10-23 09:35:19.360,4.839,2000
2020-10-23 09:35:19.920,4.838,6000
2020-10-23 09:35:20.250,4.839,3000
2020-10-23 09:35:20.300,4.839,10000
2020-10-23 09:35:20.360,4.839,30000
2020-10-23 09:35:20.360,4.839,57700
2020-10-23 09:35:20.360,4.839,200
2020-10-23 09:35:20.360,4.839,22100
2020-10-23 09:35:20.360,4.839,70000
2020-10-23 09:35:20.450,4.839,5700
2020-10-23 09:35:20.450,4.839,2000
2020-10-23 09:35:20.450,4.839,2600
2020-10-23 09:35:21.670,4.839,1300
2020-10-23 09:35:21.670,4.839,5400
2020-10-23 09:35:21.670,4.839,5000
2020-10-23 09:35:21.670,4.839,12400
2020-10-23 09:35:21.670,4.839,100
2020-10-23 09:35:21.670,4.839,18500
2020-10-23 09:35:25.430,4.839,5000
2020-10-23 09:35:25.580,4.839,3600
2020-10-23 09:35:26.180,4.839,4000
2020-10-23 09:35:27.240,4.84,200
2020-10-23 09:35:30.030,4.84,100
2020-10-23 09:35:31.440,4.839,10000
2020-10-23 09:35:32.630,4.84,100
2020-10-23 09:35:33.980,4.839,2800
2020-10-23 09:35:34.120,4.84,700
2020-10-23 09:35:34.120,4.84,3300
2020-10-23 09:35:34.120,4.84,6000
2020-10-23 09:35:34.330,4.84,4800
2020-10-23 09:35:34.570,4.839,100
2020-10-23 09:35:35.070,4.84,2500
2020-10-23 09:35:36.060,4.839,29700
2020-10-23 09:35:36.060,4.839,6000
2020-10-23 09:35:36.060,4.839,200
2020-10-23 09:35:36.060,4.839,2000
2020-10-23 09:35:36.060,4.839,100
2020-10-23 09:35:36.060,4.839,1400
2020-10-23 09:35:36.060,4.839,50000
2020-10-23 09:35:36.060,4.839,100
2020-10-23 09:35:36.060,4.839,1000
2020-10-23 09:35:36.060,4.839,5000
2020-10-23 09:35:36.060,4.839,500
2020-10-23 09:35:36.060,4.839,2400
2020-10-23 09:35:36.060,4.839,5000
2020-10-23 09:35:36.060,4.839,20000
2020-10-23 09:35:36.390,4.839,125900
2020-10-23 09:35:36.850,4.838,5000
2020-10-23 09:35:38.060,4.838,100000
2020-10-23 09:35:38.630,4.838,33000
2020-10-23 09:35:38.950,4.838,3100
2020-10-23 09:35:38.950,4.838,1800
2020-10-23 09:35:38.950,4.838,300
2020-10-23 09:35:38.950,4.838,500
2020-10-23 09:35:38.950,4.838,6500
2020-10-23 09:35:38.950,4.838,5000
2020-10-23 09:35:38.950,4.838,10000
2020-10-23 09:35:38.950,4.838,500
2020-10-23 09:35:38.950,4.838,1000
2020-10-23 09:35:38.950,4.838,2400
2020-10-23 09:35:38.950,4.838,100
2020-10-23 09:35:38.950,4.838,6200
2020-10-23 09:35:39.190,4.838,6300
2020-10-23 09:35:40.260,4.838,14500
2020-10-23 09:35:40.400,4.838,1000
2020-10-23 09:35:40.600,4.838,100
2020-10-23 09:35:42.620,4.838,4000
2020-10-23 09:35:42.780,4.838,5500
2020-10-23 09:35:45.130,4.838,5000
2020-10-23 09:35:45.270,4.838,95000
2020-10-23 09:35:45.270,4.838,5000
2020-10-23 09:35:45.270,4.838,15000
2020-10-23 09:35:45.460,4.839,2000
2020-10-23 09:35:49.030,4.839,200
2020-10-23 09:35:52.650,4.839,900
2020-10-23 09:35:52.650,4.839,4100
2020-10-23 09:35:54.740,4.839,900
2020-10-23 09:35:56.290,4.839,100
2020-10-23 09:35:56.290,4.839,14900
2020-10-23 09:36:00.130,4.839,7200
2020-10-23 09:36:00.130,4.839,2000
2020-10-23 09:36:00.130,4.839,100
2020-10-23 09:36:00.130,4.839,2300
2020-10-23 09:36:01.490,4.839,100
2020-10-23 09:36:02.670,4.839,100
2020-10-23 09:36:02.780,4.84,200
2020-10-23 09:36:05.350,4.84,1800
2020-10-23 09:36:06.840,4.84,100
2020-10-23 09:36:07.360,4.84,1800
2020-10-23 09:36:09.200,4.839,100
2020-10-23 09:36:09.450,4.839,100
2020-10-23 09:36:09.450,4.839,400
2020-10-23 09:36:12.420,4.839,200
2020-10-23 09:36:14.360,4.839,300
2020-10-23 09:36:14.360,4.839,300
2020-10-23 09:36:14.880,4.839,100
2020-10-23 09:36:18.200,4.839,100
2020-10-23 09:36:19.230,4.839,2000
2020-10-23 09:36:19.280,4.839,47500
2020-10-23 09:36:19.280,4.839,12500
2020-10-23 09:36:19.660,4.839,10000
2020-10-23 09:36:20.710,4.839,2500
2020-10-23 09:36:24.290,4.839,9300
2020-10-23 09:36:25.250,4.839,900
2020-10-23 09:36:25.250,4.839,1000
2020-10-23 09:36:25.610,4.838,200
2020-10-23 09:36:25.670,4.839,4600
2020-10-23 09:36:26.890,4.839,5000
2020-10-23 09:36:28.950,4.838,3000
2020-10-23 09:36:28.950,4.838,10000
2020-10-23 09:36:28.950,4.838,500
2020-10-23 09:36:28.950,4.838,500
2020-10-23 09:36:28.950,4.838,2000
2020-10-23 09:36:28.950,4.838,10000
2020-10-23 09:36:28.950,4.838,12700
2020-10-23 09:36:28.950,4.838,2000
2020-10-23 09:36:28.950,4.838,10000
2020-10-23 09:36:28.950,4.838,5100
2020-10-23 09:36:28.950,4.838,100
2020-10-23 09:36:28.950,4.838,400
2020-10-23 09:36:28.950,4.838,18000
2020-10-23 09:36:28.950,4.838,2200
2020-10-23 09:36:29.290,4.838,12200
2020-10-23 09:36:29.630,4.838,200
2020-10-23 09:36:29.690,4.838,100
2020-10-23 09:36:29.930,4.838,3000
2020-10-23 09:36:30.530,4.837,7900
2020-10-23 09:36:30.530,4.837,200
2020-10-23 09:36:30.530,4.837,12200
2020-10-23 09:36:30.530,4.837,100
2020-10-23 09:36:30.530,4.837,5000
2020-10-23 09:36:30.530,4.837,500
2020-10-23 09:36:30.530,4.837,4000
2020-10-23 09:36:30.530,4.837,2300
2020-10-23 09:36:30.530,4.837,100
2020-10-23 09:36:30.530,4.837,2500
2020-10-23 09:36:30.530,4.837,2500
2020-10-23 09:36:30.530,4.837,200
2020-10-23 09:36:30.530,4.837,1000
2020-10-23 09:36:30.530,4.837,500
2020-10-23 09:36:30.530,4.837,10000
2020-10-23 09:36:30.530,4.837,200
2020-10-23 09:36:30.530,4.837,500
2020-10-23 09:36:30.530,4.837,5000
2020-10-23 09:36:30.530,4.837,200
2020-10-23 09:36:30.530,4.837,5100
2020-10-23 09:36:30.590,4.838,500
2020-10-23 09:36:30.880,4.838,10000
2020-10-23 09:36:31.100,4.838,100
2020-10-23 09:36:31.420,4.838,300
2020-10-23 09:36:31.670,4.837,10000
2020-10-23 09:36:33.420,4.838,10000
2020-10-23 09:36:33.450,4.838,100
2020-10-23 09:36:33.660,4.838,100
2020-10-23 09:36:34.090,4.838,9000
2020-10-23 09:36:34.590,4.838,1000
2020-10-23 09:36:35.060,4.838,3000
2020-10-23 09:36:35.060,4.838,5000
2020-10-23 09:36:40.010,4.838,1000
2020-10-23 09:36:40.670,4.838,1200
2020-10-23 09:36:41.300,4.837,34900
2020-10-23 09:36:41.300,4.837,1000
2020-10-23 09:36:41.560,4.837,100
2020-10-23 09:36:41.760,4.836,5000
2020-10-23 09:36:41.760,4.836,300
2020-10-23 09:36:41.760,4.836,5000
2020-10-23 09:36:41.760,4.836,2000
2020-10-23 09:36:41.760,4.836,20000
2020-10-23 09:36:41.760,4.836,600
2020-10-23 09:36:41.760,4.836,3000
2020-10-23 09:36:41.760,4.836,400
2020-10-23 09:36:41.760,4.836,30000
2020-10-23 09:36:41.760,4.836,5000
2020-10-23 09:36:41.760,4.836,20000
2020-10-23 09:36:41.760,4.836,2000
2020-10-23 09:36:41.760,4.836,5500
2020-10-23 09:36:41.760,4.835,100
2020-10-23 09:36:41.760,4.835,1000
2020-10-23 09:36:41.760,4.835,5000
2020-10-23 09:36:41.760,4.835,1000
2020-10-23 09:36:41.760,4.835,300
2020-10-23 09:36:41.760,4.835,300
2020-10-23 09:36:41.760,4.835,3000
2020-10-23 09:36:41.760,4.835,100
2020-10-23 09:36:41.760,4.835,26600
2020-10-23 09:36:42.360,4.837,10000
2020-10-23 09:36:43.950,4.838,400
2020-10-23 09:36:44.390,4.838,2000
2020-10-23 09:36:45.440,4.838,1000
2020-10-23 09:36:46.050,4.837,100
2020-10-23 09:36:50.230,4.837,700
2020-10-23 09:36:51.110,4.835,700
2020-10-23 09:36:51.310,4.837,200
2020-10-23 09:36:51.310,4.837,9800
2020-10-23 09:36:53.030,4.837,3000
2020-10-23 09:36:53.140,4.837,100
2020-10-23 09:36:53.770,4.837,600
2020-10-23 09:36:57.150,4.835,40000
2020-10-23 09:36:57.900,4.837,100
2020-10-23 09:36:59.680,4.837,1400
2020-10-23 09:37:00.050,4.836,700
2020-10-23 09:37:00.290,4.837,5000
2020-10-23 09:37:00.290,4.837,600
2020-10-23 09:37:00.290,4.837,3000
2020-10-23 09:37:00.290,4.837,1000
2020-10-23 09:37:00.430,4.837,8200
2020-10-23 09:37:02.160,4.836,22000
2020-10-23 09:37:03.500,4.837,100
2020-10-23 09:37:03.690,4.837,500
2020-10-23 09:37:04.710,4.837,100
2020-10-23 09:37:05.860,4.837,100
2020-10-23 09:37:05.940,4.837,100
2020-10-23 09:37:06.560,4.837,200
2020-10-23 09:37:07.320,4.836,2200
2020-10-23 09:37:09.660,4.837,1500
2020-10-23 09:37:10.370,4.837,2400
2020-10-23 09:37:10.370,4.837,7600
2020-10-23 09:37:11.770,4.837,100000
2020-10-23 09:37:11.800,4.837,100000
2020-10-23 09:37:11.800,4.837,70000
2020-10-23 09:37:12.380,4.837,2000
2020-10-23 09:37:12.530,4.836,12500
2020-10-23 09:37:12.580,4.836,1000
2020-10-23 09:37:12.730,4.837,100
2020-10-23 09:37:13.750,4.837,80000
2020-10-23 09:37:16.010,4.837,23800
2020-10-23 09:37:16.010,4.837,1000
2020-10-23 09:37:16.010,4.837,200
2020-10-23 09:37:16.750,4.838,4400
2020-10-23 09:37:16.750,4.838,24000
2020-10-23 09:37:16.750,4.838,40800
2020-10-23 09:37:16.750,4.838,17300
2020-10-23 09:37:16.750,4.838,13500
2020-10-23 09:37:18.640,4.837,14000
2020-10-23 09:37:23.770,4.837,200
2020-10-23 09:37:24.820,4.838,16500
2020-10-23 09:37:24.820,4.838,5000
2020-10-23 09:37:24.820,4.838,6000
2020-10-23 09:37:24.820,4.838,22500
2020-10-23 09:37:24.820,4.838,100000
2020-10-23 09:37:24.820,4.838,100000
2020-10-23 09:37:24.820,4.838,30000
2020-10-23 09:37:24.820,4.838,100000
2020-10-23 09:37:25.850,4.838,33000
2020-10-23 09:37:25.970,4.837,200
2020-10-23 09:37:26.600,4.838,50000
2020-10-23 09:37:26.740,4.838,2000
2020-10-23 09:37:27.940,4.838,1800
2020-10-23 09:37:29.440,4.838,10000
2020-10-23 09:37:33.500,4.838,300
2020-10-23 09:37:33.550,4.838,3100
2020-10-23 09:37:35.500,4.838,8000
2020-10-23 09:37:35.590,4.838,1000
2020-10-23 09:37:38.530,4.838,600
2020-10-23 09:37:39.260,4.839,100000
2020-10-23 09:37:39.320,4.839,50000
2020-10-23 09:37:39.740,4.839,20000
2020-10-23 09:37:40.430,4.838,1000
2020-10-23 09:37:41.130,4.839,20000
2020-10-23 09:37:41.130,4.839,50000
2020-10-23 09:37:41.130,4.839,100000
2020-10-23 09:37:41.130,4.839,10000
2020-10-23 09:37:41.580,4.839,21100
2020-10-23 09:37:41.580,4.839,1000
2020-10-23 09:37:41.580,4.839,1000
2020-10-23 09:37:41.580,4.839,6900
2020-10-23 09:37:41.760,4.839,23200
2020-10-23 09:37:44.110,4.839,3100
2020-10-23 09:37:44.270,4.839,200
2020-10-23 09:37:47.590,4.839,2000
2020-10-23 09:37:47.840,4.839,400
2020-10-23 09:37:47.840,4.839,600
2020-10-23 09:37:50.710,4.84,12800
2020-10-23 09:37:50.710,4.84,1000
2020-10-23 09:37:50.710,4.84,46200
2020-10-23 09:37:51.960,4.84,18400
2020-10-23 09:37:51.960,4.84,5200
2020-10-23 09:37:51.960,4.84,100
2020-10-23 09:37:51.960,4.84,6300
2020-10-23 09:37:52.580,4.84,1200
2020-10-23 09:37:55.790,4.839,100
2020-10-23 09:37:55.790,4.84,29900
2020-10-23 09:37:57.300,4.84,30000
2020-10-23 09:37:57.300,4.84,30000
2020-10-23 09:37:57.950,4.84,235900
2020-10-23 09:37:57.950,4.84,7000
2020-10-23 09:37:57.950,4.84,4000
2020-10-23 09:37:57.950,4.84,8900
2020-10-23 09:37:57.950,4.84,3000
2020-10-23 09:37:57.950,4.84,200
2020-10-23 09:37:57.950,4.84,32000
2020-10-23 09:37:57.950,4.84,1200
2020-10-23 09:37:59.850,4.839,21400
2020-10-23 09:38:00.730,4.84,18200
2020-10-23 09:38:06.870,4.84,10000
2020-10-23 09:38:07.990,4.841,5000
2020-10-23 09:38:08.780,4.841,1400
2020-10-23 09:38:08.780,4.841,1000
2020-10-23 09:38:08.780,4.841,1000
2020-10-23 09:38:08.780,4.841,16600
2020-10-23 09:38:08.920,4.84,1000
2020-10-23 09:38:10.390,4.841,2600
2020-10-23 09:38:11.150,4.841,200
2020-10-23 09:38:12.740,4.841,10000
2020-10-23 09:38:13.090,4.841,3600
2020-10-23 09:38:14.760,4.842,20000
2020-10-23 09:38:15.750,4.842,600
2020-10-23 09:38:15.750,4.842,100
2020-10-23 09:38:15.750,4.842,1100
2020-10-23 09:38:15.750,4.842,5000
2020-10-23 09:38:15.750,4.842,3200
2020-10-23 09:38:15.750,4.842,5300
2020-10-23 09:38:15.750,4.842,14700
2020-10-23 09:38:16.840,4.842,28600
2020-10-23 09:38:16.840,4.842,500
2020-10-23 09:38:27.730,4.842,100
2020-10-23 09:38:28.770,4.843,1000
2020-10-23 09:38:28.770,4.843,11500
2020-10-23 09:38:28.770,4.843,7000
2020-10-23 09:38:28.770,4.843,10000
2020-10-23 09:38:28.770,4.843,10500
2020-10-23 09:38:29.100,4.843,6200
2020-10-23 09:38:29.740,4.843,5900
2020-10-23 09:38:29.740,4.843,4000
2020-10-23 09:38:29.740,4.843,100
2020-10-23 09:38:31.050,4.843,900
2020-10-23 09:38:31.050,4.843,3000
2020-10-23 09:38:31.050,4.843,400
2020-10-23 09:38:31.050,4.843,1400
2020-10-23 09:38:31.560,4.843,100
2020-10-23 09:38:33.220,4.843,3000
2020-10-23 09:38:34.770,4.844,2000
2020-10-23 09:38:34.770,4.844,1000
2020-10-23 09:38:34.770,4.844,500
2020-10-23 09:38:34.770,4.844,20000
2020-10-23 09:38:34.770,4.844,900
2020-10-23 09:38:34.770,4.844,15200
2020-10-23 09:38:34.770,4.844,10000
2020-10-23 09:38:34.770,4.844,400
2020-10-23 09:38:35.100,4.843,224600
2020-10-23 09:38:35.560,4.844,10000
2020-10-23 09:38:36.470,4.844,500
2020-10-23 09:38:36.470,4.844,1800
2020-10-23 09:38:36.470,4.844,2000
2020-10-23 09:38:39.430,4.845,200
2020-10-23 09:38:39.430,4.845,6200
2020-10-23 09:38:39.430,4.845,300
2020-10-23 09:38:39.430,4.845,400
2020-10-23 09:38:39.430,4.845,100
2020-10-23 09:38:39.430,4.845,96600
2020-10-23 09:38:39.680,4.844,19900
2020-10-23 09:38:40.380,4.844,500
2020-10-23 09:38:41.750,4.845,70000
2020-10-23 09:38:41.800,4.845,20000
2020-10-23 09:38:42.240,4.845,40000
2020-10-23 09:38:43.110,4.844,2200
2020-10-23 09:38:43.640,4.845,10100
2020-10-23 09:38:43.720,4.844,100
2020-10-23 09:38:43.750,4.845,263300
2020-10-23 09:38:43.750,4.845,500
2020-10-23 09:38:43.750,4.845,1000
2020-10-23 09:38:43.750,4.845,500
2020-10-23 09:38:43.750,4.845,5000
2020-10-23 09:38:43.750,4.845,6000
2020-10-23 09:38:43.750,4.845,1100
2020-10-23 09:38:43.750,4.845,300
2020-10-23 09:38:43.750,4.845,20000
2020-10-23 09:38:43.750,4.845,100
2020-10-23 09:38:43.750,4.845,1000
2020-10-23 09:38:43.750,4.845,5000
2020-10-23 09:38:43.750,4.845,3000
2020-10-23 09:38:43.750,4.845,1000
2020-10-23 09:38:43.750,4.845,2000
2020-10-23 09:38:43.750,4.845,100
2020-10-23 09:38:43.750,4.845,500
2020-10-23 09:38:43.750,4.845,1100
2020-10-23 09:38:43.750,4.845,1000
2020-10-23 09:38:44.170,4.846,4000
2020-10-23 09:38:45.280,4.845,300
2020-10-23 09:38:46.330,4.846,6000
2020-10-23 09:38:46.330,4.846,84000
2020-10-23 09:38:46.330,4.846,16000
2020-10-23 09:38:46.330,4.846,1000
2020-10-23 09:38:46.330,4.846,5000
2020-10-23 09:38:46.330,4.846,58000
2020-10-23 09:38:47.550,4.846,1600
2020-10-23 09:38:47.550,4.846,1000
2020-10-23 09:38:47.550,4.846,7400
2020-10-23 09:38:47.550,4.846,40000
2020-10-23 09:38:47.550,4.846,50000
2020-10-23 09:38:47.920,4.846,200
2020-10-23 09:38:47.920,4.846,100
2020-10-23 09:38:47.920,4.846,200
2020-10-23 09:38:48.380,4.846,3000
2020-10-23 09:38:48.380,4.846,2000
2020-10-23 09:38:48.430,4.846,16000
2020-10-23 09:38:48.430,4.846,2900
2020-10-23 09:38:49.260,4.846,100
2020-10-23 09:38:49.710,4.847,100
2020-10-23 09:38:49.710,4.847,5000
2020-10-23 09:38:49.710,4.847,10000
2020-10-23 09:38:49.710,4.847,10000
2020-10-23 09:38:49.710,4.847,500
2020-10-23 09:38:49.710,4.847,8100
2020-10-23 09:38:49.710,4.847,33800
2020-10-23 09:38:49.710,4.847,400
2020-10-23 09:38:49.710,4.847,2100
2020-10-23 09:38:49.710,4.847,200
2020-10-23 09:38:49.710,4.847,100
2020-10-23 09:38:49.850,4.847,200
2020-10-23 09:38:50.370,4.847,10000
2020-10-23 09:38:51.570,4.847,4200
2020-10-23 09:38:52.850,4.847,500
2020-10-23 09:38:53.270,4.848,1100
2020-10-23 09:38:53.270,4.848,500
2020-10-23 09:38:53.270,4.848,1900
2020-10-23 09:38:53.270,4.848,3000
2020-10-23 09:38:53.270,4.848,2000
2020-10-23 09:38:53.270,4.848,10000
2020-10-23 09:38:53.270,4.848,100
2020-10-23 09:38:53.440,4.848,400
2020-10-23 09:38:53.640,4.848,20000
2020-10-23 09:38:53.890,4.849,3000
2020-10-23 09:38:53.890,4.849,400
2020-10-23 09:38:53.890,4.849,10000
2020-10-23 09:38:53.890,4.849,1600
2020-10-23 09:38:54.990,4.848,3000
2020-10-23 09:38:55.980,4.849,400
2020-10-23 09:38:55.980,4.849,4000
2020-10-23 09:38:55.980,4.849,11100
2020-10-23 09:38:58.090,4.848,5000
2020-10-23 09:38:59.000,4.848,3000
2020-10-23 09:38:59.750,4.848,3000
2020-10-23 09:39:01.140,4.848,5000
2020-10-23 09:39:02.530,4.848,2000
2020-10-23 09:39:02.530,4.848,1300
2020-10-23 09:39:03.710,4.848,100
2020-10-23 09:39:03.910,4.848,1000
2020-10-23 09:39:04.010,4.848,7600
2020-10-23 09:39:04.010,4.848,30000
2020-10-23 09:39:04.010,4.848,8900
2020-10-23 09:39:05.920,4.848,3500
2020-10-23 09:39:05.920,4.849,1400
2020-10-23 09:39:05.920,4.849,1500
2020-10-23 09:39:06.260,4.848,100
2020-10-23 09:39:06.260,4.848,5000
2020-10-23 09:39:06.350,4.848,2200
2020-10-23 09:39:06.350,4.847,4400
2020-10-23 09:39:06.350,4.847,200
2020-10-23 09:39:07.750,4.848,2000
2020-10-23 09:39:07.750,4.848,2000
2020-10-23 09:39:07.750,4.848,700
2020-10-23 09:39:07.750,4.848,4300
2020-10-23 09:39:07.750,4.848,400
2020-10-23 09:39:07.750,4.848,3000
2020-10-23 09:39:07.750,4.849,8500
2020-10-23 09:39:07.750,4.849,100
2020-10-23 09:39:07.750,4.849,500
2020-10-23 09:39:07.750,4.849,10000
2020-10-23 09:39:07.750,4.849,3200
2020-10-23 09:39:08.100,4.848,200
2020-10-23 09:39:08.300,4.848,200
2020-10-23 09:39:08.640,4.848,1700
2020-10-23 09:39:11.140,4.848,3100
2020-10-23 09:39:11.140,4.848,13000
2020-10-23 09:39:11.140,4.848,900
2020-10-23 09:39:11.140,4.849,33000
2020-10-23 09:39:12.720,4.848,2000
2020-10-23 09:39:13.390,4.848,1000
2020-10-23 09:39:13.760,4.849,80000
2020-10-23 09:39:13.790,4.849,80000
2020-10-23 09:39:13.790,4.848,5000
2020-10-23 09:39:14.190,4.849,200
2020-10-23 09:39:15.060,4.848,1000
2020-10-23 09:39:15.260,4.849,40000
2020-10-23 09:39:15.720,4.848,1000
2020-10-23 09:39:15.720,4.848,500
2020-10-23 09:39:15.720,4.848,100
2020-10-23 09:39:15.720,4.848,200
2020-10-23 09:39:15.720,4.848,500
2020-10-23 09:39:15.930,4.848,1000
2020-10-23 09:39:16.540,4.848,16700
2020-10-23 09:39:16.540,4.848,13300
2020-10-23 09:39:17.270,4.848,6700
2020-10-23 09:39:17.270,4.849,5600
2020-10-23 09:39:17.480,4.849,5000
2020-10-23 09:39:17.640,4.848,400
2020-10-23 09:39:17.760,4.848,10000
2020-10-23 09:39:17.940,4.849,30000
2020-10-23 09:39:18.020,4.849,23000
2020-10-23 09:39:18.020,4.849,6000
2020-10-23 09:39:18.020,4.849,500
2020-10-23 09:39:18.020,4.849,2000
2020-10-23 09:39:18.020,4.849,3700
2020-10-23 09:39:18.020,4.849,2000
2020-10-23 09:39:18.020,4.849,10000
2020-10-23 09:39:18.020,4.849,2000
2020-10-23 09:39:18.020,4.85,2500
2020-10-23 09:39:18.020,4.85,500
2020-10-23 09:39:19.440,4.849,10000
2020-10-23 09:39:19.650,4.849,10000
2020-10-23 09:39:19.790,4.849,7000
2020-10-23 09:39:20.780,4.85,2500
2020-10-23 09:39:20.780,4.85,3000
2020-10-23 09:39:20.780,4.85,300
2020-10-23 09:39:20.780,4.85,5000
2020-10-23 09:39:20.780,4.85,7000
2020-10-23 09:39:20.780,4.85,6000
2020-10-23 09:39:20.780,4.85,900
2020-10-23 09:39:20.780,4.85,500
2020-10-23 09:39:20.780,4.85,300
2020-10-23 09:39:20.780,4.85,500
2020-10-23 09:39:20.780,4.85,8000
2020-10-23 09:39:20.780,4.85,15000
2020-10-23 09:39:20.780,4.85,100
2020-10-23 09:39:20.780,4.85,1000
2020-10-23 09:39:20.780,4.85,6100
2020-10-23 09:39:20.780,4.85,1100
2020-10-23 09:39:20.780,4.85,1000
2020-10-23 09:39:20.780,4.85,6600
2020-10-23 09:39:20.780,4.85,100
2020-10-23 09:39:20.780,4.85,100
2020-10-23 09:39:20.780,4.85,34900
2020-10-23 09:39:21.190,4.849,2000
2020-10-23 09:39:21.440,4.85,300
2020-10-23 09:39:21.470,4.85,2000
2020-10-23 09:39:22.790,4.85,12800
2020-10-23 09:39:22.790,4.85,7000
2020-10-23 09:39:22.790,4.85,4000
2020-10-23 09:39:22.790,4.85,1000
2020-10-23 09:39:22.790,4.85,8900
2020-10-23 09:39:22.790,4.85,1200
2020-10-23 09:39:22.790,4.85,500
2020-10-23 09:39:22.790,4.85,100
2020-10-23 09:39:22.790,4.85,32000
2020-10-23 09:39:22.790,4.85,1000
2020-10-23 09:39:22.790,4.85,2000
2020-10-23 09:39:22.790,4.85,3000
2020-10-23 09:39:22.790,4.85,600
2020-10-23 09:39:22.790,4.85,200
2020-10-23 09:39:22.790,4.85,5700
2020-10-23 09:39:22.840,4.85,4300
2020-10-23 09:39:22.840,4.85,25700
2020-10-23 09:39:23.380,4.85,24300
2020-10-23 09:39:23.380,4.85,200
2020-10-23 09:39:23.380,4.85,2000
2020-10-23 09:39:23.380,4.85,3000
2020-10-23 09:39:23.380,4.85,100
2020-10-23 09:39:23.380,4.85,400
2020-10-23 09:39:23.520,4.849,8000
2020-10-23 09:39:23.520,4.849,9700
2020-10-23 09:39:23.520,4.85,500
2020-10-23 09:39:23.520,4.85,3100
2020-10-23 09:39:23.520,4.85,6000
2020-10-23 09:39:23.670,4.85,400
2020-10-23 09:39:23.960,4.85,14600
2020-10-23 09:39:24.790,4.85,500
2020-10-23 09:39:25.330,4.85,1000
2020-10-23 09:39:26.370,4.85,2000
2020-10-23 09:39:27.870,4.85,500
2020-10-23 09:39:28.400,4.85,2000
2020-10-23 09:39:29.230,4.85,400
2020-10-23 09:39:30.140,4.85,1000
2020-10-23 09:39:30.570,4.85,100
2020-10-23 09:39:30.690,4.85,5000
2020-10-23 09:39:30.820,4.85,1000
2020-10-23 09:39:31.800,4.85,1900
2020-10-23 09:39:31.800,4.85,8100
2020-10-23 09:39:31.800,4.851,2300
2020-10-23 09:39:31.800,4.851,5300
2020-10-23 09:39:31.800,4.851,500
2020-10-23 09:39:31.800,4.851,1000
2020-10-23 09:39:31.800,4.851,100
2020-10-23 09:39:31.800,4.851,800
2020-10-23 09:39:32.090,4.85,1900
2020-10-23 09:39:32.090,4.85,8100
2020-10-23 09:39:32.840,4.85,5000
2020-10-23 09:39:32.910,4.85,2000
2020-10-23 09:39:33.600,4.85,5500
2020-10-23 09:39:34.260,4.85,500
2020-10-23 09:39:34.370,4.85,400
2020-10-23 09:39:34.630,4.851,100
2020-10-23 09:39:34.720,4.851,200
2020-10-23 09:39:34.780,4.851,200
2020-10-23 09:39:34.780,4.851,9800
2020-10-23 09:39:35.130,4.851,100
2020-10-23 09:39:35.130,4.851,100
2020-10-23 09:39:35.130,4.851,1000
2020-10-23 09:39:35.760,4.85,2000
2020-10-23 09:39:35.850,4.851,100
2020-10-23 09:39:36.510,4.851,800
2020-10-23 09:39:36.510,4.851,3000
2020-10-23 09:39:36.510,4.851,100
2020-10-23 09:39:36.510,4.852,1000
2020-10-23 09:39:36.510,4.852,500
2020-10-23 09:39:36.510,4.852,8000
2020-10-23 09:39:36.510,4.852,700
2020-10-23 09:39:36.510,4.852,1300
2020-10-23 09:39:36.510,4.852,4600
2020-10-23 09:39:37.510,4.851,1000
2020-10-23 09:39:37.770,4.852,2400
2020-10-23 09:39:37.770,4.852,300
2020-10-23 09:39:37.770,4.852,11200
2020-10-23 09:39:37.770,4.852,300
2020-10-23 09:39:37.770,4.852,6100
2020-10-23 09:39:37.770,4.852,6000
2020-10-23 09:39:37.770,4.852,13700
2020-10-23 09:39:37.800,4.852,80000
2020-10-23 09:39:37.800,4.852,60000
2020-10-23 09:39:37.800,4.852,30000
2020-10-23 09:39:37.800,4.852,100000
2020-10-23 09:39:37.800,4.852,100000
2020-10-23 09:39:37.800,4.852,60000
2020-10-23 09:39:37.820,4.852,70000
2020-10-23 09:39:37.820,4.852,100000
2020-10-23 09:39:37.820,4.852,60000
2020-10-23 09:39:37.820,4.852,20000
2020-10-23 09:39:37.820,4.852,100000
2020-10-23 09:39:38.700,4.851,5000
2020-10-23 09:39:39.200,4.852,14400
2020-10-23 09:39:40.810,4.852,80000
2020-10-23 09:39:40.810,4.852,30000
2020-10-23 09:39:40.810,4.852,40000
2020-10-23 09:39:41.240,4.851,20000
2020-10-23 09:39:41.920,4.852,3000
2020-10-23 09:39:42.110,4.851,1600
2020-10-23 09:39:42.890,4.851,5000
2020-10-23 09:39:43.790,4.852,30000
2020-10-23 09:39:44.290,4.852,5000
2020-10-23 09:39:44.320,4.851,500
2020-10-23 09:39:44.410,4.851,500
2020-10-23 09:39:44.540,4.852,100
2020-10-23 09:39:44.700,4.851,1500
2020-10-23 09:39:45.580,4.851,1000
2020-10-23 09:39:46.830,4.852,3800
2020-10-23 09:39:46.830,4.852,3000
2020-10-23 09:39:46.830,4.852,500
2020-10-23 09:39:46.830,4.852,2700
2020-10-23 09:39:46.970,4.851,200
2020-10-23 09:39:48.730,4.851,1000
2020-10-23 09:39:48.910,4.852,200
2020-10-23 09:39:49.790,4.852,100
2020-10-23 09:39:49.790,4.852,100
2020-10-23 09:39:49.790,4.852,5000
2020-10-23 09:39:49.790,4.852,2500
2020-10-23 09:39:49.790,4.852,22300
2020-10-23 09:39:50.670,4.852,7700
2020-10-23 09:39:51.350,4.853,1100
2020-10-23 09:39:51.350,4.853,500
2020-10-23 09:39:51.350,4.853,20000
2020-10-23 09:39:51.350,4.853,10000
2020-10-23 09:39:51.350,4.853,41900
2020-10-23 09:39:51.350,4.853,100
2020-10-23 09:39:51.350,4.853,5000
2020-10-23 09:39:51.350,4.853,2500
2020-10-23 09:39:51.350,4.853,200
2020-10-23 09:39:51.350,4.853,5000
2020-10-23 09:39:51.350,4.853,200
2020-10-23 09:39:51.350,4.853,28000
2020-10-23 09:39:51.350,4.853,6100
2020-10-23 09:39:51.350,4.853,20000
2020-10-23 09:39:51.900,4.853,5000
2020-10-23 09:39:51.990,4.853,5000
2020-10-23 09:39:52.460,4.853,10000
2020-10-23 09:39:53.220,4.853,5000
2020-10-23 09:39:53.340,4.853,1000
2020-10-23 09:39:53.450,4.853,100
2020-10-23 09:39:53.790,4.853,20000
2020-10-23 09:39:53.910,4.853,500
2020-10-23 09:39:54.770,4.853,30000
2020-10-23 09:39:54.800,4.854,100
2020-10-23 09:39:54.800,4.854,100
2020-10-23 09:39:54.800,4.854,300
2020-10-23 09:39:54.800,4.854,11100
2020-10-23 09:39:54.800,4.854,3000
2020-10-23 09:39:54.800,4.854,100
2020-10-23 09:39:54.800,4.854,35300
2020-10-23 09:39:54.830,4.854,4100
2020-10-23 09:39:54.830,4.854,1000
2020-10-23 09:39:54.830,4.854,7500
2020-10-23 09:39:54.830,4.854,500
2020-10-23 09:39:54.830,4.854,6900
2020-10-23 09:39:56.630,4.853,500
2020-10-23 09:39:57.460,4.855,300
2020-10-23 09:39:57.460,4.855,2700
2020-10-23 09:39:59.230,4.853,5000
2020-10-23 09:39:59.770,4.853,10000
2020-10-23 09:39:59.950,4.854,500
2020-10-23 09:39:59.950,4.855,300
2020-10-23 09:39:59.950,4.855,2000
2020-10-23 09:39:59.950,4.855,4000
2020-10-23 09:39:59.950,4.855,800
2020-10-23 09:39:59.950,4.855,1100
2020-10-23 09:39:59.950,4.855,1000
2020-10-23 09:39:59.950,4.855,300
2020-10-23 09:40:00.040,4.853,1000
2020-10-23 09:40:00.570,4.853,4400
2020-10-23 09:40:00.610,4.853,1000
2020-10-23 09:40:01.770,4.855,700
2020-10-23 09:40:01.770,4.855,100
2020-10-23 09:40:01.770,4.855,3000
2020-10-23 09:40:01.770,4.855,500
2020-10-23 09:40:01.770,4.855,1200
2020-10-23 09:40:01.770,4.855,32000
2020-10-23 09:40:01.770,4.855,200
2020-10-23 09:40:01.770,4.855,8900
2020-10-23 09:40:01.770,4.855,3400
2020-10-23 09:40:02.330,4.853,10000
2020-10-23 09:40:02.330,4.853,100
2020-10-23 09:40:02.480,4.854,17800
2020-10-23 09:40:02.700,4.854,28800
2020-10-23 09:40:02.840,4.854,100
2020-10-23 09:40:03.040,4.854,5000
2020-10-23 09:40:03.210,4.854,10000
2020-10-23 09:40:04.050,4.855,3600
2020-10-23 09:40:04.050,4.855,4000
2020-10-23 09:40:04.050,4.855,1000
2020-10-23 09:40:04.050,4.855,1400
2020-10-23 09:40:04.380,4.854,2000
2020-10-23 09:40:04.530,4.853,2000
2020-10-23 09:40:05.090,4.855,1600
2020-10-23 09:40:05.090,4.855,1000
2020-10-23 09:40:05.090,4.855,1000
2020-10-23 09:40:05.090,4.855,5000
2020-10-23 09:40:05.090,4.855,1400
2020-10-23 09:40:05.280,4.854,500
2020-10-23 09:40:05.280,4.854,800
2020-10-23 09:40:06.040,4.854,400
2020-10-23 09:40:06.040,4.854,1800
2020-10-23 09:40:06.040,4.853,7800
2020-10-23 09:40:06.840,4.855,3600
2020-10-23 09:40:06.840,4.855,1000
2020-10-23 09:40:07.100,4.855,500
2020-10-23 09:40:07.610,4.855,3000
2020-10-23 09:40:07.970,4.855,2100
2020-10-23 09:40:08.080,4.855,3000
2020-10-23 09:40:08.160,4.855,100
2020-10-23 09:40:08.350,4.855,5000
2020-10-23 09:40:10.620,4.855,1000
2020-10-23 09:40:11.240,4.855,100
2020-10-23 09:40:11.840,4.856,10000
2020-10-23 09:40:11.840,4.856,3000
2020-10-23 09:40:11.840,4.856,6000
2020-10-23 09:40:11.840,4.856,300
2020-10-23 09:40:11.840,4.856,700
2020-10-23 09:40:11.840,4.855,3000
2020-10-23 09:40:11.840,4.855,32500
2020-10-23 09:40:12.250,4.856,1300
2020-10-23 09:40:12.250,4.856,100
2020-10-23 09:40:12.250,4.856,23800
2020-10-23 09:40:12.250,4.856,500
2020-10-23 09:40:12.250,4.856,500
2020-10-23 09:40:12.450,4.856,100
2020-10-23 09:40:12.710,4.856,73700
2020-10-23 09:40:12.710,4.855,5800
2020-10-23 09:40:12.710,4.855,200
2020-10-23 09:40:12.710,4.854,5900
2020-10-23 09:40:12.710,4.854,200
2020-10-23 09:40:12.710,4.854,10900
2020-10-23 09:40:12.710,4.854,203300
2020-10-23 09:40:12.910,4.856,1300
2020-10-23 09:40:13.390,4.855,10000
2020-10-23 09:40:13.560,4.857,20000
2020-10-23 09:40:13.640,4.856,4000
2020-10-23 09:40:14.640,4.856,5000
2020-10-23 09:40:14.700,4.857,20000
2020-10-23 09:40:15.310,4.857,2000
2020-10-23 09:40:15.310,4.857,2200
2020-10-23 09:40:15.310,4.857,200
2020-10-23 09:40:15.310,4.857,600
2020-10-23 09:40:15.400,4.856,100
2020-10-23 09:40:15.770,4.856,400
2020-10-23 09:40:16.220,4.856,100
2020-10-23 09:40:16.320,4.856,5000
2020-10-23 09:40:16.380,4.856,1000
2020-10-23 09:40:16.400,4.856,2000
2020-10-23 09:40:16.400,4.856,4000
2020-10-23 09:40:16.430,4.856,3000
2020-10-23 09:40:16.720,4.856,1000
2020-10-23 09:40:16.860,4.857,8400
2020-10-23 09:40:16.860,4.857,11600
2020-10-23 09:40:17.330,4.856,4400
2020-10-23 09:40:17.330,4.856,15600
2020-10-23 09:40:17.610,4.856,500
2020-10-23 09:40:18.010,4.857,8400
2020-10-23 09:40:18.010,4.857,4000
2020-10-23 09:40:18.010,4.857,7000
2020-10-23 09:40:18.010,4.857,600
2020-10-23 09:40:19.640,4.856,10000
2020-10-23 09:40:19.670,4.856,5000
2020-10-23 09:40:20.270,4.856,1000
2020-10-23 09:40:20.710,4.856,2500
2020-10-23 09:40:20.930,4.856,2600
2020-10-23 09:40:21.470,4.856,2600
2020-10-23 09:40:21.640,4.856,200
2020-10-23 09:40:21.640,4.856,100
2020-10-23 09:40:22.370,4.856,4000
2020-10-23 09:40:22.630,4.857,2100
2020-10-23 09:40:22.680,4.856,2000
2020-10-23 09:40:22.770,4.857,7300
2020-10-23 09:40:22.770,4.857,100
2020-10-23 09:40:22.770,4.857,2600
2020-10-23 09:40:23.580,4.856,3200
2020-10-23 09:40:23.580,4.856,5000
2020-10-23 09:40:23.580,4.856,3200
2020-10-23 09:40:24.760,4.856,800
2020-10-23 09:40:24.760,4.856,200
2020-10-23 09:40:24.890,4.856,800
2020-10-23 09:40:24.890,4.856,100
2020-10-23 09:40:24.890,4.856,1100
2020-10-23 09:40:24.920,4.857,5000
2020-10-23 09:40:25.060,4.857,4700
2020-10-23 09:40:25.060,4.856,100
2020-10-23 09:40:26.150,4.856,100
2020-10-23 09:40:26.720,4.857,2000
2020-10-23 09:40:27.710,4.857,3000
2020-10-23 09:40:27.800,4.857,14100
2020-10-23 09:40:27.800,4.857,10000
2020-10-23 09:40:27.800,4.857,7300
2020-10-23 09:40:27.800,4.857,3800
2020-10-23 09:40:27.800,4.857,10000
2020-10-23 09:40:27.800,4.857,5600
2020-10-23 09:40:27.800,4.857,10000
2020-10-23 09:40:27.800,4.857,9200
2020-10-23 09:40:27.850,4.856,500
2020-10-23 09:40:28.430,4.857,10000
2020-10-23 09:40:28.570,4.856,4000
2020-10-23 09:40:29.330,4.857,10000
2020-10-23 09:40:29.570,4.856,5000
2020-10-23 09:40:29.770,4.856,1000
2020-10-23 09:40:30.020,4.856,21000
2020-10-23 09:40:31.110,4.857,800
2020-10-23 09:40:31.110,4.857,1000
2020-10-23 09:40:31.110,4.857,100
2020-10-23 09:40:31.110,4.857,10000
2020-10-23 09:40:31.110,4.857,2500
2020-10-23 09:40:31.110,4.857,1000
2020-10-23 09:40:31.110,4.857,200
2020-10-23 09:40:31.770,4.858,11000
2020-10-23 09:40:31.770,4.858,5100
2020-10-23 09:40:31.770,4.858,41600
2020-10-23 09:40:31.770,4.858,2300
2020-10-23 09:40:32.020,4.858,2700
2020-10-23 09:40:32.020,4.858,3000
2020-10-23 09:40:32.020,4.858,50000
2020-10-23 09:40:32.020,4.858,20000
2020-10-23 09:40:32.020,4.858,700
2020-10-23 09:40:32.020,4.858,2000
2020-10-23 09:40:32.020,4.858,2000
2020-10-23 09:40:32.020,4.858,2000
2020-10-23 09:40:32.020,4.858,1000
2020-10-23 09:40:32.020,4.858,1500
2020-10-23 09:40:32.020,4.858,27200
2020-10-23 09:40:32.020,4.858,1000
2020-10-23 09:40:32.020,4.858,500
2020-10-23 09:40:32.020,4.858,1000
2020-10-23 09:40:32.020,4.858,3000
2020-10-23 09:40:32.020,4.858,45300
2020-10-23 09:40:32.020,4.858,1000
2020-10-23 09:40:32.020,4.858,1100
2020-10-23 09:40:32.020,4.858,500
2020-10-23 09:40:32.020,4.858,10000
2020-10-23 09:40:32.020,4.858,5700
2020-10-23 09:40:32.020,4.858,25000
2020-10-23 09:40:32.020,4.859,4000
2020-10-23 09:40:32.020,4.859,700
2020-10-23 09:40:32.020,4.859,5000
2020-10-23 09:40:32.020,4.859,41500
2020-10-23 09:40:32.020,4.859,100
2020-10-23 09:40:32.020,4.859,300
2020-10-23 09:40:32.020,4.859,1100
2020-10-23 09:40:32.020,4.859,5000
2020-10-23 09:40:32.020,4.859,500
2020-10-23 09:40:32.020,4.859,10000
2020-10-23 09:40:32.020,4.859,4500
2020-10-23 09:40:32.020,4.859,1000
2020-10-23 09:40:32.020,4.859,16100
2020-10-23 09:40:32.330,4.857,4000
2020-10-23 09:40:32.540,4.857,27300
2020-10-23 09:40:32.570,4.857,100
2020-10-23 09:40:33.400,4.858,500
2020-10-23 09:40:33.720,4.858,5000
2020-10-23 09:40:33.920,4.858,14500
2020-10-23 09:40:33.920,4.858,92600
2020-10-23 09:40:34.320,4.858,14400
2020-10-23 09:40:34.970,4.858,500
2020-10-23 09:40:35.240,4.858,500
2020-10-23 09:40:36.410,4.858,2000
2020-10-23 09:40:38.780,4.858,10000
2020-10-23 09:40:39.510,4.858,3000
2020-10-23 09:40:40.170,4.858,10000
2020-10-23 09:40:40.860,4.858,1000
2020-10-23 09:40:40.980,4.859,300
2020-10-23 09:40:41.300,4.859,13600
2020-10-23 09:40:41.300,4.859,21500
2020-10-23 09:40:41.300,4.859,9700
2020-10-23 09:40:41.300,4.859,200
2020-10-23 09:40:41.300,4.859,3000
2020-10-23 09:40:41.300,4.859,100
2020-10-23 09:40:41.300,4.859,1000
2020-10-23 09:40:41.300,4.859,2000
2020-10-23 09:40:41.300,4.859,28900
2020-10-23 09:40:41.300,4.859,40000
2020-10-23 09:40:41.390,4.858,100
2020-10-23 09:40:42.060,4.858,2000
2020-10-23 09:40:42.660,4.858,100
2020-10-23 09:40:42.690,4.858,3000
2020-10-23 09:40:42.910,4.859,31100
2020-10-23 09:40:42.910,4.859,5000
2020-10-23 09:40:43.180,4.859,1000
2020-10-23 09:40:43.240,4.859,100
2020-10-23 09:40:43.410,4.859,1600
2020-10-23 09:40:43.410,4.859,3400
2020-10-23 09:40:43.410,4.859,200
2020-10-23 09:40:43.790,4.86,600
2020-10-23 09:40:43.790,4.86,6500
2020-10-23 09:40:43.790,4.86,1000
2020-10-23 09:40:43.790,4.86,21000
2020-10-23 09:40:43.790,4.86,2100
2020-10-23 09:40:43.790,4.86,100
2020-10-23 09:40:43.790,4.86,1100
2020-10-23 09:40:43.790,4.86,4000
2020-10-23 09:40:43.790,4.86,300
2020-10-23 09:40:43.790,4.86,1200
2020-10-23 09:40:43.790,4.86,7000
2020-10-23 09:40:43.790,4.86,6000
2020-10-23 09:40:43.790,4.86,4000
2020-10-23 09:40:43.790,4.86,5000
2020-10-23 09:40:43.790,4.86,20100
2020-10-23 09:40:44.250,4.86,76900
2020-10-23 09:40:44.250,4.86,10000
2020-10-23 09:40:44.250,4.86,300
2020-10-23 09:40:44.250,4.86,1700
2020-10-23 09:40:44.250,4.86,1800
2020-10-23 09:40:44.250,4.86,9300
2020-10-23 09:40:44.490,4.859,400
2020-10-23 09:40:44.490,4.859,3200
2020-10-23 09:40:44.490,4.859,2000
2020-10-23 09:40:44.490,4.859,4400
2020-10-23 09:40:44.570,4.859,100
2020-10-23 09:40:44.630,4.86,1000
2020-10-23 09:40:44.910,4.86,39700
2020-10-23 09:40:44.910,4.86,200
2020-10-23 09:40:44.910,4.86,400
2020-10-23 09:40:44.910,4.86,2100
2020-10-23 09:40:44.910,4.86,3000
2020-10-23 09:40:44.910,4.86,3000
2020-10-23 09:40:44.910,4.86,1100
2020-10-23 09:40:44.910,4.86,10000
2020-10-23 09:40:44.910,4.86,5500
2020-10-23 09:40:44.910,4.86,10000
2020-10-23 09:40:44.910,4.86,10000
2020-10-23 09:40:44.910,4.86,5000
2020-10-23 09:40:44.910,4.86,14500
2020-10-23 09:40:44.910,4.86,3000
2020-10-23 09:40:44.910,4.86,3000
2020-10-23 09:40:44.910,4.86,10000
2020-10-23 09:40:44.910,4.86,3000
2020-10-23 09:40:44.910,4.86,3200
2020-10-23 09:40:44.910,4.86,2000
2020-10-23 09:40:44.910,4.86,300
2020-10-23 09:40:44.910,4.86,10700
2020-10-23 09:40:44.910,4.86,20700
2020-10-23 09:40:44.910,4.86,200
2020-10-23 09:40:44.910,4.86,300
2020-10-23 09:40:44.910,4.86,10000
2020-10-23 09:40:44.910,4.86,5000
2020-10-23 09:40:44.910,4.86,3000
2020-10-23 09:40:44.910,4.86,5000
2020-10-23 09:40:44.910,4.86,1000
2020-10-23 09:40:44.910,4.86,10000
2020-10-23 09:40:44.910,4.86,1000
2020-10-23 09:40:44.910,4.86,1000
2020-10-23 09:40:44.910,4.86,1000
2020-10-23 09:40:44.910,4.86,100
2020-10-23 09:40:44.910,4.86,41600
2020-10-23 09:40:44.910,4.86,800
2020-10-23 09:40:44.910,4.86,700
2020-10-23 09:40:44.910,4.86,100
2020-10-23 09:40:44.910,4.86,15000
2020-10-23 09:40:44.910,4.86,1000
2020-10-23 09:40:44.910,4.86,900
2020-10-23 09:40:44.910,4.86,4000
2020-10-23 09:40:44.910,4.86,2000
2020-10-23 09:40:44.910,4.86,5000
2020-10-23 09:40:44.910,4.86,1000
2020-10-23 09:40:44.910,4.86,1000
2020-10-23 09:40:44.910,4.86,30200
2020-10-23 09:40:44.910,4.86,2000
2020-10-23 09:40:44.910,4.86,1200
2020-10-23 09:40:44.910,4.86,2000
2020-10-23 09:40:44.910,4.86,5000
2020-10-23 09:40:44.910,4.86,1200
2020-10-23 09:40:44.910,4.86,1000
2020-10-23 09:40:44.970,4.86,100
2020-10-23 09:40:45.170,4.86,500
2020-10-23 09:40:46.510,4.86,500
2020-10-23 09:40:46.760,4.86,500
2020-10-23 09:40:46.880,4.86,800
2020-10-23 09:40:46.940,4.86,500
2020-10-23 09:40:47.080,4.86,100
2020-10-23 09:40:47.370,4.86,10000
2020-10-23 09:40:47.670,4.861,300
2020-10-23 09:40:47.670,4.861,2000
2020-10-23 09:40:47.670,4.861,9000
2020-10-23 09:40:48.610,4.861,3000
2020-10-23 09:40:48.660,4.861,1000
2020-10-23 09:40:49.590,4.861,8800
2020-10-23 09:40:49.590,4.862,7300
2020-10-23 09:40:49.590,4.862,2000
2020-10-23 09:40:49.590,4.862,500
2020-10-23 09:40:49.590,4.862,2800
2020-10-23 09:40:49.590,4.862,10000
2020-10-23 09:40:49.590,4.862,1200
2020-10-23 09:40:50.910,4.861,4800
2020-10-23 09:40:51.020,4.861,10000
2020-10-23 09:40:51.260,4.862,3800
2020-10-23 09:40:51.260,4.862,2000
2020-10-23 09:40:51.260,4.862,5000
2020-10-23 09:40:51.260,4.862,1000
2020-10-23 09:40:51.260,4.862,1000
2020-10-23 09:40:51.260,4.862,2200
2020-10-23 09:40:51.260,4.862,100
2020-10-23 09:40:51.260,4.862,1300
2020-10-23 09:40:51.260,4.862,3600
2020-10-23 09:40:51.370,4.861,1800
2020-10-23 09:40:51.460,4.862,6500
2020-10-23 09:40:51.460,4.862,1000
2020-10-23 09:40:51.460,4.862,3000
2020-10-23 09:40:51.460,4.862,800
2020-10-23 09:40:51.460,4.862,1000
2020-10-23 09:40:52.050,4.862,3000
2020-10-23 09:40:52.290,4.862,300
2020-10-23 09:40:52.840,4.862,20000
2020-10-23 09:40:52.900,4.862,1000
2020-10-23 09:40:53.070,4.862,8200
2020-10-23 09:40:53.100,4.862,5000
2020-10-23 09:40:53.970,4.862,500
2020-10-23 09:40:54.600,4.862,600
2020-10-23 09:40:55.290,4.862,1000
2020-10-23 09:40:55.470,4.862,900
2020-10-23 09:40:55.730,4.861,2500
2020-10-23 09:40:55.870,4.861,25000
2020-10-23 09:40:56.010,4.861,3100
2020-10-23 09:40:56.010,4.861,1900
2020-10-23 09:40:56.580,4.861,2400
2020-10-23 09:40:56.580,4.861,100
2020-10-23 09:40:56.910,4.861,10000
2020-10-23 09:40:57.300,4.862,20000
2020-10-23 09:40:57.300,4.862,5000
2020-10-23 09:40:57.300,4.862,1000
2020-10-23 09:40:57.300,4.862,1000
2020-10-23 09:40:57.300,4.862,300
2020-10-23 09:40:57.300,4.863,100
2020-10-23 09:40:57.300,4.863,1000
2020-10-23 09:40:57.300,4.863,700
2020-10-23 09:40:57.300,4.863,2000
2020-10-23 09:40:57.300,4.863,2900
2020-10-23 09:40:57.300,4.863,17300
2020-10-23 09:40:57.420,4.861,100
2020-10-23 09:40:57.610,4.862,100
2020-10-23 09:40:57.610,4.863,12700
2020-10-23 09:40:57.610,4.863,20000
2020-10-23 09:40:57.610,4.863,64600
2020-10-23 09:40:58.220,4.862,500
2020-10-23 09:40:58.220,4.863,500
2020-10-23 09:40:58.980,4.862,5000
2020-10-23 09:40:58.980,4.862,100
2020-10-23 09:40:58.980,4.862,3000
2020-10-23 09:40:58.980,4.862,1900
2020-10-23 09:40:59.230,4.861,2500
2020-10-23 09:40:59.430,4.861,1000
2020-10-23 09:41:00.480,4.861,8000
2020-10-23 09:41:01.100,4.862,8100
2020-10-23 09:41:01.100,4.862,5000
2020-10-23 09:41:01.100,4.862,2000
2020-10-23 09:41:01.100,4.862,5400
2020-10-23 09:41:01.100,4.862,200
2020-10-23 09:41:01.100,4.862,7600
2020-10-23 09:41:01.100,4.862,22400
2020-10-23 09:41:01.160,4.862,1000
2020-10-23 09:41:01.490,4.863,4100
2020-10-23 09:41:01.520,4.862,4200
2020-10-23 09:41:01.610,4.863,500000
2020-10-23 09:41:01.670,4.862,4200
2020-10-23 09:41:02.080,4.862,200
2020-10-23 09:41:02.080,4.862,200
2020-10-23 09:41:02.280,4.862,25000
2020-10-23 09:41:02.440,4.862,61100
2020-10-23 09:41:02.670,4.862,5000
2020-10-23 09:41:02.980,4.862,60000
2020-10-23 09:41:03.160,4.862,1000
2020-10-23 09:41:03.160,4.862,3000
2020-10-23 09:41:03.160,4.862,1000
2020-10-23 09:41:03.330,4.862,600
2020-10-23 09:41:03.390,4.862,200
2020-10-23 09:41:03.660,4.863,20700
2020-10-23 09:41:03.660,4.863,100000
2020-10-23 09:41:03.740,4.862,10900
2020-10-23 09:41:03.740,4.862,3100
2020-10-23 09:41:04.250,4.861,1300
2020-10-23 09:41:04.250,4.861,800
2020-10-23 09:41:04.250,4.861,35800
2020-10-23 09:41:04.250,4.861,2600
2020-10-23 09:41:04.250,4.861,58500
2020-10-23 09:41:04.250,4.861,3500
2020-10-23 09:41:04.280,4.862,100
2020-10-23 09:41:04.790,4.861,500
2020-10-23 09:41:04.790,4.861,100
2020-10-23 09:41:04.790,4.861,400
2020-10-23 09:41:04.980,4.861,400
2020-10-23 09:41:05.100,4.862,300
2020-10-23 09:41:05.160,4.862,10000
2020-10-23 09:41:05.340,4.861,1000
2020-10-23 09:41:05.690,4.862,5500
2020-10-23 09:41:06.410,4.862,2300
2020-10-23 09:41:07.270,4.862,1500
2020-10-23 09:41:08.730,4.862,900
2020-10-23 09:41:09.000,4.861,100
2020-10-23 09:41:09.870,4.861,600
2020-10-23 09:41:10.030,4.861,2000
2020-10-23 09:41:10.640,4.861,600
2020-10-23 09:41:11.220,4.861,100
2020-10-23 09:41:11.280,4.861,100
2020-10-23 09:41:11.590,4.86,100
2020-10-23 09:41:11.930,4.86,200
2020-10-23 09:41:11.990,4.861,22000
2020-10-23 09:41:12.410,4.86,500
2020-10-23 09:41:12.520,4.86,400
2020-10-23 09:41:12.520,4.861,100
2020-10-23 09:41:12.980,4.86,5000
2020-10-23 09:41:12.980,4.86,1100
2020-10-23 09:41:12.980,4.86,10000
2020-10-23 09:41:12.980,4.86,14200
2020-10-23 09:41:14.430,4.859,3200
2020-10-23 09:41:14.430,4.859,100
2020-10-23 09:41:14.430,4.859,100
2020-10-23 09:41:14.430,4.859,44600
2020-10-23 09:41:14.500,4.86,800
2020-10-23 09:41:15.260,4.86,100000
2020-10-23 09:41:15.290,4.86,30000
2020-10-23 09:41:16.650,4.86,600
2020-10-23 09:41:16.770,4.86,15400
2020-10-23 09:41:16.770,4.86,22900
2020-10-23 09:41:16.770,4.86,1000
2020-10-23 09:41:16.770,4.86,100
2020-10-23 09:41:16.770,4.86,1000
2020-10-23 09:41:16.770,4.86,2000
2020-10-23 09:41:16.770,4.86,900
2020-10-23 09:41:17.480,4.861,100
2020-10-23 09:41:17.600,4.86,1200
2020-10-23 09:41:17.740,4.86,900
2020-10-23 09:41:17.740,4.86,61600
2020-10-23 09:41:18.580,4.861,4900
2020-10-23 09:41:18.580,4.861,2100
2020-10-23 09:41:18.820,4.86,17300
2020-10-23 09:41:19.840,4.86,9000
2020-10-23 09:41:19.960,4.861,100
2020-10-23 09:41:20.380,4.86,1000
2020-10-23 09:41:20.410,4.861,800
2020-10-23 09:41:20.410,4.861,2200
2020-10-23 09:41:20.410,4.861,7000
2020-10-23 09:41:20.410,4.861,2000
2020-10-23 09:41:20.410,4.861,200
2020-10-23 09:41:20.410,4.861,3000
2020-10-23 09:41:20.410,4.861,1800
2020-10-23 09:41:21.210,4.86,2400
2020-10-23 09:41:21.820,4.859,1000
2020-10-23 09:41:21.820,4.859,40000
2020-10-23 09:41:21.910,4.86,2000
2020-10-23 09:41:22.320,4.86,2000
2020-10-23 09:41:22.630,4.859,45600
2020-10-23 09:41:22.810,4.86,3600
2020-10-23 09:41:22.810,4.86,1000
2020-10-23 09:41:22.810,4.861,20100
2020-10-23 09:41:22.810,4.861,5000
2020-10-23 09:41:22.810,4.861,1000
2020-10-23 09:41:22.810,4.861,44600
2020-10-23 09:41:22.810,4.861,1000
2020-10-23 09:41:22.810,4.861,3000
2020-10-23 09:41:22.810,4.861,500
2020-10-23 09:41:22.810,4.861,1700
2020-10-23 09:41:22.810,4.861,700
2020-10-23 09:41:22.810,4.861,10000
2020-10-23 09:41:22.810,4.861,500
2020-10-23 09:41:22.810,4.861,5000
2020-10-23 09:41:22.810,4.861,5300
2020-10-23 09:41:22.810,4.861,1000
2020-10-23 09:41:22.810,4.861,1000
2020-10-23 09:41:22.810,4.862,500
2020-10-23 09:41:22.810,4.862,3000
2020-10-23 09:41:22.810,4.862,2000
2020-10-23 09:41:22.810,4.862,20000
2020-10-23 09:41:22.810,4.862,100
2020-10-23 09:41:22.810,4.862,4000
2020-10-23 09:41:22.810,4.862,30000
2020-10-23 09:41:22.810,4.862,20000
2020-10-23 09:41:22.810,4.862,1200
2020-10-23 09:41:22.810,4.862,4200
2020-10-23 09:41:22.810,4.862,1500
2020-10-23 09:41:22.810,4.862,1000
2020-10-23 09:41:22.810,4.862,2000
2020-10-23 09:41:22.810,4.862,9000
2020-10-23 09:41:22.810,4.862,500
2020-10-23 09:41:22.810,4.862,3600
2020-10-23 09:41:22.810,4.862,500
2020-10-23 09:41:22.810,4.862,2000
2020-10-23 09:41:22.810,4.862,2800
2020-10-23 09:41:22.810,4.862,10500
2020-10-23 09:41:23.200,4.86,2600
2020-10-23 09:41:23.390,4.86,3000
2020-10-23 09:41:23.650,4.86,4900
2020-10-23 09:41:23.910,4.859,100
2020-10-23 09:41:23.910,4.86,19900
2020-10-23 09:41:23.980,4.86,200
2020-10-23 09:41:26.270,4.86,10000
2020-10-23 09:41:26.750,4.86,100
2020-10-23 09:41:26.810,4.86,4800
2020-10-23 09:41:26.810,4.86,1300
2020-10-23 09:41:27.120,4.86,500
2020-10-23 09:41:27.930,4.86,1000
2020-10-23 09:41:28.900,4.859,20000
2020-10-23 09:41:28.900,4.86,1000
2020-10-23 09:41:28.980,4.86,2000
2020-10-23 09:41:30.170,4.86,200
2020-10-23 09:41:30.170,4.86,100
2020-10-23 09:41:31.120,4.86,2400
2020-10-23 09:41:32.440,4.86,500
2020-10-23 09:41:32.440,4.86,1000
2020-10-23 09:41:32.970,4.859,2500
2020-10-23 09:41:34.000,4.859,5000
2020-10-23 09:41:35.060,4.86,1000
2020-10-23 09:41:35.060,4.86,1000
2020-10-23 09:41:35.300,4.859,4100
2020-10-23 09:41:35.800,4.86,4100
2020-10-23 09:41:36.100,4.859,5000
2020-10-23 09:41:36.190,4.86,100
2020-10-23 09:41:36.190,4.86,5200
2020-10-23 09:41:36.220,4.86,3000
2020-10-23 09:41:36.300,4.859,1000
2020-10-23 09:41:36.470,4.859,30000
2020-10-23 09:41:37.000,4.86,2100
2020-10-23 09:41:37.000,4.86,2900
2020-10-23 09:41:37.260,4.859,10000
2020-10-23 09:41:37.400,4.859,1000
2020-10-23 09:41:37.600,4.86,100
2020-10-23 09:41:37.600,4.86,900
2020-10-23 09:41:37.740,4.859,20000
2020-10-23 09:41:38.150,4.859,2000
2020-10-23 09:41:38.700,4.859,18000
2020-10-23 09:41:38.910,4.86,2100
2020-10-23 09:41:38.910,4.86,800
2020-10-23 09:41:38.910,4.86,5000
2020-10-23 09:41:38.910,4.86,1000
2020-10-23 09:41:38.910,4.86,100
2020-10-23 09:41:38.910,4.86,400
2020-10-23 09:41:38.910,4.86,2000
2020-10-23 09:41:38.910,4.86,600
2020-10-23 09:41:38.910,4.86,100
2020-10-23 09:41:38.910,4.86,200
2020-10-23 09:41:38.910,4.86,1000
2020-10-23 09:41:38.910,4.86,1000
2020-10-23 09:41:38.910,4.86,14700
2020-10-23 09:41:39.020,4.859,30000
2020-10-23 09:41:39.130,4.859,300
2020-10-23 09:41:39.330,4.859,1000
2020-10-23 09:41:39.750,4.859,4000
2020-10-23 09:41:40.080,4.859,5000
2020-10-23 09:41:40.100,4.86,200
2020-10-23 09:41:40.190,4.86,200
2020-10-23 09:41:40.970,4.859,2000
2020-10-23 09:41:40.970,4.859,500
2020-10-23 09:41:41.180,4.859,10000
2020-10-23 09:41:41.620,4.859,500
2020-10-23 09:41:41.960,4.859,600
2020-10-23 09:41:42.270,4.859,20000
2020-10-23 09:41:42.480,4.859,5000
2020-10-23 09:41:42.600,4.859,2500
2020-10-23 09:41:42.600,4.859,1800
2020-10-23 09:41:42.690,4.859,100
2020-10-23 09:41:43.210,4.859,20000
2020-10-23 09:41:44.240,4.859,18500
2020-10-23 09:41:44.240,4.859,31500
2020-10-23 09:41:45.110,4.859,2000
2020-10-23 09:41:45.220,4.859,400
2020-10-23 09:41:45.590,4.859,700
2020-10-23 09:41:45.880,4.859,2300
2020-10-23 09:41:45.880,4.86,2700
2020-10-23 09:41:45.960,4.86,100
2020-10-23 09:41:46.980,4.859,100
2020-10-23 09:41:46.980,4.859,20800
2020-10-23 09:41:47.520,4.859,10000
2020-10-23 09:41:47.660,4.859,6000
2020-10-23 09:41:47.680,4.859,5000
2020-10-23 09:41:48.000,4.859,1000
2020-10-23 09:41:48.140,4.86,2000
2020-10-23 09:41:48.520,4.859,2600
2020-10-23 09:41:48.520,4.859,1000
2020-10-23 09:41:49.850,4.859,20000
2020-10-23 09:41:49.980,4.859,6000
2020-10-23 09:41:50.150,4.859,600
2020-10-23 09:41:50.240,4.859,10200
2020-10-23 09:41:50.750,4.859,3400
2020-10-23 09:41:51.440,4.859,33300
2020-10-23 09:41:51.440,4.859,6700
2020-10-23 09:41:51.440,4.86,3300
2020-10-23 09:41:52.770,4.859,5000
2020-10-23 09:41:52.770,4.859,10000
2020-10-23 09:41:52.770,4.859,2000
2020-10-23 09:41:52.770,4.859,3000
2020-10-23 09:41:52.840,4.859,2000
2020-10-23 09:41:52.840,4.859,5000
2020-10-23 09:41:52.840,4.86,13000
2020-10-23 09:41:53.760,4.859,3600
2020-10-23 09:41:53.950,4.859,400
2020-10-23 09:41:54.040,4.86,300
2020-10-23 09:41:54.060,4.86,13500
2020-10-23 09:41:54.060,4.86,2000
2020-10-23 09:41:54.120,4.859,6000
2020-10-23 09:41:54.210,4.858,1000
2020-10-23 09:41:54.470,4.859,10000
2020-10-23 09:41:54.810,4.858,7000
2020-10-23 09:41:55.760,4.859,4000
2020-10-23 09:41:55.790,4.859,10000
2020-10-23 09:41:56.630,4.858,1000
2020-10-23 09:41:57.140,4.859,400
2020-10-23 09:41:57.140,4.859,300
2020-10-23 09:41:57.140,4.859,200
2020-10-23 09:41:57.140,4.859,500
2020-10-23 09:41:57.140,4.859,20000
2020-10-23 09:41:57.140,4.859,1000
2020-10-23 09:41:57.140,4.859,2000
2020-10-23 09:41:57.140,4.859,5000
2020-10-23 09:41:57.250,4.86,200
2020-10-23 09:41:57.820,4.86,5000
2020-10-23 09:41:58.080,4.859,200
2020-10-23 09:41:58.610,4.86,2800
2020-10-23 09:41:58.610,4.86,800
2020-10-23 09:41:58.610,4.86,2000
2020-10-23 09:41:58.610,4.86,4400
2020-10-23 09:41:58.800,4.859,1900
2020-10-23 09:41:59.530,4.86,500
2020-10-23 09:41:59.810,4.859,2000
2020-10-23 09:41:59.900,4.859,12000
2020-10-23 09:42:01.190,4.859,6100
2020-10-23 09:42:01.250,4.859,13900
2020-10-23 09:42:01.430,4.86,4100
2020-10-23 09:42:01.430,4.86,1500
2020-10-23 09:42:01.430,4.86,600
2020-10-23 09:42:01.430,4.859,600
2020-10-23 09:42:01.510,4.859,3200
2020-10-23 09:42:01.540,4.859,100
2020-10-23 09:42:01.860,4.86,30000
2020-10-23 09:42:01.910,4.86,19400
2020-10-23 09:42:01.910,4.86,10600
2020-10-23 09:42:02.730,4.859,1000
2020-10-23 09:42:03.040,4.86,500
2020-10-23 09:42:03.880,4.859,200
2020-10-23 09:42:04.330,4.86,8900
2020-10-23 09:42:04.330,4.86,3000
2020-10-23 09:42:04.330,4.86,2500
2020-10-23 09:42:04.330,4.86,2000
2020-10-23 09:42:04.330,4.86,2000
2020-10-23 09:42:04.330,4.86,6600
2020-10-23 09:42:04.330,4.86,1000
2020-10-23 09:42:04.330,4.86,2000
2020-10-23 09:42:04.330,4.86,100
2020-10-23 09:42:04.330,4.86,3000
2020-10-23 09:42:04.330,4.86,180000
2020-10-23 09:42:04.330,4.86,10000
2020-10-23 09:42:04.330,4.86,20000
2020-10-23 09:42:04.330,4.86,22700
2020-10-23 09:42:04.330,4.86,10000
2020-10-23 09:42:04.330,4.86,1000
2020-10-23 09:42:04.330,4.86,2000
2020-10-23 09:42:04.330,4.86,2000
2020-10-23 09:42:04.330,4.86,400
2020-10-23 09:42:04.330,4.86,100
2020-10-23 09:42:04.330,4.86,20000
2020-10-23 09:42:04.330,4.86,5700
2020-10-23 09:42:04.330,4.86,1000
2020-10-23 09:42:04.330,4.86,500
2020-10-23 09:42:04.330,4.86,1000
2020-10-23 09:42:04.330,4.86,6000
2020-10-23 09:42:04.670,4.86,19100
2020-10-23 09:42:04.870,4.86,1100
2020-10-23 09:42:04.870,4.861,10000
2020-10-23 09:42:04.870,4.861,10000
2020-10-23 09:42:04.870,4.861,2000
2020-10-23 09:42:04.870,4.861,500
2020-10-23 09:42:04.870,4.861,1000
2020-10-23 09:42:04.870,4.861,1000
2020-10-23 09:42:04.870,4.861,3000
2020-10-23 09:42:04.870,4.861,2100
2020-10-23 09:42:04.870,4.861,2000
2020-10-23 09:42:04.870,4.861,5000
2020-10-23 09:42:04.870,4.861,5000
2020-10-23 09:42:04.870,4.861,5000
2020-10-23 09:42:04.870,4.861,10000
2020-10-23 09:42:04.870,4.861,3400
2020-10-23 09:42:05.280,4.86,500
2020-10-23 09:42:06.110,4.86,2000
2020-10-23 09:42:06.140,4.861,6600
2020-10-23 09:42:06.140,4.861,1800
2020-10-23 09:42:06.140,4.861,5000
2020-10-23 09:42:06.140,4.861,1000
2020-10-23 09:42:06.140,4.861,2000
2020-10-23 09:42:06.140,4.861,300
2020-10-23 09:42:06.140,4.861,3500
2020-10-23 09:42:06.460,4.861,10000
2020-10-23 09:42:06.890,4.861,300
2020-10-23 09:42:07.380,4.861,1100
2020-10-23 09:42:07.410,4.861,1000
2020-10-23 09:42:07.470,4.861,300
2020-10-23 09:42:07.560,4.861,1100
2020-10-23 09:42:07.870,4.861,100
2020-10-23 09:42:08.310,4.861,3000
2020-10-23 09:42:09.140,4.861,162900
2020-10-23 09:42:09.140,4.861,37100
2020-10-23 09:42:09.590,4.861,100
2020-10-23 09:42:09.780,4.861,2500
2020-10-23 09:42:10.040,4.86,1000
2020-10-23 09:42:10.310,4.862,200
2020-10-23 09:42:10.310,4.862,20000
2020-10-23 09:42:10.310,4.862,6900
2020-10-23 09:42:10.310,4.862,100
2020-10-23 09:42:10.310,4.862,600
2020-10-23 09:42:10.310,4.862,2000
2020-10-23 09:42:10.310,4.862,1000
2020-10-23 09:42:10.310,4.862,3000
2020-10-23 09:42:10.310,4.862,900
2020-10-23 09:42:10.310,4.862,2300
2020-10-23 09:42:10.310,4.862,2000
2020-10-23 09:42:10.310,4.862,12300
2020-10-23 09:42:10.310,4.862,10000
2020-10-23 09:42:10.310,4.862,10000
2020-10-23 09:42:10.310,4.862,300
2020-10-23 09:42:10.310,4.862,1000
2020-10-23 09:42:10.310,4.862,5000
2020-10-23 09:42:10.310,4.862,600
2020-10-23 09:42:10.310,4.862,1800
2020-10-23 09:42:10.770,4.862,1200
2020-10-23 09:42:10.770,4.862,1000
2020-10-23 09:42:10.770,4.862,17700
2020-10-23 09:42:10.770,4.862,5000
2020-10-23 09:42:10.770,4.862,5000
2020-10-23 09:42:10.770,4.862,100
2020-10-23 09:42:10.850,4.86,10000
2020-10-23 09:42:10.850,4.86,5000
2020-10-23 09:42:11.720,4.861,17500
2020-10-23 09:42:12.070,4.862,6200
2020-10-23 09:42:12.070,4.862,3800
2020-10-23 09:42:12.070,4.862,500
2020-10-23 09:42:12.070,4.862,1000
2020-10-23 09:42:12.070,4.862,1500
2020-10-23 09:42:12.070,4.862,4000
2020-10-23 09:42:12.070,4.863,279000
2020-10-23 09:42:12.160,4.861,2000
2020-10-23 09:42:12.990,4.861,800
2020-10-23 09:42:13.400,4.862,4000
2020-10-23 09:42:13.400,4.862,5000
2020-10-23 09:42:13.400,4.862,5000
2020-10-23 09:42:13.790,4.863,20000
2020-10-23 09:42:13.790,4.863,11100
2020-10-23 09:42:13.790,4.863,100
2020-10-23 09:42:13.790,4.863,5000
2020-10-23 09:42:13.790,4.863,3800
2020-10-23 09:42:13.790,4.863,5200
2020-10-23 09:42:13.790,4.863,5000
2020-10-23 09:42:13.790,4.863,19800
2020-10-23 09:42:13.790,4.863,200
2020-10-23 09:42:13.790,4.863,900
2020-10-23 09:42:13.790,4.863,500
2020-10-23 09:42:13.790,4.863,1100
2020-10-23 09:42:13.790,4.863,5000
2020-10-23 09:42:13.790,4.863,10000
2020-10-23 09:42:13.790,4.863,3000
2020-10-23 09:42:13.790,4.863,1000
2020-10-23 09:42:13.790,4.863,7000
2020-10-23 09:42:13.790,4.863,1000
2020-10-23 09:42:13.790,4.863,300
2020-10-23 09:42:13.790,4.863,1200
2020-10-23 09:42:13.790,4.863,500
2020-10-23 09:42:13.790,4.863,3800
2020-10-23 09:42:13.790,4.863,5000
2020-10-23 09:42:13.790,4.863,100
2020-10-23 09:42:13.790,4.863,700
2020-10-23 09:42:13.790,4.863,200
2020-10-23 09:42:13.790,4.863,2000
2020-10-23 09:42:13.790,4.863,2000
2020-10-23 09:42:13.790,4.863,5000
2020-10-23 09:42:13.790,4.863,9500
2020-10-23 09:42:14.300,4.862,2000
2020-10-23 09:42:14.900,4.862,3000
2020-10-23 09:42:15.010,4.863,500
2020-10-23 09:42:15.010,4.863,1500
2020-10-23 09:42:15.010,4.863,2000
2020-10-23 09:42:15.010,4.863,17700
2020-10-23 09:42:15.010,4.863,4500
2020-10-23 09:42:15.010,4.863,7800
2020-10-23 09:42:15.100,4.863,2000
2020-10-23 09:42:15.170,4.863,2000
2020-10-23 09:42:15.290,4.863,10000
2020-10-23 09:42:15.380,4.863,1000
2020-10-23 09:42:15.940,4.863,1000
2020-10-23 09:42:16.000,4.863,2500
2020-10-23 09:42:16.320,4.863,47400
2020-10-23 09:42:16.530,4.863,3000
2020-10-23 09:42:16.560,4.863,500
2020-10-23 09:42:16.920,4.863,2000
2020-10-23 09:42:17.380,4.863,6100
2020-10-23 09:42:17.380,4.862,10100
2020-10-23 09:42:17.380,4.862,33800
2020-10-23 09:42:18.550,4.862,8900
2020-10-23 09:42:18.760,4.862,4600
2020-10-23 09:42:18.930,4.862,1000
2020-10-23 09:42:18.980,4.862,30500
2020-10-23 09:42:19.270,4.862,1000
2020-10-23 09:42:21.740,4.864,2000
2020-10-23 09:42:21.740,4.864,100
2020-10-23 09:42:21.740,4.864,20000
2020-10-23 09:42:21.740,4.864,1000
2020-10-23 09:42:21.740,4.864,41500
2020-10-23 09:42:21.740,4.864,2000
2020-10-23 09:42:21.740,4.864,9900
2020-10-23 09:42:21.740,4.864,3500
2020-10-23 09:42:21.770,4.864,2600
2020-10-23 09:42:21.770,4.864,1000
2020-10-23 09:42:21.770,4.864,23600
2020-10-23 09:42:21.770,4.864,1900
2020-10-23 09:42:21.770,4.864,1000
2020-10-23 09:42:22.100,4.864,200
2020-10-23 09:42:22.100,4.864,2500
2020-10-23 09:42:22.300,4.864,600
2020-10-23 09:42:22.300,4.862,2000
2020-10-23 09:42:22.300,4.862,57400
2020-10-23 09:42:23.540,4.865,300
2020-10-23 09:42:23.790,4.864,1000
2020-10-23 09:42:24.160,4.864,100
2020-10-23 09:42:24.390,4.864,1000
2020-10-23 09:42:24.450,4.864,400
2020-10-23 09:42:24.500,4.862,500
2020-10-23 09:42:24.500,4.862,500
2020-10-23 09:42:24.740,4.863,100
2020-10-23 09:42:25.020,4.862,5000
2020-10-23 09:42:25.110,4.862,3300
2020-10-23 09:42:25.110,4.862,37200
2020-10-23 09:42:25.580,4.863,100
2020-10-23 09:42:25.580,4.863,100
2020-10-23 09:42:25.580,4.863,9000
2020-10-23 09:42:25.580,4.864,1600
2020-10-23 09:42:25.580,4.864,1000
2020-10-23 09:42:25.580,4.864,600
2020-10-23 09:42:25.580,4.865,400
2020-10-23 09:42:25.580,4.865,6000
2020-10-23 09:42:25.580,4.865,300
2020-10-23 09:42:25.580,4.865,200
2020-10-23 09:42:25.580,4.865,100
2020-10-23 09:42:25.580,4.865,5000
2020-10-23 09:42:25.580,4.865,300
2020-10-23 09:42:25.580,4.865,500
2020-10-23 09:42:25.580,4.865,200
2020-10-23 09:42:25.580,4.865,4000
2020-10-23 09:42:25.580,4.865,600
2020-10-23 09:42:25.680,4.862,1300
2020-10-23 09:42:26.870,4.862,10000
2020-10-23 09:42:26.930,4.862,4000
2020-10-23 09:42:27.180,4.862,300
2020-10-23 09:42:27.240,4.864,100
2020-10-23 09:42:27.370,4.862,20000
2020-10-23 09:42:27.370,4.862,2500
2020-10-23 09:42:27.560,4.862,1500
2020-10-23 09:42:27.560,4.862,400
2020-10-23 09:42:28.650,4.862,3000
2020-10-23 09:42:29.760,4.864,700
2020-10-23 09:42:29.760,4.864,100
2020-10-23 09:42:29.760,4.864,100
2020-10-23 09:42:29.760,4.865,500
2020-10-23 09:42:29.760,4.865,1000
2020-10-23 09:42:29.760,4.865,600
2020-10-23 09:42:30.880,4.862,600
2020-10-23 09:42:33.150,4.864,2000
2020-10-23 09:42:33.150,4.864,200
2020-10-23 09:42:33.150,4.864,1000
2020-10-23 09:42:33.150,4.864,1800
2020-10-23 09:42:35.150,4.863,2100
2020-10-23 09:42:35.150,4.862,6100
2020-10-23 09:42:35.150,4.862,1800
2020-10-23 09:42:36.250,4.864,700
2020-10-23 09:42:36.250,4.864,200
2020-10-23 09:42:37.800,4.864,800
2020-10-23 09:42:37.800,4.864,3000
2020-10-23 09:42:37.800,4.864,16200
2020-10-23 09:42:37.820,4.864,10000
2020-10-23 09:42:38.480,4.863,100
2020-10-23 09:42:40.740,4.863,3000
2020-10-23 09:42:40.800,4.864,16800
2020-10-23 09:42:40.800,4.864,500
2020-10-23 09:42:40.800,4.864,2700
2020-10-23 09:42:40.940,4.864,7300
2020-10-23 09:42:40.940,4.864,300
2020-10-23 09:42:40.940,4.865,400
2020-10-23 09:42:40.940,4.865,3000
2020-10-23 09:42:40.940,4.865,1000
2020-10-23 09:42:42.840,4.863,4000
2020-10-23 09:42:42.870,4.864,3000
2020-10-23 09:42:43.010,4.863,2000
2020-10-23 09:42:43.750,4.864,100
2020-10-23 09:42:43.780,4.864,10000
2020-10-23 09:42:43.810,4.864,60000
2020-10-23 09:42:43.810,4.864,10000
2020-10-23 09:42:45.510,4.863,20000
2020-10-23 09:42:46.040,4.864,16900
2020-10-23 09:42:46.040,4.864,3000
2020-10-23 09:42:46.040,4.864,100
2020-10-23 09:42:46.500,4.863,1500
2020-10-23 09:42:47.100,4.863,500
2020-10-23 09:42:47.680,4.864,4900
2020-10-23 09:42:47.680,4.864,3200
2020-10-23 09:42:47.680,4.864,1000
2020-10-23 09:42:47.680,4.864,500
2020-10-23 09:42:47.680,4.865,400
2020-10-23 09:42:48.290,4.863,2000
2020-10-23 09:42:48.730,4.863,10000
2020-10-23 09:42:49.290,4.864,2900
2020-10-23 09:42:49.940,4.864,200
2020-10-23 09:42:50.060,4.864,4600
2020-10-23 09:42:51.360,4.864,2300
2020-10-23 09:42:51.360,4.864,100
2020-10-23 09:42:51.360,4.864,8800
2020-10-23 09:42:51.930,4.863,500
2020-10-23 09:42:52.390,4.863,2000
2020-10-23 09:42:52.760,4.864,1200
2020-10-23 09:42:52.760,4.864,2000
2020-10-23 09:42:52.760,4.864,20000
2020-10-23 09:42:52.760,4.864,300
2020-10-23 09:42:52.760,4.864,300
2020-10-23 09:42:52.760,4.864,66200
2020-10-23 09:42:52.820,4.864,3000
2020-10-23 09:42:52.990,4.864,5000
2020-10-23 09:42:53.240,4.863,500
2020-10-23 09:42:53.530,4.863,5000
2020-10-23 09:42:54.320,4.863,1000
2020-10-23 09:42:54.730,4.863,500
2020-10-23 09:42:55.800,4.864,20000
2020-10-23 09:42:56.900,4.864,900
2020-10-23 09:42:57.200,4.864,4300
2020-10-23 09:42:57.200,4.864,4200
2020-10-23 09:42:57.200,4.864,1500
2020-10-23 09:42:57.390,4.864,2000
2020-10-23 09:42:57.840,4.864,10000
2020-10-23 09:42:58.510,4.864,4100
2020-10-23 09:42:58.760,4.864,5400
2020-10-23 09:42:58.760,4.864,4600
2020-10-23 09:42:58.880,4.864,5400
2020-10-23 09:42:58.880,4.864,2100
2020-10-23 09:42:59.170,4.864,18100
2020-10-23 09:42:59.920,4.865,3600
2020-10-23 09:42:59.920,4.865,500
2020-10-23 09:42:59.920,4.865,700
2020-10-23 09:43:00.840,4.865,200
2020-10-23 09:43:01.010,4.865,2700
2020-10-23 09:43:01.010,4.865,1000
2020-10-23 09:43:01.010,4.865,3000
2020-10-23 09:43:01.010,4.865,10000
2020-10-23 09:43:01.010,4.865,500
2020-10-23 09:43:01.010,4.865,1000
2020-10-23 09:43:01.010,4.865,2000
2020-10-23 09:43:01.010,4.865,5000
2020-10-23 09:43:01.010,4.865,20000
2020-10-23 09:43:01.010,4.865,100
2020-10-23 09:43:01.010,4.865,32000
2020-10-23 09:43:01.010,4.865,500
2020-10-23 09:43:01.010,4.865,8600
2020-10-23 09:43:01.010,4.865,5000
2020-10-23 09:43:01.010,4.865,8900
2020-10-23 09:43:01.010,4.865,10000
2020-10-23 09:43:01.010,4.865,500
2020-10-23 09:43:01.010,4.865,500
2020-10-23 09:43:01.010,4.865,7000
2020-10-23 09:43:01.010,4.865,1000
2020-10-23 09:43:01.010,4.865,5000
2020-10-23 09:43:01.010,4.865,4000
2020-10-23 09:43:01.010,4.865,20000
2020-10-23 09:43:01.010,4.865,3000
2020-10-23 09:43:01.010,4.865,1000
2020-10-23 09:43:01.010,4.865,1000
2020-10-23 09:43:01.010,4.865,100
2020-10-23 09:43:01.010,4.865,500
2020-10-23 09:43:01.010,4.865,100
2020-10-23 09:43:01.010,4.865,1600
2020-10-23 09:43:01.010,4.865,4700
2020-10-23 09:43:01.010,4.865,500
2020-10-23 09:43:01.010,4.865,1000
2020-10-23 09:43:01.010,4.865,1000
2020-10-23 09:43:01.010,4.865,15000
2020-10-23 09:43:01.010,4.865,1000
2020-10-23 09:43:01.010,4.865,200
2020-10-23 09:43:01.010,4.865,155000
2020-10-23 09:43:01.010,4.865,18300
2020-10-23 09:43:01.010,4.865,16200
2020-10-23 09:43:01.010,4.865,10000
2020-10-23 09:43:01.010,4.865,30000
2020-10-23 09:43:01.010,4.865,1000
2020-10-23 09:43:01.010,4.865,10000
2020-10-23 09:43:01.010,4.865,500
2020-10-23 09:43:01.010,4.865,200
2020-10-23 09:43:01.010,4.865,5000
2020-10-23 09:43:01.010,4.865,500
2020-10-23 09:43:01.010,4.865,100
2020-10-23 09:43:01.010,4.865,10000
2020-10-23 09:43:01.010,4.865,6400
2020-10-23 09:43:01.010,4.865,10000
2020-10-23 09:43:01.320,4.865,5000
2020-10-23 09:43:01.760,4.865,2000
2020-10-23 09:43:01.760,4.865,5000
2020-10-23 09:43:01.870,4.865,4000
2020-10-23 09:43:01.870,4.865,2000
2020-10-23 09:43:01.950,4.866,100
2020-10-23 09:43:01.950,4.866,300
2020-10-23 09:43:01.950,4.866,10000
2020-10-23 09:43:01.950,4.866,700
2020-10-23 09:43:01.950,4.866,2500
2020-10-23 09:43:01.950,4.866,100
2020-10-23 09:43:01.950,4.866,3900
2020-10-23 09:43:01.950,4.866,500
2020-10-23 09:43:01.950,4.866,1900
2020-10-23 09:43:02.970,4.866,100
2020-10-23 09:43:03.030,4.866,1000
2020-10-23 09:43:03.030,4.866,1000
2020-10-23 09:43:03.030,4.866,4000
2020-10-23 09:43:03.030,4.866,4000
2020-10-23 09:43:03.030,4.866,2000
2020-10-23 09:43:03.030,4.866,8400
2020-10-23 09:43:03.140,4.866,1600
2020-10-23 09:43:03.140,4.866,1000
2020-10-23 09:43:03.140,4.866,5000
2020-10-23 09:43:03.140,4.866,800
2020-10-23 09:43:03.140,4.866,1000
2020-10-23 09:43:03.140,4.866,200
2020-10-23 09:43:03.140,4.866,3000
2020-10-23 09:43:03.140,4.866,1100
2020-10-23 09:43:03.140,4.866,500
2020-10-23 09:43:03.140,4.866,5800
2020-10-23 09:43:03.230,4.866,10000
2020-10-23 09:43:03.290,4.865,12400
2020-10-23 09:43:03.460,4.865,4000
2020-10-23 09:43:03.490,4.865,200
2020-10-23 09:43:03.490,4.865,5000
2020-10-23 09:43:03.490,4.865,2000
2020-10-23 09:43:03.490,4.865,100
2020-10-23 09:43:03.630,4.865,1000
2020-10-23 09:43:04.780,4.866,10000
2020-10-23 09:43:04.780,4.866,200
2020-10-23 09:43:04.780,4.866,9800
2020-10-23 09:43:04.920,4.865,3700
2020-10-23 09:43:05.380,4.865,10000
2020-10-23 09:43:07.060,4.865,3200
2020-10-23 09:43:07.240,4.866,200
2020-10-23 09:43:07.240,4.866,100
2020-10-23 09:43:07.240,4.866,500
2020-10-23 09:43:07.240,4.866,5000
2020-10-23 09:43:07.240,4.866,5000
2020-10-23 09:43:07.240,4.867,200
2020-10-23 09:43:07.240,4.867,2300
2020-10-23 09:43:07.240,4.867,300
2020-10-23 09:43:07.240,4.867,100
2020-10-23 09:43:07.240,4.867,600
2020-10-23 09:43:07.240,4.867,5700
2020-10-23 09:43:07.330,4.865,1700
2020-10-23 09:43:07.640,4.865,1000
2020-10-23 09:43:07.980,4.866,900
2020-10-23 09:43:07.980,4.866,4100
2020-10-23 09:43:08.270,4.866,2200
2020-10-23 09:43:08.270,4.866,500
2020-10-23 09:43:08.490,4.866,20000
2020-10-23 09:43:08.490,4.866,3000
2020-10-23 09:43:08.490,4.866,27000
2020-10-23 09:43:08.520,4.866,16800
2020-10-23 09:43:08.520,4.866,600
2020-10-23 09:43:08.520,4.866,1900
2020-10-23 09:43:08.520,4.865,700
2020-10-23 09:43:08.880,4.865,1000
2020-10-23 09:43:09.380,4.865,1000
2020-10-23 09:43:10.200,4.865,4600
2020-10-23 09:43:10.200,4.865,400
2020-10-23 09:43:10.540,4.865,1600
2020-10-23 09:43:10.540,4.864,100
2020-10-23 09:43:10.540,4.864,200
2020-10-23 09:43:10.540,4.864,700
2020-10-23 09:43:10.740,4.864,1400
2020-10-23 09:43:10.740,4.864,1000
2020-10-23 09:43:10.740,4.864,1500
2020-10-23 09:43:12.240,4.864,5200
2020-10-23 09:43:12.500,4.864,500
