Datetime,Price,Volume
2020-08-04 09:25:00.290,3.337,9000
2020-08-04 09:25:00.290,3.337,700
2020-08-04 09:25:00.290,3.337,7000
2020-08-04 09:25:00.290,3.337,22400
2020-08-04 09:25:00.290,3.337,1900
2020-08-04 09:25:00.290,3.337,7800
2020-08-04 09:25:00.290,3.337,5000
2020-08-04 09:25:00.290,3.337,2900
2020-08-04 09:25:00.290,3.337,4100
2020-08-04 09:25:00.290,3.337,30000
2020-08-04 09:25:00.290,3.337,2000
2020-08-04 09:25:00.290,3.337,2000
2020-08-04 09:25:00.290,3.337,100
2020-08-04 09:25:00.290,3.337,71800
2020-08-04 09:25:00.290,3.337,1500
2020-08-04 09:25:00.290,3.337,3000
2020-08-04 09:25:00.290,3.337,3000
2020-08-04 09:25:00.290,3.337,400
2020-08-04 09:25:00.290,3.337,6000
2020-08-04 09:25:00.290,3.337,100
2020-08-04 09:25:00.290,3.337,8500
2020-08-04 09:25:00.290,3.337,10000
2020-08-04 09:25:00.290,3.337,100000
2020-08-04 09:25:00.290,3.337,3400
2020-08-04 09:25:00.290,3.337,6000
2020-08-04 09:25:00.290,3.337,6000
2020-08-04 09:25:00.290,3.337,6000
2020-08-04 09:25:00.290,3.337,19000
2020-08-04 09:25:00.290,3.337,6000
2020-08-04 09:25:00.290,3.337,100
2020-08-04 09:25:00.290,3.337,100
2020-08-04 09:25:00.290,3.337,6000
2020-08-04 09:25:00.290,3.337,5900
2020-08-04 09:25:00.290,3.337,15700
2020-08-04 09:25:00.290,3.337,200
2020-08-04 09:25:00.290,3.337,100
2020-08-04 09:25:00.290,3.337,2000
2020-08-04 09:25:00.290,3.337,2000
2020-08-04 09:25:00.290,3.337,600
2020-08-04 09:25:00.290,3.337,200
2020-08-04 09:25:00.290,3.337,1500
2020-08-04 09:25:00.290,3.337,1200
2020-08-04 09:25:00.290,3.337,2000
2020-08-04 09:25:00.290,3.337,100
2020-08-04 09:25:00.290,3.337,100
2020-08-04 09:25:00.290,3.337,10100
2020-08-04 09:25:00.290,3.337,400
2020-08-04 09:25:00.290,3.337,1500
2020-08-04 09:25:00.290,3.337,1000
2020-08-04 09:25:00.290,3.337,400
2020-08-04 09:25:00.290,3.337,200
2020-08-04 09:25:00.290,3.337,6000
2020-08-04 09:25:00.290,3.337,1500
2020-08-04 09:25:00.290,3.337,700
2020-08-04 09:25:00.290,3.337,49400
2020-08-04 09:25:00.290,3.337,100
2020-08-04 09:25:00.290,3.337,1500
2020-08-04 09:25:00.290,3.337,200
2020-08-04 09:25:00.290,3.337,400
2020-08-04 09:25:00.290,3.337,6100
2020-08-04 09:25:00.290,3.337,100
2020-08-04 09:25:00.290,3.337,700
2020-08-04 09:25:00.290,3.337,100
2020-08-04 09:25:00.290,3.337,1500
2020-08-04 09:25:00.290,3.337,800
2020-08-04 09:25:00.290,3.337,100
2020-08-04 09:25:00.290,3.337,83700
2020-08-04 09:25:00.290,3.337,500
2020-08-04 09:25:00.290,3.337,1800
2020-08-04 09:25:00.290,3.337,300
2020-08-04 09:25:00.290,3.337,10000
2020-08-04 09:25:00.290,3.337,7200
2020-08-04 09:25:00.290,3.337,17500
2020-08-04 09:25:00.290,3.337,200
2020-08-04 09:25:00.290,3.337,1300
2020-08-04 09:25:00.290,3.337,10500
2020-08-04 09:25:00.290,3.337,30000
2020-08-04 09:25:00.290,3.337,19500
2020-08-04 09:25:00.290,3.337,200
2020-08-04 09:25:00.290,3.337,2000
2020-08-04 09:25:00.290,3.337,6000
2020-08-04 09:25:00.290,3.337,300
2020-08-04 09:25:00.290,3.337,1000
2020-08-04 09:25:00.290,3.337,300
2020-08-04 09:25:00.290,3.337,20000
2020-08-04 09:25:00.290,3.337,8600
2020-08-04 09:25:00.290,3.337,5700
2020-08-04 09:25:00.290,3.337,1800
2020-08-04 09:25:00.290,3.337,20900
2020-08-04 09:25:00.290,3.337,50000
2020-08-04 09:25:00.290,3.337,100000
2020-08-04 09:25:00.290,3.337,10000
2020-08-04 09:25:00.290,3.337,6000
2020-08-04 09:25:00.290,3.337,25200
2020-08-04 09:25:00.290,3.337,814000
2020-08-04 09:25:00.290,3.337,900
2020-08-04 09:25:00.290,3.337,600
2020-08-04 09:25:00.290,3.337,100
2020-08-04 09:25:00.290,3.337,500
2020-08-04 09:25:00.290,3.337,7800
2020-08-04 09:25:00.290,3.337,6000
2020-08-04 09:25:00.290,3.337,1400
2020-08-04 09:25:00.290,3.337,68700
2020-08-04 09:25:00.290,3.337,2000
2020-08-04 09:25:00.290,3.337,10000
2020-08-04 09:25:00.290,3.337,100
2020-08-04 09:25:00.290,3.337,20000
2020-08-04 09:25:00.290,3.337,20000
2020-08-04 09:25:00.290,3.337,15000
2020-08-04 09:25:00.290,3.337,4200
2020-08-04 09:25:00.290,3.337,100
2020-08-04 09:25:00.290,3.337,6000
2020-08-04 09:25:00.290,3.337,3000
2020-08-04 09:25:00.290,3.337,500
2020-08-04 09:25:00.290,3.337,100
2020-08-04 09:25:00.290,3.337,3000
2020-08-04 09:25:00.290,3.337,200
2020-08-04 09:25:00.290,3.337,5000
2020-08-04 09:25:00.290,3.337,1000
2020-08-04 09:25:00.290,3.337,2000
2020-08-04 09:25:00.290,3.337,13000
2020-08-04 09:25:00.290,3.337,6000
2020-08-04 09:25:00.290,3.337,1000
2020-08-04 09:25:00.290,3.337,1000
2020-08-04 09:25:00.290,3.337,6700
2020-08-04 09:25:00.290,3.337,25000
2020-08-04 09:25:00.290,3.337,200
2020-08-04 09:25:00.290,3.337,22000
2020-08-04 09:25:00.290,3.337,30000
2020-08-04 09:25:00.290,3.337,10000
2020-08-04 09:25:00.290,3.337,20000
2020-08-04 09:25:00.290,3.337,122000
2020-08-04 09:25:00.290,3.337,10000
2020-08-04 09:25:00.290,3.337,10000
2020-08-04 09:25:00.290,3.337,180000
2020-08-04 09:25:00.290,3.337,96000
2020-08-04 09:25:00.290,3.337,700
2020-08-04 09:25:00.290,3.337,3000
2020-08-04 09:25:00.290,3.337,20000
2020-08-04 09:25:00.290,3.337,46100
2020-08-04 09:25:00.290,3.337,100000
2020-08-04 09:25:00.290,3.337,20000
2020-08-04 09:25:00.290,3.337,14200
2020-08-04 09:25:00.290,3.337,85800
2020-08-04 09:25:00.290,3.337,100000
2020-08-04 09:25:00.290,3.337,20000
2020-08-04 09:25:00.290,3.337,300
2020-08-04 09:25:00.290,3.337,400
2020-08-04 09:25:00.290,3.337,93500
2020-08-04 09:25:00.290,3.337,206500
2020-08-04 09:25:00.290,3.337,93500
2020-08-04 09:25:00.290,3.337,5000
2020-08-04 09:25:00.290,3.337,1500
2020-08-04 09:25:00.290,3.337,1000
2020-08-04 09:25:00.290,3.337,7500
2020-08-04 09:25:00.290,3.337,100
2020-08-04 09:25:00.290,3.337,13700
2020-08-04 09:25:00.290,3.337,78700
2020-08-04 09:25:00.290,3.337,50000
2020-08-04 09:25:00.290,3.337,100
2020-08-04 09:25:00.290,3.337,300
2020-08-04 09:25:00.290,3.337,90000
2020-08-04 09:25:00.290,3.337,1000
2020-08-04 09:25:00.290,3.337,100
2020-08-04 09:25:00.290,3.337,2000
2020-08-04 09:25:00.290,3.337,100
2020-08-04 09:25:00.290,3.337,677700
2020-08-04 09:25:00.290,3.337,15000
2020-08-04 09:25:00.290,3.337,100
2020-08-04 09:25:00.290,3.337,2900
2020-08-04 09:25:00.290,3.337,30000
2020-08-04 09:25:00.290,3.337,274300
2020-08-04 09:25:00.290,3.337,21700
2020-08-04 09:25:00.290,3.337,2400
2020-08-04 09:25:00.290,3.337,1200
2020-08-04 09:25:00.290,3.337,3000
2020-08-04 09:25:00.290,3.337,71700
2020-08-04 09:25:00.290,3.337,6000
2020-08-04 09:25:00.290,3.337,700
2020-08-04 09:25:00.290,3.337,8200
2020-08-04 09:25:00.290,3.337,7400
2020-08-04 09:25:00.290,3.337,8100
2020-08-04 09:25:00.290,3.337,1000
2020-08-04 09:25:00.290,3.337,8100
2020-08-04 09:25:00.290,3.337,200
2020-08-04 09:25:00.290,3.337,1000
2020-08-04 09:25:00.290,3.337,3000
2020-08-04 09:25:00.290,3.337,3000
2020-08-04 09:25:00.290,3.337,4000
2020-08-04 09:25:00.290,3.337,1700
2020-08-04 09:25:00.290,3.337,40000
2020-08-04 09:25:00.290,3.337,200
2020-08-04 09:25:00.290,3.337,5000
2020-08-04 09:25:00.290,3.337,10000
2020-08-04 09:25:00.290,3.337,800
2020-08-04 09:25:00.290,3.337,500
2020-08-04 09:25:00.290,3.337,200
2020-08-04 09:25:00.290,3.337,4000
2020-08-04 09:25:00.290,3.337,1000
2020-08-04 09:25:00.290,3.337,100
2020-08-04 09:25:00.290,3.337,11000
2020-08-04 09:25:00.290,3.337,100
2020-08-04 09:25:00.290,3.337,600
2020-08-04 09:25:00.290,3.337,100
2020-08-04 09:25:00.290,3.337,100
2020-08-04 09:25:00.290,3.337,10000
2020-08-04 09:25:00.290,3.337,1800
2020-08-04 09:25:00.290,3.337,5000
2020-08-04 09:25:00.290,3.337,10000
2020-08-04 09:25:00.290,3.337,4900
2020-08-04 09:25:00.290,3.337,66400
2020-08-04 09:25:00.290,3.337,100
2020-08-04 09:25:00.290,3.337,200
2020-08-04 09:25:00.290,3.337,1000
2020-08-04 09:25:00.290,3.337,20000
2020-08-04 09:25:00.290,3.337,500
2020-08-04 09:25:00.290,3.337,500
2020-08-04 09:25:00.290,3.337,25000
2020-08-04 09:25:00.290,3.337,600
2020-08-04 09:25:00.290,3.337,100
2020-08-04 09:25:00.290,3.337,10000
2020-08-04 09:25:00.290,3.337,3000
2020-08-04 09:25:00.290,3.337,8500
2020-08-04 09:25:00.290,3.337,4000
2020-08-04 09:25:00.290,3.337,230600
2020-08-04 09:25:00.290,3.337,84200
2020-08-04 09:25:00.290,3.337,500
2020-08-04 09:25:00.290,3.337,100
2020-08-04 09:25:00.290,3.337,1200
2020-08-04 09:25:00.290,3.337,6000
2020-08-04 09:25:00.290,3.337,1000
2020-08-04 09:25:00.290,3.337,500
2020-08-04 09:25:00.290,3.337,500
2020-08-04 09:25:00.290,3.337,7700
2020-08-04 09:25:00.290,3.337,100
2020-08-04 09:25:00.290,3.337,100000
2020-08-04 09:25:00.290,3.337,4300
2020-08-04 09:25:00.290,3.337,1000
2020-08-04 09:25:00.290,3.337,300
2020-08-04 09:25:00.290,3.337,500
2020-08-04 09:25:00.290,3.337,1000
2020-08-04 09:25:00.290,3.337,10000
2020-08-04 09:25:00.290,3.337,10000
2020-08-04 09:25:00.290,3.337,6000
2020-08-04 09:25:00.290,3.337,700
2020-08-04 09:25:00.290,3.337,100
2020-08-04 09:25:00.290,3.337,11400
2020-08-04 09:30:00.020,3.338,14000
2020-08-04 09:30:00.020,3.338,200
2020-08-04 09:30:00.020,3.338,6000
2020-08-04 09:30:00.020,3.338,1000
2020-08-04 09:30:00.020,3.338,15700
2020-08-04 09:30:00.020,3.338,2000
2020-08-04 09:30:00.020,3.338,2000
2020-08-04 09:30:00.020,3.338,1000
2020-08-04 09:30:00.020,3.338,500
2020-08-04 09:30:00.020,3.338,200
2020-08-04 09:30:00.020,3.338,5400
2020-08-04 09:30:00.020,3.338,2000
2020-08-04 09:30:00.020,3.339,3300
2020-08-04 09:30:00.020,3.339,50000
2020-08-04 09:30:00.020,3.339,200
2020-08-04 09:30:00.020,3.339,1000
2020-08-04 09:30:00.020,3.339,4500
2020-08-04 09:30:00.020,3.339,5000
2020-08-04 09:30:00.020,3.339,20000
2020-08-04 09:30:00.020,3.339,3000
2020-08-04 09:30:00.020,3.339,1600
2020-08-04 09:30:00.020,3.339,10000
2020-08-04 09:30:00.020,3.339,5000
2020-08-04 09:30:00.020,3.339,5000
2020-08-04 09:30:00.020,3.339,1600
2020-08-04 09:30:00.020,3.339,1000
2020-08-04 09:30:00.020,3.339,9400
2020-08-04 09:30:00.020,3.34,2000
2020-08-04 09:30:00.020,3.34,5000
2020-08-04 09:30:00.020,3.34,500
2020-08-04 09:30:00.020,3.34,100
2020-08-04 09:30:00.020,3.34,6000
2020-08-04 09:30:00.020,3.34,1000
2020-08-04 09:30:00.020,3.34,6100
2020-08-04 09:30:00.020,3.34,100
2020-08-04 09:30:00.020,3.34,6000
2020-08-04 09:30:00.020,3.34,1500
2020-08-04 09:30:00.020,3.34,1800
2020-08-04 09:30:00.020,3.34,300
2020-08-04 09:30:00.020,3.34,1000
2020-08-04 09:30:00.020,3.34,32500
2020-08-04 09:30:00.020,3.34,20000
2020-08-04 09:30:00.020,3.34,10000
2020-08-04 09:30:00.020,3.34,10000
2020-08-04 09:30:00.020,3.34,200
2020-08-04 09:30:00.020,3.34,100
2020-08-04 09:30:00.020,3.34,200
2020-08-04 09:30:00.020,3.34,1600
2020-08-04 09:30:00.020,3.34,5500
2020-08-04 09:30:00.020,3.341,500
2020-08-04 09:30:00.020,3.341,217400
2020-08-04 09:30:00.100,3.341,282600
2020-08-04 09:30:00.100,3.341,1000
2020-08-04 09:30:00.100,3.341,8100
2020-08-04 09:30:00.100,3.341,8100
2020-08-04 09:30:00.100,3.341,200
2020-08-04 09:30:00.180,3.338,436
2020-08-04 09:30:00.180,3.338,7600
2020-08-04 09:30:00.300,3.339,10000
2020-08-04 09:30:00.300,3.34,10000
2020-08-04 09:30:00.300,3.338,100
2020-08-04 09:30:00.300,3.338,3200
2020-08-04 09:30:00.350,3.338,2000
2020-08-04 09:30:00.350,3.338,9000
2020-08-04 09:30:00.440,3.339,3000
2020-08-04 09:30:00.440,3.34,10000
2020-08-04 09:30:00.440,3.34,100
2020-08-04 09:30:00.540,3.34,2800
2020-08-04 09:30:00.540,3.339,2400
2020-08-04 09:30:00.540,3.339,40000
2020-08-04 09:30:00.640,3.339,3000
2020-08-04 09:30:00.760,3.339,10000
2020-08-04 09:30:00.760,3.339,1000
2020-08-04 09:30:00.760,3.339,600
2020-08-04 09:30:00.760,3.338,19400
2020-08-04 09:30:00.890,3.338,1600
2020-08-04 09:30:00.890,3.34,4100
2020-08-04 09:30:00.890,3.34,300
2020-08-04 09:30:00.890,3.34,3600
2020-08-04 09:30:00.890,3.34,100
2020-08-04 09:30:00.890,3.34,2900
2020-08-04 09:30:00.890,3.34,8900
2020-08-04 09:30:00.890,3.34,12900
2020-08-04 09:30:00.890,3.34,400
2020-08-04 09:30:00.890,3.34,8000
2020-08-04 09:30:00.890,3.34,100
2020-08-04 09:30:01.010,3.34,3100
2020-08-04 09:30:01.010,3.34,100
2020-08-04 09:30:01.010,3.341,1700
2020-08-04 09:30:01.010,3.341,8200
2020-08-04 09:30:01.010,3.34,800
2020-08-04 09:30:01.010,3.34,1000
2020-08-04 09:30:01.010,3.341,4100
2020-08-04 09:30:01.010,3.341,5000
2020-08-04 09:30:01.010,3.341,3100
2020-08-04 09:30:01.010,3.341,1500
2020-08-04 09:30:01.010,3.342,6000
2020-08-04 09:30:01.010,3.342,500
2020-08-04 09:30:01.010,3.342,1000
2020-08-04 09:30:01.010,3.342,100
2020-08-04 09:30:01.010,3.342,5000
2020-08-04 09:30:01.010,3.342,2000
2020-08-04 09:30:01.140,3.342,15700
2020-08-04 09:30:01.140,3.342,2000
2020-08-04 09:30:01.140,3.342,2000
2020-08-04 09:30:01.140,3.342,1000
2020-08-04 09:30:01.260,3.342,25000
2020-08-04 09:30:01.260,3.342,75500
2020-08-04 09:30:01.260,3.342,2800
2020-08-04 09:30:01.380,3.343,2300
2020-08-04 09:30:01.380,3.343,1000
2020-08-04 09:30:01.380,3.343,500
2020-08-04 09:30:01.380,3.343,6000
2020-08-04 09:30:01.380,3.343,12100
2020-08-04 09:30:01.380,3.343,12100
2020-08-04 09:30:01.380,3.343,12100
2020-08-04 09:30:01.380,3.343,1000
2020-08-04 09:30:01.380,3.343,2000
2020-08-04 09:30:01.380,3.343,1800
2020-08-04 09:30:01.380,3.343,500
2020-08-04 09:30:01.380,3.343,25700
2020-08-04 09:30:01.380,3.343,6800
2020-08-04 09:30:01.380,3.344,1500
2020-08-04 09:30:01.380,3.344,3000
2020-08-04 09:30:01.380,3.344,51600
2020-08-04 09:30:01.380,3.344,6700
2020-08-04 09:30:01.380,3.342,100
2020-08-04 09:30:01.380,3.342,149100
2020-08-04 09:30:01.380,3.344,11300
2020-08-04 09:30:01.380,3.344,6000
2020-08-04 09:30:01.380,3.344,1000
2020-08-04 09:30:01.380,3.344,100
2020-08-04 09:30:01.380,3.344,27300
2020-08-04 09:30:01.380,3.344,1000
2020-08-04 09:30:01.380,3.344,800
2020-08-04 09:30:01.380,3.342,5000
2020-08-04 09:30:01.500,3.342,5000
2020-08-04 09:30:01.500,3.342,4000
2020-08-04 09:30:01.630,3.342,6000
2020-08-04 09:30:01.630,3.343,100
2020-08-04 09:30:01.750,3.342,4000
2020-08-04 09:30:01.750,3.342,5000
2020-08-04 09:30:01.750,3.342,200
2020-08-04 09:30:01.750,3.342,2000
2020-08-04 09:30:01.750,3.342,16800
2020-08-04 09:30:01.750,3.342,2000
2020-08-04 09:30:01.750,3.342,1000
2020-08-04 09:30:02.040,3.342,10000
2020-08-04 09:30:02.040,3.342,4000
2020-08-04 09:30:02.040,3.342,4500
2020-08-04 09:30:02.160,3.342,5000
2020-08-04 09:30:02.160,3.343,5900
2020-08-04 09:30:02.160,3.343,3100
2020-08-04 09:30:02.160,3.343,5000
2020-08-04 09:30:02.160,3.343,2000
2020-08-04 09:30:02.160,3.343,10000
2020-08-04 09:30:02.280,3.343,10000
2020-08-04 09:30:02.280,3.343,300
2020-08-04 09:30:02.280,3.343,7000
2020-08-04 09:30:02.400,3.343,10000
2020-08-04 09:30:02.460,3.343,7900
2020-08-04 09:30:02.460,3.343,50000
2020-08-04 09:30:02.460,3.343,1500
2020-08-04 09:30:02.460,3.343,5000
2020-08-04 09:30:02.520,3.344,1200
2020-08-04 09:30:02.520,3.344,1000
2020-08-04 09:30:02.520,3.344,10000
2020-08-04 09:30:02.520,3.344,10000
2020-08-04 09:30:02.520,3.345,2500
2020-08-04 09:30:02.520,3.345,2000
2020-08-04 09:30:02.520,3.345,5000
2020-08-04 09:30:02.520,3.345,1600
2020-08-04 09:30:02.520,3.345,1200
2020-08-04 09:30:02.520,3.345,200
2020-08-04 09:30:02.520,3.345,100
2020-08-04 09:30:02.520,3.345,1000
2020-08-04 09:30:02.520,3.345,14200
2020-08-04 09:30:02.520,3.343,15000
2020-08-04 09:30:02.520,3.343,200
2020-08-04 09:30:02.520,3.343,500
2020-08-04 09:30:02.520,3.343,5000
2020-08-04 09:30:02.520,3.343,4100
2020-08-04 09:30:02.520,3.343,5500
2020-08-04 09:30:02.520,3.343,10000
2020-08-04 09:30:02.650,3.343,2000
2020-08-04 09:30:02.650,3.343,15000
2020-08-04 09:30:02.650,3.343,68000
2020-08-04 09:30:02.650,3.343,4000
2020-08-04 09:30:02.770,3.343,10000
2020-08-04 09:30:02.770,3.343,100
2020-08-04 09:30:02.770,3.343,30000
2020-08-04 09:30:02.770,3.343,3700
2020-08-04 09:30:02.770,3.343,3000
2020-08-04 09:30:02.880,3.343,3000
2020-08-04 09:30:02.880,3.343,1500
2020-08-04 09:30:02.880,3.343,3800
2020-08-04 09:30:02.880,3.343,247500
2020-08-04 09:30:03.010,3.343,7100
2020-08-04 09:30:03.130,3.343,5000
2020-08-04 09:30:03.130,3.343,6300
2020-08-04 09:30:03.130,3.343,1000
2020-08-04 09:30:03.130,3.343,3000
2020-08-04 09:30:03.130,3.343,1000
2020-08-04 09:30:03.130,3.343,10000
2020-08-04 09:30:03.250,3.343,3000
2020-08-04 09:30:03.250,3.343,7000
2020-08-04 09:30:03.370,3.343,200
2020-08-04 09:30:03.370,3.343,10000
2020-08-04 09:30:03.500,3.343,10000
2020-08-04 09:30:03.500,3.343,5000
2020-08-04 09:30:03.600,3.343,381400
2020-08-04 09:30:03.790,3.343,400
2020-08-04 09:30:03.790,3.343,4600
2020-08-04 09:30:03.790,3.343,10000
2020-08-04 09:30:03.790,3.343,2000
2020-08-04 09:30:03.790,3.345,5000
2020-08-04 09:30:03.900,3.343,10000
2020-08-04 09:30:04.010,3.343,1000
2020-08-04 09:30:04.080,3.343,2500
2020-08-04 09:30:04.080,3.343,1000
2020-08-04 09:30:04.080,3.343,400
2020-08-04 09:30:04.140,3.343,4200
2020-08-04 09:30:04.140,3.343,3400
2020-08-04 09:30:04.270,3.343,6000
2020-08-04 09:30:04.510,3.343,5000
2020-08-04 09:30:04.590,3.343,2000
2020-08-04 09:30:04.670,3.343,2000
2020-08-04 09:30:04.750,3.343,300
2020-08-04 09:30:04.750,3.343,5700
2020-08-04 09:30:04.750,3.342,4300
2020-08-04 09:30:04.830,3.342,100
2020-08-04 09:30:04.860,3.342,3000
2020-08-04 09:30:04.940,3.342,200
2020-08-04 09:30:05.060,3.342,100000
2020-08-04 09:30:05.090,3.342,1000
2020-08-04 09:30:05.170,3.342,50000
2020-08-04 09:30:05.420,3.343,200
2020-08-04 09:30:05.420,3.344,50000
2020-08-04 09:30:05.420,3.344,9800
2020-08-04 09:30:05.420,3.342,300000
2020-08-04 09:30:05.420,3.342,51600
2020-08-04 09:30:05.450,3.342,2000
2020-08-04 09:30:05.450,3.342,1000
2020-08-04 09:30:05.610,3.342,100
2020-08-04 09:30:05.690,3.342,50000
2020-08-04 09:30:05.720,3.342,50000
2020-08-04 09:30:05.910,3.342,3000
2020-08-04 09:30:05.910,3.342,2200
2020-08-04 09:30:05.970,3.342,6300
2020-08-04 09:30:05.970,3.342,50000
2020-08-04 09:30:06.020,3.342,3600
2020-08-04 09:30:06.100,3.342,3500
2020-08-04 09:30:06.150,3.342,50000
2020-08-04 09:30:06.150,3.342,2000
2020-08-04 09:30:06.180,3.342,200
2020-08-04 09:30:06.260,3.342,500
2020-08-04 09:30:06.310,3.342,3000
2020-08-04 09:30:06.310,3.342,3000
2020-08-04 09:30:06.390,3.342,18000
2020-08-04 09:30:06.390,3.341,14700
2020-08-04 09:30:06.390,3.341,45200
2020-08-04 09:30:06.530,3.341,3000
2020-08-04 09:30:06.620,3.341,500
2020-08-04 09:30:06.620,3.341,10000
2020-08-04 09:30:06.670,3.341,200
2020-08-04 09:30:06.670,3.341,1400
2020-08-04 09:30:06.670,3.341,2200
2020-08-04 09:30:06.730,3.341,7400
2020-08-04 09:30:06.810,3.341,100
2020-08-04 09:30:06.920,3.341,5000
2020-08-04 09:30:06.920,3.341,10300
2020-08-04 09:30:06.920,3.341,178100
2020-08-04 09:30:07.000,3.341,5000
2020-08-04 09:30:07.000,3.341,2000
2020-08-04 09:30:07.080,3.341,5500
2020-08-04 09:30:07.120,3.341,10000
2020-08-04 09:30:07.190,3.341,3000
2020-08-04 09:30:07.270,3.341,2000
2020-08-04 09:30:07.270,3.341,3000
2020-08-04 09:30:07.320,3.341,5000
2020-08-04 09:30:07.480,3.341,100
2020-08-04 09:30:07.480,3.341,13300
2020-08-04 09:30:07.480,3.341,1000
2020-08-04 09:30:07.510,3.342,49400
2020-08-04 09:30:07.510,3.342,1000
2020-08-04 09:30:07.510,3.343,3500
2020-08-04 09:30:07.590,3.343,6100
2020-08-04 09:30:07.590,3.341,13900
2020-08-04 09:30:07.740,3.341,2600
2020-08-04 09:30:07.740,3.341,3000
2020-08-04 09:30:07.780,3.344,120000
2020-08-04 09:30:07.900,3.344,400
2020-08-04 09:30:07.980,3.341,300
2020-08-04 09:30:07.980,3.341,2000
2020-08-04 09:30:08.020,3.341,1500
2020-08-04 09:30:08.110,3.341,100
2020-08-04 09:30:08.140,3.341,30000
2020-08-04 09:30:08.140,3.341,1000
2020-08-04 09:30:08.360,3.341,800
2020-08-04 09:30:08.360,3.344,130000
2020-08-04 09:30:08.450,3.341,3700
2020-08-04 09:30:08.600,3.341,13100
2020-08-04 09:30:08.600,3.341,4200
2020-08-04 09:30:08.600,3.341,2700
2020-08-04 09:30:08.680,3.341,7300
2020-08-04 09:30:08.680,3.34,500
2020-08-04 09:30:08.680,3.34,292200
2020-08-04 09:30:08.980,3.34,500
2020-08-04 09:30:08.980,3.34,7300
2020-08-04 09:30:08.980,3.34,800
2020-08-04 09:30:08.980,3.34,10000
2020-08-04 09:30:08.980,3.34,15000
2020-08-04 09:30:08.980,3.339,60000
2020-08-04 09:30:08.980,3.339,43800
2020-08-04 09:30:08.980,3.339,3100
2020-08-04 09:30:09.020,3.339,3100
2020-08-04 09:30:09.020,3.339,900
2020-08-04 09:30:09.020,3.339,2000
2020-08-04 09:30:09.020,3.339,1000
2020-08-04 09:30:09.020,3.339,13000
2020-08-04 09:30:09.020,3.339,10000
2020-08-04 09:30:09.020,3.339,100
2020-08-04 09:30:09.090,3.339,17300
2020-08-04 09:30:09.170,3.339,4900
2020-08-04 09:30:09.170,3.339,65200
2020-08-04 09:30:09.320,3.341,100
2020-08-04 09:30:09.320,3.34,150000
2020-08-04 09:30:09.360,3.34,500
2020-08-04 09:30:09.360,3.34,1000
2020-08-04 09:30:09.360,3.341,6800
2020-08-04 09:30:09.440,3.34,10000
2020-08-04 09:30:09.440,3.34,600
2020-08-04 09:30:09.520,3.34,200
2020-08-04 09:30:09.560,3.34,1800
2020-08-04 09:30:09.600,3.34,5000
2020-08-04 09:30:09.600,3.34,5100
2020-08-04 09:30:09.680,3.34,3900
2020-08-04 09:30:09.800,3.34,1500
2020-08-04 09:30:09.800,3.341,8300
2020-08-04 09:30:09.800,3.342,1700
2020-08-04 09:30:09.850,3.342,40000
2020-08-04 09:30:09.850,3.342,400
2020-08-04 09:30:09.850,3.342,29600
2020-08-04 09:30:09.850,3.342,400
2020-08-04 09:30:09.850,3.342,600
2020-08-04 09:30:09.850,3.342,500
2020-08-04 09:30:09.850,3.342,2600
2020-08-04 09:30:09.850,3.343,10000
2020-08-04 09:30:09.970,3.34,200
2020-08-04 09:30:10.000,3.34,20000
2020-08-04 09:30:10.160,3.34,10000
2020-08-04 09:30:10.230,3.341,200
2020-08-04 09:30:10.300,3.341,5000
2020-08-04 09:30:10.340,3.341,1000
2020-08-04 09:30:10.590,3.34,10000
2020-08-04 09:30:10.810,3.34,2900
2020-08-04 09:30:10.840,3.34,33700
2020-08-04 09:30:10.880,3.341,400
2020-08-04 09:30:10.950,3.341,1900
2020-08-04 09:30:10.950,3.34,8100
2020-08-04 09:30:10.990,3.34,500
2020-08-04 09:30:10.990,3.34,200
2020-08-04 09:30:10.990,3.34,500
2020-08-04 09:30:11.200,3.34,500
2020-08-04 09:30:11.230,3.34,300
2020-08-04 09:30:11.350,3.341,1800
2020-08-04 09:30:11.380,3.341,1000
2020-08-04 09:30:11.380,3.341,14000
2020-08-04 09:30:11.420,3.341,10000
2020-08-04 09:30:11.470,3.341,800
2020-08-04 09:30:11.510,3.341,500
2020-08-04 09:30:11.550,3.341,100
2020-08-04 09:30:11.730,3.341,5000
2020-08-04 09:30:11.800,3.341,10000
2020-08-04 09:30:11.950,3.341,2500
2020-08-04 09:30:12.070,3.341,500
2020-08-04 09:30:12.070,3.342,400
2020-08-04 09:30:12.070,3.342,2500
2020-08-04 09:30:12.070,3.343,10000
2020-08-04 09:30:12.070,3.343,1800
2020-08-04 09:30:12.070,3.343,4000
2020-08-04 09:30:12.070,3.343,200
2020-08-04 09:30:12.070,3.343,6100
2020-08-04 09:30:12.070,3.341,600
2020-08-04 09:30:12.190,3.341,16000
2020-08-04 09:30:12.190,3.34,33500
2020-08-04 09:30:12.190,3.34,500
2020-08-04 09:30:12.190,3.34,1500
2020-08-04 09:30:12.220,3.34,1000
2020-08-04 09:30:12.600,3.34,5000
2020-08-04 09:30:12.780,3.34,9100
2020-08-04 09:30:12.930,3.341,1000
2020-08-04 09:30:12.930,3.343,3900
2020-08-04 09:30:12.930,3.343,2600
2020-08-04 09:30:13.000,3.34,7900
2020-08-04 09:30:13.040,3.34,6100
2020-08-04 09:30:13.250,3.34,4000
2020-08-04 09:30:13.360,3.34,8000
2020-08-04 09:30:13.550,3.341,200
2020-08-04 09:30:13.550,3.341,600
2020-08-04 09:30:13.550,3.341,5000
2020-08-04 09:30:13.550,3.341,8800
2020-08-04 09:30:13.550,3.339,51200
2020-08-04 09:30:13.550,3.342,1800
2020-08-04 09:30:13.550,3.342,49600
2020-08-04 09:30:13.580,3.342,10000
2020-08-04 09:30:13.650,3.342,14800
2020-08-04 09:30:13.830,3.342,300
2020-08-04 09:30:14.000,3.342,7700
2020-08-04 09:30:14.040,3.342,2000
2020-08-04 09:30:14.270,3.342,100
2020-08-04 09:30:14.300,3.343,900
2020-08-04 09:30:14.370,3.342,1100
2020-08-04 09:30:14.480,3.342,200
2020-08-04 09:30:14.640,3.342,600
2020-08-04 09:30:14.670,3.342,2000
2020-08-04 09:30:14.710,3.342,29933
2020-08-04 09:30:14.780,3.342,10000
2020-08-04 09:30:14.850,3.342,500
2020-08-04 09:30:14.920,3.342,600
2020-08-04 09:30:14.960,3.342,100
2020-08-04 09:30:15.000,3.343,100
2020-08-04 09:30:15.070,3.342,5000
2020-08-04 09:30:15.220,3.343,1000
2020-08-04 09:30:15.510,3.342,2000
2020-08-04 09:30:15.510,3.342,100
2020-08-04 09:30:15.590,3.342,5000
2020-08-04 09:30:15.740,3.342,5000
2020-08-04 09:30:15.780,3.342,7500
2020-08-04 09:30:15.780,3.342,15000
2020-08-04 09:30:15.920,3.342,6300
2020-08-04 09:30:16.030,3.342,500
2020-08-04 09:30:16.060,3.342,2000
2020-08-04 09:30:16.100,3.342,100
2020-08-04 09:30:16.170,3.342,18500
2020-08-04 09:30:16.170,3.34,200
2020-08-04 09:30:16.170,3.34,4800
2020-08-04 09:30:16.280,3.34,3000
2020-08-04 09:30:16.320,3.34,2000
2020-08-04 09:30:16.530,3.343,500
2020-08-04 09:30:16.530,3.343,3500
2020-08-04 09:30:16.600,3.34,1000
2020-08-04 09:30:16.860,3.34,5000
2020-08-04 09:30:16.990,3.34,20500
2020-08-04 09:30:17.560,3.342,4000
2020-08-04 09:30:17.560,3.342,1000
2020-08-04 09:30:17.630,3.342,2000
2020-08-04 09:30:18.050,3.343,1800
2020-08-04 09:30:18.050,3.343,400
2020-08-04 09:30:18.050,3.343,2800
2020-08-04 09:30:18.080,3.342,7100
2020-08-04 09:30:18.300,3.342,6000
2020-08-04 09:30:18.760,3.342,39900
2020-08-04 09:30:18.760,3.342,16100
2020-08-04 09:30:18.990,3.341,3300
2020-08-04 09:30:18.990,3.339,4700
2020-08-04 09:30:19.320,3.339,30500
2020-08-04 09:30:20.410,3.342,60000
2020-08-04 09:30:21.380,3.341,10000
2020-08-04 09:30:21.490,3.34,4300
2020-08-04 09:30:21.580,3.341,1500
2020-08-04 09:30:22.240,3.341,12400
2020-08-04 09:30:22.970,3.341,30000
2020-08-04 09:30:23.160,3.342,500
2020-08-04 09:30:23.800,3.342,3100
2020-08-04 09:30:23.800,3.341,6900
2020-08-04 09:30:24.340,3.341,500
2020-08-04 09:30:26.000,3.342,3000
2020-08-04 09:30:26.120,3.343,30000
2020-08-04 09:30:26.250,3.342,2900
2020-08-04 09:30:26.610,3.342,54100
2020-08-04 09:30:26.610,3.341,245900
2020-08-04 09:30:26.810,3.341,2800
2020-08-04 09:30:27.620,3.341,500
2020-08-04 09:30:27.950,3.341,9500
2020-08-04 09:30:28.110,3.341,10000
2020-08-04 09:30:28.300,3.341,7000
2020-08-04 09:30:28.580,3.341,100
2020-08-04 09:30:28.870,3.341,10000
2020-08-04 09:30:29.530,3.34,2000
2020-08-04 09:30:30.030,3.341,500
2020-08-04 09:30:30.030,3.342,7000
2020-08-04 09:30:30.030,3.342,6000
2020-08-04 09:30:30.030,3.342,2000
2020-08-04 09:30:30.030,3.342,5000
2020-08-04 09:30:30.590,3.342,10000
2020-08-04 09:30:31.050,3.342,2300
2020-08-04 09:30:32.800,3.342,15800
2020-08-04 09:30:32.990,3.342,400
2020-08-04 09:30:32.990,3.342,300
2020-08-04 09:30:32.990,3.342,9300
2020-08-04 09:30:33.440,3.343,205600
2020-08-04 09:30:33.440,3.343,2000
2020-08-04 09:30:33.440,3.343,5000
2020-08-04 09:30:33.440,3.343,10000
2020-08-04 09:30:33.440,3.343,20000
2020-08-04 09:30:33.440,3.343,5000
2020-08-04 09:30:33.440,3.343,2000
2020-08-04 09:30:33.440,3.343,3000
2020-08-04 09:30:33.440,3.343,41300
2020-08-04 09:30:33.440,3.343,6100
2020-08-04 09:30:33.540,3.341,1000
2020-08-04 09:30:33.780,3.341,2000
2020-08-04 09:30:34.230,3.341,1500
2020-08-04 09:30:34.330,3.341,5500
2020-08-04 09:30:34.330,3.341,10000
2020-08-04 09:30:34.330,3.341,10000
2020-08-04 09:30:34.330,3.341,3000
2020-08-04 09:30:34.330,3.342,31500
2020-08-04 09:30:35.060,3.34,500
2020-08-04 09:30:35.060,3.339,4500
2020-08-04 09:30:35.270,3.342,3100
2020-08-04 09:30:35.390,3.342,60000
2020-08-04 09:30:35.550,3.342,300000
2020-08-04 09:30:36.430,3.34,3000
2020-08-04 09:30:37.010,3.341,200
2020-08-04 09:30:37.570,3.341,5800
2020-08-04 09:30:37.570,3.341,90000
2020-08-04 09:30:37.790,3.342,2000
2020-08-04 09:30:38.460,3.341,50000
2020-08-04 09:30:39.190,3.341,300
2020-08-04 09:30:39.290,3.341,500
2020-08-04 09:30:39.290,3.341,2700
2020-08-04 09:30:39.320,3.341,200
2020-08-04 09:30:39.490,3.342,103400
2020-08-04 09:30:39.490,3.342,4000
2020-08-04 09:30:39.490,3.342,190400
2020-08-04 09:30:39.490,3.342,2200
2020-08-04 09:30:40.100,3.342,500
2020-08-04 09:30:40.220,3.339,500
2020-08-04 09:30:40.420,3.341,3000
2020-08-04 09:30:40.730,3.341,10000
2020-08-04 09:30:40.920,3.341,3000
2020-08-04 09:30:41.860,3.341,44000
2020-08-04 09:30:42.730,3.341,1000
2020-08-04 09:30:42.730,3.341,1300
2020-08-04 09:30:42.820,3.341,1000
2020-08-04 09:30:43.450,3.341,2900
2020-08-04 09:30:43.450,3.341,300
2020-08-04 09:30:43.520,3.341,2900
2020-08-04 09:30:43.520,3.341,10000
2020-08-04 09:30:43.520,3.341,10000
2020-08-04 09:30:43.820,3.341,4900
2020-08-04 09:30:43.860,3.342,2900
2020-08-04 09:30:43.860,3.342,200
2020-08-04 09:30:43.860,3.342,500
2020-08-04 09:30:43.860,3.342,2300
2020-08-04 09:30:44.010,3.341,3000
2020-08-04 09:30:44.850,3.341,13800
2020-08-04 09:30:44.880,3.341,2700
2020-08-04 09:30:45.030,3.341,800
2020-08-04 09:30:45.280,3.341,50000
2020-08-04 09:30:45.420,3.341,2000
2020-08-04 09:30:45.580,3.341,100
2020-08-04 09:30:45.720,3.341,1800
2020-08-04 09:30:45.840,3.341,8100
2020-08-04 09:30:45.970,3.341,23200
2020-08-04 09:30:46.430,3.34,3000
2020-08-04 09:30:46.430,3.341,5500
2020-08-04 09:30:46.430,3.341,54500
2020-08-04 09:30:46.830,3.341,300
2020-08-04 09:30:47.040,3.34,2000
2020-08-04 09:30:47.470,3.341,60000
2020-08-04 09:30:47.840,3.341,61600
2020-08-04 09:30:48.440,3.341,3200
2020-08-04 09:30:48.980,3.34,900
2020-08-04 09:30:48.980,3.34,5700
2020-08-04 09:30:49.130,3.34,25000
2020-08-04 09:30:49.540,3.34,5200
2020-08-04 09:30:49.540,3.34,1000
2020-08-04 09:30:49.910,3.34,3000
2020-08-04 09:30:49.970,3.34,100
2020-08-04 09:30:50.000,3.34,20000
2020-08-04 09:30:50.000,3.34,5000
2020-08-04 09:30:50.030,3.34,500
2020-08-04 09:30:50.280,3.34,3000
2020-08-04 09:30:50.280,3.34,1000
2020-08-04 09:30:50.640,3.34,5000
2020-08-04 09:30:51.470,3.339,1600
2020-08-04 09:30:51.540,3.34,3000
2020-08-04 09:30:51.570,3.339,96500
2020-08-04 09:30:51.570,3.339,2000
2020-08-04 09:30:51.570,3.339,9600
2020-08-04 09:30:51.570,3.339,500
2020-08-04 09:30:51.570,3.339,100000
2020-08-04 09:30:51.570,3.339,300000
2020-08-04 09:30:51.570,3.339,6000
2020-08-04 09:30:51.570,3.339,10000
2020-08-04 09:30:51.570,3.339,1300
2020-08-04 09:30:51.570,3.339,100
2020-08-04 09:30:51.570,3.339,1000
2020-08-04 09:30:51.570,3.339,100
2020-08-04 09:30:51.570,3.339,60000
2020-08-04 09:30:53.450,3.339,60000
2020-08-04 09:30:55.020,3.338,300
2020-08-04 09:30:56.140,3.339,10000
2020-08-04 09:30:57.760,3.338,3000
2020-08-04 09:30:58.000,3.338,500
2020-08-04 09:30:58.280,3.339,500
2020-08-04 09:30:58.340,3.338,1600
2020-08-04 09:30:58.600,3.338,4500
2020-08-04 09:30:58.880,3.339,100
2020-08-04 09:30:59.550,3.338,46764
2020-08-04 09:30:59.550,3.338,4636
2020-08-04 09:30:59.880,3.338,1800
2020-08-04 09:31:00.350,3.338,100
2020-08-04 09:31:00.460,3.339,700
2020-08-04 09:31:00.680,3.338,5000
2020-08-04 09:31:00.710,3.338,8464
2020-08-04 09:31:00.710,3.338,100
2020-08-04 09:31:00.710,3.338,20000
2020-08-04 09:31:00.710,3.338,9400
2020-08-04 09:31:00.710,3.338,400
2020-08-04 09:31:00.710,3.338,1500
2020-08-04 09:31:00.710,3.338,5000
2020-08-04 09:31:00.710,3.338,100
2020-08-04 09:31:00.710,3.338,6136
2020-08-04 09:31:01.380,3.338,1600
2020-08-04 09:31:01.600,3.338,30000
2020-08-04 09:31:01.630,3.338,10000
2020-08-04 09:31:01.730,3.338,52264
2020-08-04 09:31:01.730,3.338,3000
2020-08-04 09:31:01.730,3.338,1600
2020-08-04 09:31:01.730,3.338,100
2020-08-04 09:31:01.730,3.338,6000
2020-08-04 09:31:01.730,3.338,400
2020-08-04 09:31:01.730,3.338,10000
2020-08-04 09:31:01.730,3.338,8000
2020-08-04 09:31:01.730,3.338,10000
2020-08-04 09:31:01.730,3.338,100
2020-08-04 09:31:01.730,3.338,900
2020-08-04 09:31:01.730,3.338,20000
2020-08-04 09:31:01.730,3.338,10000
2020-08-04 09:31:01.730,3.338,11400
2020-08-04 09:31:01.730,3.338,10500
2020-08-04 09:31:01.730,3.338,30000
2020-08-04 09:31:01.730,3.338,3000
2020-08-04 09:31:01.730,3.338,50000
2020-08-04 09:31:01.730,3.338,20000
2020-08-04 09:31:01.730,3.338,600
2020-08-04 09:31:01.730,3.338,10000
2020-08-04 09:31:01.730,3.338,3500
2020-08-04 09:31:01.730,3.338,5000
2020-08-04 09:31:01.730,3.338,20000
2020-08-04 09:31:01.730,3.338,1000
2020-08-04 09:31:01.730,3.338,3000
2020-08-04 09:31:01.730,3.338,1000
2020-08-04 09:31:01.730,3.338,200
2020-08-04 09:31:01.730,3.338,3100
2020-08-04 09:31:01.730,3.338,200
2020-08-04 09:31:01.730,3.338,2000
2020-08-04 09:31:01.730,3.338,100
2020-08-04 09:31:01.730,3.338,5000
2020-08-04 09:31:01.730,3.338,3000
2020-08-04 09:31:01.730,3.338,30000
2020-08-04 09:31:01.730,3.338,30000
2020-08-04 09:31:01.730,3.338,34936
2020-08-04 09:31:01.890,3.338,100
2020-08-04 09:31:02.220,3.338,19000
2020-08-04 09:31:02.250,3.339,1000
2020-08-04 09:31:02.310,3.338,30400
2020-08-04 09:31:02.410,3.338,4900
2020-08-04 09:31:02.410,3.338,10664
2020-08-04 09:31:02.410,3.338,100
2020-08-04 09:31:02.410,3.338,3500
2020-08-04 09:31:02.410,3.338,6000
2020-08-04 09:31:02.410,3.338,3236
2020-08-04 09:31:02.550,3.338,8000
2020-08-04 09:31:02.700,3.338,3764
2020-08-04 09:31:02.700,3.338,5136
2020-08-04 09:31:02.860,3.338,4864
2020-08-04 09:31:02.860,3.338,1236
2020-08-04 09:31:02.980,3.339,100
2020-08-04 09:31:03.070,3.338,16000
2020-08-04 09:31:03.070,3.338,5000
2020-08-04 09:31:04.030,3.338,8400
2020-08-04 09:31:04.260,3.338,300
2020-08-04 09:31:04.540,3.338,10000
2020-08-04 09:31:05.010,3.338,25864
2020-08-04 09:31:05.010,3.338,14136
2020-08-04 09:31:05.160,3.338,15864
2020-08-04 09:31:05.160,3.338,600
2020-08-04 09:31:05.160,3.338,22500
2020-08-04 09:31:05.160,3.338,1036
2020-08-04 09:31:05.190,3.338,464
2020-08-04 09:31:05.190,3.338,59536
2020-08-04 09:31:05.620,3.338,464
2020-08-04 09:31:05.620,3.338,100
2020-08-04 09:31:06.230,3.337,162900
2020-08-04 09:31:06.230,3.337,1000
2020-08-04 09:31:06.230,3.337,1500
2020-08-04 09:31:06.230,3.337,15000
2020-08-04 09:31:06.230,3.337,13700
2020-08-04 09:31:06.230,3.337,4000
2020-08-04 09:31:06.230,3.337,100
2020-08-04 09:31:06.230,3.337,30000
2020-08-04 09:31:06.230,3.337,900
2020-08-04 09:31:06.230,3.337,20000
2020-08-04 09:31:06.230,3.337,100
2020-08-04 09:31:06.230,3.337,100
2020-08-04 09:31:06.230,3.337,100
2020-08-04 09:31:06.230,3.337,5000
2020-08-04 09:31:06.230,3.337,3000
2020-08-04 09:31:06.230,3.337,8400
2020-08-04 09:31:06.230,3.337,10000
2020-08-04 09:31:06.230,3.337,1500
2020-08-04 09:31:06.230,3.337,700
2020-08-04 09:31:06.330,3.337,40000
2020-08-04 09:31:06.360,3.337,60000
2020-08-04 09:31:06.730,3.337,500
2020-08-04 09:31:07.350,3.337,54600
2020-08-04 09:31:08.010,3.336,1000
2020-08-04 09:31:08.010,3.336,2000
2020-08-04 09:31:08.010,3.336,100
2020-08-04 09:31:08.010,3.336,500
2020-08-04 09:31:08.010,3.336,6400
2020-08-04 09:31:09.310,3.337,40000
2020-08-04 09:31:09.630,3.337,1000
2020-08-04 09:31:10.240,3.337,30000
2020-08-04 09:31:10.240,3.337,99400
2020-08-04 09:31:10.300,3.337,40000
2020-08-04 09:31:10.670,3.337,256500
2020-08-04 09:31:10.670,3.337,43500
2020-08-04 09:31:10.670,3.336,2000
2020-08-04 09:31:10.760,3.337,300000
2020-08-04 09:31:11.510,3.336,1600
2020-08-04 09:31:11.510,3.336,8400
2020-08-04 09:31:11.510,3.337,300000
2020-08-04 09:31:12.130,3.337,40000
2020-08-04 09:31:12.130,3.337,40000
2020-08-04 09:31:12.250,3.337,176500
2020-08-04 09:31:12.250,3.337,2300
2020-08-04 09:31:12.250,3.337,1000
2020-08-04 09:31:13.080,3.337,5000
2020-08-04 09:31:13.110,3.338,900
2020-08-04 09:31:13.250,3.337,13000
2020-08-04 09:31:13.280,3.338,14536
2020-08-04 09:31:13.280,3.338,1300
2020-08-04 09:31:13.280,3.338,3000
2020-08-04 09:31:13.280,3.338,11164
2020-08-04 09:31:13.340,3.338,5236
2020-08-04 09:31:13.340,3.338,400
2020-08-04 09:31:13.340,3.338,900
2020-08-04 09:31:13.340,3.338,2000
2020-08-04 09:31:13.340,3.338,10000
2020-08-04 09:31:13.340,3.338,21464
2020-08-04 09:31:13.560,3.337,1000
2020-08-04 09:31:13.780,3.338,78536
2020-08-04 09:31:13.780,3.338,60000
2020-08-04 09:31:13.780,3.338,2500
2020-08-04 09:31:13.780,3.338,23100
2020-08-04 09:31:13.780,3.338,4000
2020-08-04 09:31:13.780,3.338,1000
2020-08-04 09:31:13.780,3.338,168800
2020-08-04 09:31:13.780,3.338,1000
2020-08-04 09:31:13.780,3.338,2000
2020-08-04 09:31:13.780,3.338,17800
2020-08-04 09:31:13.780,3.338,500
2020-08-04 09:31:13.780,3.338,4000
2020-08-04 09:31:13.780,3.338,20000
2020-08-04 09:31:13.780,3.338,50000
2020-08-04 09:31:13.780,3.338,1000
2020-08-04 09:31:13.780,3.338,20000
2020-08-04 09:31:13.780,3.338,6000
2020-08-04 09:31:13.780,3.338,50000
2020-08-04 09:31:13.780,3.338,104864
2020-08-04 09:31:13.930,3.337,1900
2020-08-04 09:31:14.020,3.338,300000
2020-08-04 09:31:14.230,3.337,1000
2020-08-04 09:31:14.470,3.338,1500
2020-08-04 09:31:14.870,3.337,200
2020-08-04 09:31:15.170,3.338,291936
2020-08-04 09:31:15.170,3.338,8064
2020-08-04 09:31:15.400,3.337,2000
2020-08-04 09:31:15.430,3.338,3036
2020-08-04 09:31:15.430,3.338,9000
2020-08-04 09:31:15.430,3.338,3000
2020-08-04 09:31:15.430,3.338,500
2020-08-04 09:31:15.430,3.338,700
2020-08-04 09:31:15.470,3.338,7000
2020-08-04 09:31:15.740,3.339,4000
2020-08-04 09:31:15.990,3.338,8500
2020-08-04 09:31:16.020,3.339,40000
2020-08-04 09:31:16.220,3.339,12400
2020-08-04 09:31:16.670,3.338,5000
2020-08-04 09:31:16.700,3.338,400
2020-08-04 09:31:17.200,3.338,7900
2020-08-04 09:31:18.040,3.338,3000
2020-08-04 09:31:18.230,3.338,4000
2020-08-04 09:31:18.260,3.339,300
2020-08-04 09:31:18.260,3.339,1000
2020-08-04 09:31:18.260,3.338,1800
2020-08-04 09:31:18.630,3.338,1900
2020-08-04 09:31:18.730,3.339,15000
2020-08-04 09:31:18.730,3.338,5000
2020-08-04 09:31:18.920,3.338,2400
2020-08-04 09:31:18.980,3.339,40000
2020-08-04 09:31:20.050,3.339,127800
2020-08-04 09:31:20.050,3.339,1300
2020-08-04 09:31:20.050,3.339,900
2020-08-04 09:31:20.050,3.339,170000
2020-08-04 09:31:20.050,3.339,300000
2020-08-04 09:31:20.050,3.339,300000
2020-08-04 09:31:20.180,3.339,230000
2020-08-04 09:31:20.180,3.339,32700
2020-08-04 09:31:20.180,3.339,2500
2020-08-04 09:31:20.180,3.339,2400
2020-08-04 09:31:20.180,3.339,20000
2020-08-04 09:31:20.180,3.339,12400
2020-08-04 09:31:20.660,3.338,3500
2020-08-04 09:31:21.140,3.338,1000
2020-08-04 09:31:21.580,3.338,1000
2020-08-04 09:31:21.890,3.338,8500
2020-08-04 09:31:21.890,3.338,1500
2020-08-04 09:31:22.210,3.338,300
2020-08-04 09:31:22.900,3.339,41300
2020-08-04 09:31:22.900,3.339,50000
2020-08-04 09:31:22.900,3.339,3900
2020-08-04 09:31:22.900,3.339,29200
2020-08-04 09:31:22.900,3.339,10000
2020-08-04 09:31:22.900,3.339,200
2020-08-04 09:31:22.900,3.339,100
2020-08-04 09:31:22.900,3.339,900
2020-08-04 09:31:22.900,3.339,5500
2020-08-04 09:31:22.900,3.34,158900
2020-08-04 09:31:22.900,3.34,68300
2020-08-04 09:31:22.900,3.34,300
2020-08-04 09:31:22.900,3.34,2000
2020-08-04 09:31:22.900,3.34,60900
2020-08-04 09:31:22.900,3.34,10000
2020-08-04 09:31:22.900,3.34,50000
2020-08-04 09:31:22.900,3.34,1500
2020-08-04 09:31:22.900,3.34,100
2020-08-04 09:31:22.900,3.34,5000
2020-08-04 09:31:22.900,3.34,2000
2020-08-04 09:31:22.900,3.34,2000
2020-08-04 09:31:22.900,3.34,1500
2020-08-04 09:31:22.900,3.34,8400
2020-08-04 09:31:22.900,3.34,9000
2020-08-04 09:31:22.900,3.34,4900
2020-08-04 09:31:22.900,3.34,100
2020-08-04 09:31:22.900,3.34,20000
2020-08-04 09:31:22.900,3.34,10000
2020-08-04 09:31:22.900,3.34,10000
2020-08-04 09:31:22.900,3.34,7400
2020-08-04 09:31:22.900,3.34,3100
2020-08-04 09:31:22.900,3.34,1400
2020-08-04 09:31:22.900,3.34,20000
2020-08-04 09:31:22.900,3.34,300
2020-08-04 09:31:22.900,3.34,1800
2020-08-04 09:31:23.170,3.339,16100
2020-08-04 09:31:23.590,3.339,5000
2020-08-04 09:31:23.690,3.339,100
2020-08-04 09:31:24.060,3.339,10000
2020-08-04 09:31:24.150,3.34,2700
2020-08-04 09:31:24.150,3.34,500
2020-08-04 09:31:24.150,3.34,100
2020-08-04 09:31:24.150,3.34,5000
2020-08-04 09:31:24.150,3.34,500
2020-08-04 09:31:24.150,3.34,80000
2020-08-04 09:31:24.150,3.34,6000
2020-08-04 09:31:24.150,3.341,205200
2020-08-04 09:31:24.150,3.341,300000
2020-08-04 09:31:24.530,3.339,500
2020-08-04 09:31:25.090,3.339,8100
2020-08-04 09:31:25.330,3.339,100
2020-08-04 09:31:25.330,3.34,3000
2020-08-04 09:31:25.540,3.34,500
2020-08-04 09:31:25.920,3.34,3800
2020-08-04 09:31:26.310,3.34,32700
2020-08-04 09:31:26.310,3.339,176600
2020-08-04 09:31:26.600,3.339,3000
2020-08-04 09:31:26.720,3.339,100
2020-08-04 09:31:26.830,3.339,100
2020-08-04 09:31:27.110,3.339,4900
2020-08-04 09:31:28.580,3.339,5000
2020-08-04 09:31:28.580,3.339,20000
2020-08-04 09:31:28.880,3.34,100
2020-08-04 09:31:28.880,3.34,1100
2020-08-04 09:31:28.880,3.34,300
2020-08-04 09:31:29.480,3.34,500
2020-08-04 09:31:29.780,3.34,15800
2020-08-04 09:31:30.080,3.34,10000
2020-08-04 09:31:30.210,3.341,600
2020-08-04 09:31:30.890,3.34,12200
2020-08-04 09:31:31.420,3.339,300
2020-08-04 09:31:31.960,3.339,6300
2020-08-04 09:31:31.990,3.339,300
2020-08-04 09:31:33.290,3.339,1000
2020-08-04 09:31:33.540,3.34,18300
2020-08-04 09:31:33.540,3.34,6000
2020-08-04 09:31:33.540,3.34,100
2020-08-04 09:31:33.540,3.34,7600
2020-08-04 09:31:33.540,3.34,2000
2020-08-04 09:31:33.540,3.34,6000
2020-08-04 09:31:34.360,3.339,200
2020-08-04 09:31:34.710,3.339,500
2020-08-04 09:31:34.930,3.339,16100
2020-08-04 09:31:35.020,3.339,2000
2020-08-04 09:31:36.080,3.339,200
2020-08-04 09:31:36.370,3.339,46600
2020-08-04 09:31:36.370,3.339,200
2020-08-04 09:31:36.370,3.339,20000
2020-08-04 09:31:36.370,3.339,3000
2020-08-04 09:31:36.370,3.339,600000
2020-08-04 09:31:36.370,3.339,3000
2020-08-04 09:31:36.370,3.339,8700
2020-08-04 09:31:36.370,3.339,1000
2020-08-04 09:31:36.370,3.339,10000
2020-08-04 09:31:36.370,3.339,60000
2020-08-04 09:31:36.410,3.339,10000
2020-08-04 09:31:36.410,3.34,14000
2020-08-04 09:31:36.410,3.34,6000
2020-08-04 09:31:36.780,3.338,10000
2020-08-04 09:31:37.790,3.338,5000
2020-08-04 09:31:37.790,3.338,900
2020-08-04 09:31:37.790,3.338,10000
2020-08-04 09:31:37.790,3.338,200
2020-08-04 09:31:37.790,3.338,1000
2020-08-04 09:31:37.790,3.338,1000
2020-08-04 09:31:37.790,3.338,48300
2020-08-04 09:31:38.570,3.339,19700
2020-08-04 09:31:39.380,3.338,51700
2020-08-04 09:31:39.380,3.338,10000
2020-08-04 09:31:39.380,3.338,200
2020-08-04 09:31:39.380,3.337,5000
2020-08-04 09:31:39.380,3.337,6000
2020-08-04 09:31:39.380,3.337,1500
2020-08-04 09:31:39.380,3.337,1000
2020-08-04 09:31:39.380,3.337,15000
2020-08-04 09:31:39.380,3.337,2000
2020-08-04 09:31:39.900,3.337,6900
2020-08-04 09:31:40.080,3.337,700
2020-08-04 09:31:40.440,3.337,10700
2020-08-04 09:31:41.450,3.336,291200
2020-08-04 09:31:41.450,3.336,2200
2020-08-04 09:31:41.450,3.336,6600
2020-08-04 09:31:43.940,3.337,10000
2020-08-04 09:31:44.100,3.337,100
2020-08-04 09:31:45.650,3.337,9500
2020-08-04 09:31:46.380,3.337,400
2020-08-04 09:31:46.380,3.338,25700
2020-08-04 09:31:48.060,3.337,100
2020-08-04 09:31:48.060,3.336,3400
2020-08-04 09:31:48.060,3.336,800
2020-08-04 09:31:48.060,3.336,300
2020-08-04 09:31:48.060,3.336,400
2020-08-04 09:31:48.410,3.336,2700
2020-08-04 09:31:48.640,3.338,12300
2020-08-04 09:31:49.230,3.336,200
2020-08-04 09:31:50.600,3.336,700
2020-08-04 09:31:50.600,3.336,100
2020-08-04 09:31:50.600,3.336,3200
2020-08-04 09:31:51.080,3.337,200
2020-08-04 09:31:51.560,3.337,2700
2020-08-04 09:31:52.860,3.337,2300
2020-08-04 09:31:52.860,3.337,9200
2020-08-04 09:31:52.860,3.336,36800
2020-08-04 09:31:52.860,3.336,100000
2020-08-04 09:31:52.860,3.336,100
2020-08-04 09:31:52.860,3.336,100
2020-08-04 09:31:53.050,3.336,40000
2020-08-04 09:31:53.590,3.335,300
2020-08-04 09:31:53.590,3.335,8600
2020-08-04 09:31:53.590,3.335,100
2020-08-04 09:31:53.590,3.335,10000
2020-08-04 09:31:53.590,3.335,100
2020-08-04 09:31:53.590,3.335,4500
2020-08-04 09:31:53.590,3.335,200
2020-08-04 09:31:53.590,3.335,500
2020-08-04 09:31:53.590,3.335,5000
2020-08-04 09:31:53.590,3.335,9800
2020-08-04 09:31:53.590,3.335,4000
2020-08-04 09:31:53.590,3.335,500
2020-08-04 09:31:53.590,3.335,10100
2020-08-04 09:31:53.590,3.335,100
2020-08-04 09:31:53.590,3.335,200
2020-08-04 09:31:53.590,3.335,2000
2020-08-04 09:31:53.590,3.335,100
2020-08-04 09:31:53.590,3.335,3000
2020-08-04 09:31:53.590,3.335,13300
2020-08-04 09:31:53.590,3.335,100
2020-08-04 09:31:53.590,3.335,2000
2020-08-04 09:31:53.590,3.335,100
2020-08-04 09:31:53.590,3.335,11900
2020-08-04 09:31:53.590,3.335,100
2020-08-04 09:31:53.590,3.335,10000
2020-08-04 09:31:53.590,3.335,15000
2020-08-04 09:31:53.590,3.335,5000
2020-08-04 09:31:53.590,3.335,200
2020-08-04 09:31:53.590,3.335,32500
2020-08-04 09:31:54.270,3.336,20800
2020-08-04 09:31:54.270,3.336,2000
2020-08-04 09:31:54.270,3.336,10000
2020-08-04 09:31:54.270,3.336,4400
2020-08-04 09:31:54.300,3.336,2800
2020-08-04 09:31:54.930,3.335,300000
2020-08-04 09:31:55.280,3.336,5400
2020-08-04 09:31:55.430,3.336,10000
2020-08-04 09:31:55.910,3.336,500
2020-08-04 09:31:56.040,3.336,5900
2020-08-04 09:31:57.420,3.336,3000
2020-08-04 09:31:57.510,3.336,5000
2020-08-04 09:31:57.660,3.336,6600
2020-08-04 09:31:57.830,3.336,10000
2020-08-04 09:31:58.020,3.337,400
2020-08-04 09:31:58.080,3.336,2000
2020-08-04 09:31:58.900,3.336,5000
2020-08-04 09:31:59.420,3.336,1500
2020-08-04 09:31:59.690,3.337,15000
2020-08-04 09:32:00.180,3.337,14600
2020-08-04 09:32:00.180,3.337,10000
2020-08-04 09:32:00.180,3.337,2000
2020-08-04 09:32:00.180,3.337,1300
2020-08-04 09:32:00.590,3.337,1000
2020-08-04 09:32:00.650,3.337,4000
2020-08-04 09:32:01.140,3.337,300
2020-08-04 09:32:01.450,3.337,3000
2020-08-04 09:32:01.730,3.338,62000
2020-08-04 09:32:01.730,3.338,200
2020-08-04 09:32:01.730,3.338,10000
2020-08-04 09:32:01.730,3.338,1000
2020-08-04 09:32:01.730,3.338,400
2020-08-04 09:32:01.730,3.338,1700
2020-08-04 09:32:01.730,3.338,500
2020-08-04 09:32:01.730,3.338,4100
2020-08-04 09:32:01.730,3.338,2000
2020-08-04 09:32:01.730,3.338,20800
2020-08-04 09:32:01.730,3.338,2000
2020-08-04 09:32:01.730,3.338,13100
2020-08-04 09:32:01.730,3.338,3400
2020-08-04 09:32:01.730,3.338,100
2020-08-04 09:32:01.730,3.339,10000
2020-08-04 09:32:01.730,3.339,40000
2020-08-04 09:32:01.730,3.339,1000
2020-08-04 09:32:01.730,3.339,1000
2020-08-04 09:32:01.730,3.339,4000
2020-08-04 09:32:01.730,3.339,3000
2020-08-04 09:32:01.730,3.339,3000
2020-08-04 09:32:01.730,3.339,3500
2020-08-04 09:32:01.730,3.339,5000
2020-08-04 09:32:01.730,3.339,5000
2020-08-04 09:32:01.730,3.339,1000
2020-08-04 09:32:01.730,3.339,32700
2020-08-04 09:32:01.730,3.339,20000
2020-08-04 09:32:01.730,3.339,1200
2020-08-04 09:32:01.730,3.339,10000
2020-08-04 09:32:01.730,3.339,2400
2020-08-04 09:32:01.730,3.339,5000
2020-08-04 09:32:01.730,3.339,16400
2020-08-04 09:32:01.730,3.34,14500
2020-08-04 09:32:01.860,3.337,3300
2020-08-04 09:32:01.860,3.337,20000
2020-08-04 09:32:02.150,3.338,9500
2020-08-04 09:32:02.360,3.338,1000
2020-08-04 09:32:02.590,3.338,10000
2020-08-04 09:32:03.070,3.338,19500
2020-08-04 09:32:03.070,3.338,28200
2020-08-04 09:32:03.190,3.338,2000
2020-08-04 09:32:03.220,3.338,1800
2020-08-04 09:32:03.380,3.338,10000
2020-08-04 09:32:03.420,3.338,1000
2020-08-04 09:32:03.550,3.339,10000
2020-08-04 09:32:03.860,3.339,900
2020-08-04 09:32:04.120,3.339,1000
2020-08-04 09:32:04.150,3.339,1000
2020-08-04 09:32:04.370,3.339,2400
2020-08-04 09:32:04.400,3.339,100000
2020-08-04 09:32:04.550,3.339,200
2020-08-04 09:32:04.620,3.339,30000
2020-08-04 09:32:04.770,3.339,10000
2020-08-04 09:32:05.080,3.339,10000
2020-08-04 09:32:05.110,3.339,500
2020-08-04 09:32:05.150,3.339,5000
2020-08-04 09:32:05.240,3.339,2500
2020-08-04 09:32:05.270,3.34,1800
2020-08-04 09:32:05.270,3.34,20000
2020-08-04 09:32:05.270,3.34,1000
2020-08-04 09:32:05.270,3.34,6000
2020-08-04 09:32:05.270,3.34,400
2020-08-04 09:32:05.270,3.34,6000
2020-08-04 09:32:05.270,3.34,2000
2020-08-04 09:32:05.270,3.34,10000
2020-08-04 09:32:05.270,3.34,600
2020-08-04 09:32:05.270,3.34,4100
2020-08-04 09:32:05.270,3.34,4000
2020-08-04 09:32:05.270,3.34,5000
2020-08-04 09:32:05.270,3.34,200
2020-08-04 09:32:05.270,3.34,2000
2020-08-04 09:32:05.270,3.34,3500
2020-08-04 09:32:05.270,3.34,1000
2020-08-04 09:32:05.270,3.34,10000
2020-08-04 09:32:05.270,3.34,10000
2020-08-04 09:32:05.270,3.34,3000
2020-08-04 09:32:05.270,3.34,5000
2020-08-04 09:32:05.270,3.34,25000
2020-08-04 09:32:05.270,3.34,1000
2020-08-04 09:32:05.270,3.34,1000
2020-08-04 09:32:05.270,3.34,6200
2020-08-04 09:32:05.270,3.34,97900
2020-08-04 09:32:05.790,3.339,5000
2020-08-04 09:32:06.010,3.339,15000
2020-08-04 09:32:06.110,3.339,3000
2020-08-04 09:32:06.150,3.339,1000
2020-08-04 09:32:06.180,3.339,10000
2020-08-04 09:32:06.210,3.339,20000
2020-08-04 09:32:06.470,3.339,6700
2020-08-04 09:32:07.180,3.339,10000
2020-08-04 09:32:09.000,3.339,800
2020-08-04 09:32:09.060,3.339,100
2020-08-04 09:32:09.160,3.339,54900
2020-08-04 09:32:09.610,3.338,1000
2020-08-04 09:32:09.610,3.338,9500
2020-08-04 09:32:09.610,3.338,100
2020-08-04 09:32:09.610,3.337,9400
2020-08-04 09:32:10.970,3.337,200
2020-08-04 09:32:12.290,3.338,600
2020-08-04 09:32:12.290,3.339,400
2020-08-04 09:32:12.840,3.337,5200
2020-08-04 09:32:12.840,3.337,5000
2020-08-04 09:32:12.840,3.337,200
2020-08-04 09:32:13.090,3.336,3000
2020-08-04 09:32:13.560,3.337,1000
2020-08-04 09:32:13.750,3.336,2200
2020-08-04 09:32:13.750,3.336,100000
2020-08-04 09:32:13.750,3.336,3600
2020-08-04 09:32:13.750,3.336,600000
2020-08-04 09:32:13.750,3.336,2000
2020-08-04 09:32:14.530,3.337,100
2020-08-04 09:32:14.530,3.337,2300
2020-08-04 09:32:14.530,3.339,1100
2020-08-04 09:32:14.620,3.335,200
2020-08-04 09:32:14.990,3.335,180800
2020-08-04 09:32:15.940,3.336,20900
2020-08-04 09:32:15.940,3.339,39100
2020-08-04 09:32:17.220,3.335,2500
2020-08-04 09:32:18.100,3.335,484000
2020-08-04 09:32:18.100,3.335,10000
2020-08-04 09:32:18.100,3.335,400
2020-08-04 09:32:18.100,3.335,400
2020-08-04 09:32:18.100,3.335,100
2020-08-04 09:32:18.100,3.335,1000
2020-08-04 09:32:18.100,3.335,500
2020-08-04 09:32:18.100,3.335,500
2020-08-04 09:32:18.100,3.335,300
2020-08-04 09:32:18.100,3.335,5000
2020-08-04 09:32:18.100,3.335,10000
2020-08-04 09:32:18.100,3.335,10000
2020-08-04 09:32:18.100,3.335,4500
2020-08-04 09:32:18.100,3.335,300
2020-08-04 09:32:18.580,3.335,300
2020-08-04 09:32:20.390,3.335,40000
2020-08-04 09:32:20.450,3.335,40000
2020-08-04 09:32:20.810,3.335,1000
2020-08-04 09:32:20.840,3.335,1000
2020-08-04 09:32:21.780,3.335,1000
2020-08-04 09:32:22.060,3.335,10000
2020-08-04 09:32:22.120,3.335,280500
2020-08-04 09:32:22.430,3.335,3200
2020-08-04 09:32:23.090,3.336,2000
2020-08-04 09:32:23.330,3.336,3000
2020-08-04 09:32:23.330,3.336,5300
2020-08-04 09:32:23.330,3.336,8000
2020-08-04 09:32:23.690,3.336,25500
2020-08-04 09:32:23.690,3.336,1900
2020-08-04 09:32:23.690,3.337,1000
2020-08-04 09:32:23.690,3.337,9900
2020-08-04 09:32:23.690,3.337,300
2020-08-04 09:32:23.690,3.337,10000
2020-08-04 09:32:23.690,3.337,2000
2020-08-04 09:32:23.690,3.337,40000
2020-08-04 09:32:23.690,3.337,800
2020-08-04 09:32:24.120,3.337,208600
2020-08-04 09:32:24.910,3.336,2000
2020-08-04 09:32:24.910,3.336,6000
2020-08-04 09:32:25.280,3.336,4500
2020-08-04 09:32:25.760,3.335,3500
2020-08-04 09:32:26.680,3.335,1000
2020-08-04 09:32:28.590,3.335,5000
2020-08-04 09:32:28.590,3.335,3100
2020-08-04 09:32:28.740,3.334,200
2020-08-04 09:32:28.740,3.334,1300
2020-08-04 09:32:29.360,3.335,200
2020-08-04 09:32:31.200,3.335,11700
2020-08-04 09:32:31.200,3.335,18300
2020-08-04 09:32:31.440,3.335,11700
2020-08-04 09:32:31.440,3.335,1500
2020-08-04 09:32:31.440,3.335,600
2020-08-04 09:32:31.440,3.335,700
2020-08-04 09:32:32.200,3.335,6500
2020-08-04 09:32:32.360,3.335,5000
2020-08-04 09:32:32.750,3.335,1000
2020-08-04 09:32:33.080,3.335,100
2020-08-04 09:32:33.140,3.335,100
2020-08-04 09:32:33.770,3.336,500
2020-08-04 09:32:33.770,3.336,2000
2020-08-04 09:32:33.770,3.336,57500
2020-08-04 09:32:34.540,3.335,200
2020-08-04 09:32:34.870,3.335,10000
2020-08-04 09:32:35.050,3.335,500
2020-08-04 09:32:35.120,3.335,6000
2020-08-04 09:32:35.210,3.336,2500
2020-08-04 09:32:35.610,3.335,2500
2020-08-04 09:32:35.810,3.335,15000
2020-08-04 09:32:35.810,3.335,1200
2020-08-04 09:32:36.040,3.335,4600
2020-08-04 09:32:36.040,3.335,1500
2020-08-04 09:32:36.040,3.334,3900
2020-08-04 09:32:36.130,3.335,500
2020-08-04 09:32:36.870,3.335,200
2020-08-04 09:32:40.160,3.334,800
2020-08-04 09:32:40.160,3.334,300
2020-08-04 09:32:40.310,3.335,2900
2020-08-04 09:32:41.540,3.334,200
2020-08-04 09:32:41.870,3.334,1000
2020-08-04 09:32:43.250,3.334,2500
2020-08-04 09:32:43.250,3.334,1000
2020-08-04 09:32:43.250,3.334,3000
2020-08-04 09:32:43.250,3.334,1000
2020-08-04 09:32:43.250,3.334,300000
2020-08-04 09:32:43.250,3.334,2600
2020-08-04 09:32:43.250,3.333,100
2020-08-04 09:32:43.250,3.333,2000
2020-08-04 09:32:43.250,3.333,5000
2020-08-04 09:32:43.250,3.333,20000
2020-08-04 09:32:43.250,3.333,2000
2020-08-04 09:32:43.250,3.333,3000
2020-08-04 09:32:43.250,3.333,300
2020-08-04 09:32:43.250,3.333,1000
2020-08-04 09:32:43.250,3.333,100
2020-08-04 09:32:43.250,3.333,500
2020-08-04 09:32:43.620,3.333,60000
2020-08-04 09:32:44.850,3.332,100
2020-08-04 09:32:44.850,3.332,2900
2020-08-04 09:32:45.160,3.333,300000
2020-08-04 09:32:45.260,3.333,195900
2020-08-04 09:32:45.260,3.333,1000
2020-08-04 09:32:45.260,3.334,2000
2020-08-04 09:32:45.260,3.334,6000
2020-08-04 09:32:45.260,3.334,9000
2020-08-04 09:32:45.260,3.334,86100
2020-08-04 09:32:45.420,3.334,5700
2020-08-04 09:32:46.220,3.333,900
2020-08-04 09:32:48.080,3.334,3000
2020-08-04 09:32:48.230,3.333,100
2020-08-04 09:32:48.230,3.333,25300
2020-08-04 09:32:48.320,3.334,500
2020-08-04 09:32:49.340,3.333,200
2020-08-04 09:32:49.470,3.333,600
2020-08-04 09:32:49.470,3.333,200
2020-08-04 09:32:50.430,3.334,87500
2020-08-04 09:32:50.430,3.334,1300
2020-08-04 09:32:50.430,3.334,12300
2020-08-04 09:32:50.430,3.334,3000
2020-08-04 09:32:50.430,3.335,7500
2020-08-04 09:32:50.430,3.335,1000
2020-08-04 09:32:50.430,3.335,100
2020-08-04 09:32:50.430,3.335,1900
2020-08-04 09:32:50.430,3.335,2000
2020-08-04 09:32:50.430,3.335,3500
2020-08-04 09:32:50.430,3.335,50000
2020-08-04 09:32:50.430,3.335,500
2020-08-04 09:32:50.430,3.335,500
2020-08-04 09:32:50.430,3.335,700
2020-08-04 09:32:50.430,3.335,1200
2020-08-04 09:32:50.430,3.335,7300
2020-08-04 09:32:50.430,3.335,4800
2020-08-04 09:32:50.430,3.335,50000
2020-08-04 09:32:50.430,3.335,500
2020-08-04 09:32:50.430,3.335,3000
2020-08-04 09:32:50.430,3.335,50000
2020-08-04 09:32:50.430,3.335,11400
2020-08-04 09:32:50.430,3.335,288600
2020-08-04 09:32:50.430,3.335,1800
2020-08-04 09:32:50.430,3.335,1000
2020-08-04 09:32:50.430,3.335,1000
2020-08-04 09:32:50.430,3.335,7600
2020-08-04 09:32:50.760,3.334,298100
2020-08-04 09:32:50.760,3.333,40000
2020-08-04 09:32:50.760,3.333,40000
2020-08-04 09:32:50.760,3.333,50000
2020-08-04 09:32:50.760,3.332,3100
2020-08-04 09:32:50.760,3.332,2900
2020-08-04 09:32:50.760,3.332,14000
2020-08-04 09:32:50.820,3.333,30000
2020-08-04 09:32:50.880,3.333,40000
2020-08-04 09:32:50.880,3.333,40000
2020-08-04 09:32:50.880,3.333,300000
2020-08-04 09:32:51.030,3.332,2000
2020-08-04 09:32:51.070,3.332,800
2020-08-04 09:32:51.130,3.333,22800
2020-08-04 09:32:51.360,3.333,1300
2020-08-04 09:32:51.620,3.334,38700
2020-08-04 09:32:51.620,3.333,30000
2020-08-04 09:32:51.710,3.333,100000
2020-08-04 09:32:51.710,3.333,31300
2020-08-04 09:32:51.870,3.333,3000
2020-08-04 09:32:52.050,3.335,2400
2020-08-04 09:32:52.050,3.335,500
2020-08-04 09:32:52.050,3.335,2000
2020-08-04 09:32:52.050,3.335,100
2020-08-04 09:32:52.240,3.335,1900
2020-08-04 09:32:52.240,3.335,9100
2020-08-04 09:32:52.240,3.335,3200
2020-08-04 09:32:52.240,3.336,14000
2020-08-04 09:32:52.240,3.336,2000
2020-08-04 09:32:52.240,3.336,500
2020-08-04 09:32:52.240,3.336,500
2020-08-04 09:32:52.240,3.336,30000
2020-08-04 09:32:52.240,3.336,5000
2020-08-04 09:32:52.240,3.336,19200
2020-08-04 09:32:52.240,3.336,100
2020-08-04 09:32:52.240,3.336,4000
2020-08-04 09:32:52.240,3.336,10000
2020-08-04 09:32:52.240,3.336,2500
2020-08-04 09:32:52.240,3.336,198000
2020-08-04 09:32:52.380,3.333,9900
2020-08-04 09:32:52.500,3.333,1100
2020-08-04 09:32:52.850,3.333,1000
2020-08-04 09:32:53.030,3.334,1000
2020-08-04 09:32:53.090,3.334,1000
2020-08-04 09:32:53.250,3.334,1000
2020-08-04 09:32:53.400,3.334,500
2020-08-04 09:32:53.400,3.334,20000
2020-08-04 09:32:53.560,3.334,1000
2020-08-04 09:32:53.830,3.334,15500
2020-08-04 09:32:54.050,3.334,14500
2020-08-04 09:32:54.190,3.334,21000
2020-08-04 09:32:55.550,3.333,9000
2020-08-04 09:32:56.260,3.334,10000
2020-08-04 09:32:56.260,3.334,2800
2020-08-04 09:32:56.260,3.335,287200
2020-08-04 09:32:56.260,3.335,300000
2020-08-04 09:32:56.260,3.335,300000
2020-08-04 09:32:56.260,3.335,12800
2020-08-04 09:32:56.260,3.336,287200
2020-08-04 09:32:56.390,3.333,2000
2020-08-04 09:32:56.650,3.333,8100
2020-08-04 09:32:56.870,3.334,1000
2020-08-04 09:32:56.870,3.334,500
2020-08-04 09:32:57.020,3.334,6000
2020-08-04 09:32:57.560,3.334,1000
2020-08-04 09:32:57.630,3.334,2300
2020-08-04 09:32:57.930,3.334,1800
2020-08-04 09:32:58.520,3.336,60000
2020-08-04 09:32:58.730,3.335,2000
2020-08-04 09:32:58.950,3.335,4000
2020-08-04 09:32:59.040,3.335,2000
2020-08-04 09:32:59.040,3.335,8800
2020-08-04 09:32:59.420,3.334,3000
2020-08-04 09:32:59.450,3.334,4900
2020-08-04 09:32:59.450,3.333,15100
2020-08-04 09:32:59.510,3.333,5000
2020-08-04 09:32:59.610,3.333,800
2020-08-04 09:32:59.610,3.333,200
2020-08-04 09:32:59.910,3.334,4000
2020-08-04 09:32:59.910,3.334,300
2020-08-04 09:33:00.150,3.334,5000
2020-08-04 09:33:00.280,3.334,20000
2020-08-04 09:33:00.280,3.334,5000
2020-08-04 09:33:01.310,3.334,2000
2020-08-04 09:33:02.230,3.334,17100
2020-08-04 09:33:02.500,3.334,1800
2020-08-04 09:33:02.730,3.334,1000
2020-08-04 09:33:02.760,3.335,1200
2020-08-04 09:33:02.760,3.335,1000
2020-08-04 09:33:02.760,3.335,600
2020-08-04 09:33:02.760,3.336,297200
2020-08-04 09:33:02.970,3.334,5000
2020-08-04 09:33:02.970,3.334,4500
2020-08-04 09:33:03.320,3.335,1000
2020-08-04 09:33:03.480,3.335,48600
2020-08-04 09:33:03.940,3.334,100
2020-08-04 09:33:03.970,3.334,9200
2020-08-04 09:33:03.970,3.334,900
2020-08-04 09:33:04.380,3.335,10700
2020-08-04 09:33:04.380,3.335,1500
2020-08-04 09:33:04.380,3.335,10000
2020-08-04 09:33:04.380,3.335,1000
2020-08-04 09:33:04.500,3.334,4000
2020-08-04 09:33:04.780,3.335,2100
2020-08-04 09:33:04.780,3.335,130700
2020-08-04 09:33:04.910,3.334,15000
2020-08-04 09:33:05.260,3.335,1200
2020-08-04 09:33:05.350,3.335,1000
2020-08-04 09:33:05.350,3.335,5000
2020-08-04 09:33:05.730,3.336,500
2020-08-04 09:33:06.250,3.335,32800
2020-08-04 09:33:06.250,3.335,68500
2020-08-04 09:33:06.380,3.335,10000
2020-08-04 09:33:06.750,3.335,500
2020-08-04 09:33:07.360,3.336,40000
2020-08-04 09:33:07.420,3.335,300
2020-08-04 09:33:07.550,3.335,1000
2020-08-04 09:33:07.650,3.336,18100
2020-08-04 09:33:07.650,3.336,1400
2020-08-04 09:33:07.650,3.336,4400
2020-08-04 09:33:07.650,3.336,8000
2020-08-04 09:33:07.650,3.336,3000
2020-08-04 09:33:07.650,3.336,200
2020-08-04 09:33:07.650,3.336,5000
2020-08-04 09:33:07.650,3.336,4900
2020-08-04 09:33:07.650,3.336,3000
2020-08-04 09:33:07.650,3.336,2200
2020-08-04 09:33:07.650,3.336,20000
2020-08-04 09:33:07.720,3.336,2000
2020-08-04 09:33:08.250,3.336,5000
2020-08-04 09:33:09.320,3.336,16600
2020-08-04 09:33:09.320,3.336,400
2020-08-04 09:33:09.320,3.336,1400
2020-08-04 09:33:09.640,3.336,2500
2020-08-04 09:33:09.670,3.336,500
2020-08-04 09:33:10.350,3.336,4500
2020-08-04 09:33:10.450,3.336,10000
2020-08-04 09:33:10.790,3.336,10000
2020-08-04 09:33:11.200,3.337,10000
2020-08-04 09:33:11.200,3.337,5000
2020-08-04 09:33:11.200,3.337,5000
2020-08-04 09:33:11.200,3.337,2000
2020-08-04 09:33:11.200,3.337,3000
2020-08-04 09:33:11.200,3.337,3300
2020-08-04 09:33:11.200,3.337,1300
2020-08-04 09:33:11.200,3.337,3700
2020-08-04 09:33:11.200,3.337,5000
2020-08-04 09:33:11.200,3.338,6600
2020-08-04 09:33:11.200,3.338,1000
2020-08-04 09:33:11.200,3.338,4100
2020-08-04 09:33:11.350,3.336,5000
2020-08-04 09:33:11.390,3.336,5000
2020-08-04 09:33:11.520,3.336,8100
2020-08-04 09:33:12.770,3.336,1000
2020-08-04 09:33:13.380,3.336,700
2020-08-04 09:33:13.410,3.337,10000
2020-08-04 09:33:13.540,3.338,6900
2020-08-04 09:33:13.540,3.339,300
2020-08-04 09:33:13.540,3.339,2900
2020-08-04 09:33:13.540,3.339,7700
2020-08-04 09:33:13.540,3.339,2000
2020-08-04 09:33:13.540,3.339,9800
2020-08-04 09:33:13.540,3.339,30400
2020-08-04 09:33:13.760,3.337,10000
2020-08-04 09:33:13.950,3.337,2500
2020-08-04 09:33:14.370,3.337,37500
2020-08-04 09:33:14.430,3.336,10500
2020-08-04 09:33:14.430,3.336,4500
2020-08-04 09:33:15.180,3.336,2000
2020-08-04 09:33:15.300,3.336,600
2020-08-04 09:33:15.760,3.338,10000
2020-08-04 09:33:15.760,3.338,600
2020-08-04 09:33:15.760,3.338,289400
2020-08-04 09:33:15.980,3.337,2100
2020-08-04 09:33:16.890,3.337,4300
2020-08-04 09:33:17.300,3.337,1400
2020-08-04 09:33:17.360,3.337,20000
2020-08-04 09:33:17.490,3.337,500
2020-08-04 09:33:18.160,3.338,300000
2020-08-04 09:33:18.720,3.337,4000
2020-08-04 09:33:18.840,3.337,1200
2020-08-04 09:33:19.970,3.338,1000
2020-08-04 09:33:20.310,3.337,4400
2020-08-04 09:33:20.660,3.337,3000
2020-08-04 09:33:21.330,3.338,309600
2020-08-04 09:33:21.330,3.338,5500
2020-08-04 09:33:21.330,3.338,500
2020-08-04 09:33:21.330,3.338,8000
2020-08-04 09:33:21.330,3.338,4000
2020-08-04 09:33:21.330,3.338,100000
2020-08-04 09:33:21.330,3.339,19600
2020-08-04 09:33:21.330,3.339,3100
2020-08-04 09:33:21.330,3.339,3000
2020-08-04 09:33:21.330,3.339,10000
2020-08-04 09:33:21.330,3.339,300
2020-08-04 09:33:21.330,3.339,15000
2020-08-04 09:33:21.330,3.339,4200
2020-08-04 09:33:21.330,3.339,8000
2020-08-04 09:33:21.330,3.339,9200
2020-08-04 09:33:21.920,3.337,6000
2020-08-04 09:33:22.210,3.338,100
2020-08-04 09:33:22.210,3.337,100
2020-08-04 09:33:22.480,3.337,6000
2020-08-04 09:33:22.550,3.337,1000
2020-08-04 09:33:22.860,3.337,700
2020-08-04 09:33:22.860,3.337,6000
2020-08-04 09:33:23.020,3.337,2000
2020-08-04 09:33:23.080,3.337,200
2020-08-04 09:33:23.200,3.337,25400
2020-08-04 09:33:23.200,3.337,10000
2020-08-04 09:33:23.200,3.337,20000
2020-08-04 09:33:23.200,3.337,500
2020-08-04 09:33:23.610,3.336,1000
2020-08-04 09:33:23.650,3.337,50000
2020-08-04 09:33:23.930,3.337,1500
2020-08-04 09:33:24.460,3.336,600
2020-08-04 09:33:24.600,3.336,1200
2020-08-04 09:33:24.770,3.337,100
2020-08-04 09:33:25.460,3.336,19600
2020-08-04 09:33:25.460,3.336,10400
2020-08-04 09:33:25.620,3.336,4400
2020-08-04 09:33:26.330,3.337,3900
2020-08-04 09:33:26.770,3.337,88600
2020-08-04 09:33:26.770,3.337,1800
2020-08-04 09:33:26.770,3.337,4000
2020-08-04 09:33:27.660,3.337,1500
2020-08-04 09:33:28.640,3.337,1000
2020-08-04 09:33:31.740,3.337,2100
2020-08-04 09:33:31.800,3.336,3100
2020-08-04 09:33:32.250,3.337,291400
2020-08-04 09:33:32.250,3.337,8600
2020-08-04 09:33:32.900,3.337,1400
2020-08-04 09:33:32.900,3.337,500
2020-08-04 09:33:32.900,3.337,1600
2020-08-04 09:33:32.900,3.337,6500
2020-08-04 09:33:33.060,3.336,800
2020-08-04 09:33:33.590,3.337,2000
2020-08-04 09:33:34.470,3.336,100
2020-08-04 09:33:34.630,3.337,3000
2020-08-04 09:33:34.890,3.337,188500
2020-08-04 09:33:34.890,3.337,5000
2020-08-04 09:33:34.950,3.338,9000
2020-08-04 09:33:34.950,3.338,8700
2020-08-04 09:33:34.950,3.338,50000
2020-08-04 09:33:34.950,3.338,15000
2020-08-04 09:33:34.950,3.338,200
2020-08-04 09:33:34.950,3.338,6300
2020-08-04 09:33:34.950,3.339,15800
2020-08-04 09:33:34.950,3.339,30000
2020-08-04 09:33:34.950,3.339,500
2020-08-04 09:33:34.950,3.339,164500
2020-08-04 09:33:35.010,3.336,1000
2020-08-04 09:33:35.040,3.337,9000
2020-08-04 09:33:35.350,3.337,2400
2020-08-04 09:33:35.520,3.337,38600
2020-08-04 09:33:35.610,3.337,1000
2020-08-04 09:33:35.740,3.337,4900
2020-08-04 09:33:35.740,3.337,1500
2020-08-04 09:33:36.150,3.337,600
2020-08-04 09:33:37.540,3.337,600
2020-08-04 09:33:37.540,3.338,50500
2020-08-04 09:33:37.570,3.338,1300
2020-08-04 09:33:37.600,3.338,8200
2020-08-04 09:33:37.600,3.337,88900
2020-08-04 09:33:38.110,3.337,500
2020-08-04 09:33:38.170,3.337,5700
2020-08-04 09:33:38.310,3.337,2000
2020-08-04 09:33:38.530,3.338,15900
2020-08-04 09:33:39.560,3.338,300
2020-08-04 09:33:39.640,3.338,5000
2020-08-04 09:33:40.010,3.338,38800
2020-08-04 09:33:40.010,3.337,21200
2020-08-04 09:33:40.130,3.337,500
2020-08-04 09:33:40.400,3.337,100
2020-08-04 09:33:40.950,3.338,60000
2020-08-04 09:33:40.980,3.337,300
2020-08-04 09:33:40.980,3.337,2600
2020-08-04 09:33:41.140,3.337,100
2020-08-04 09:33:41.410,3.338,50300
2020-08-04 09:33:41.560,3.337,5000
2020-08-04 09:33:41.980,3.337,200
2020-08-04 09:33:42.110,3.338,189700
2020-08-04 09:33:42.460,3.339,60000
2020-08-04 09:33:42.520,3.338,10000
2020-08-04 09:33:42.810,3.339,86300
2020-08-04 09:33:42.810,3.339,10000
2020-08-04 09:33:42.810,3.339,1000
2020-08-04 09:33:42.810,3.339,100
2020-08-04 09:33:42.810,3.339,10000
2020-08-04 09:33:42.810,3.339,600
2020-08-04 09:33:42.810,3.339,5800
2020-08-04 09:33:42.810,3.339,1000
2020-08-04 09:33:42.810,3.339,10000
2020-08-04 09:33:42.810,3.339,100
2020-08-04 09:33:42.810,3.339,5000
2020-08-04 09:33:42.810,3.339,5000
2020-08-04 09:33:42.810,3.339,1000
2020-08-04 09:33:42.810,3.339,300
2020-08-04 09:33:42.810,3.339,22400
2020-08-04 09:33:42.810,3.339,10000
2020-08-04 09:33:42.810,3.339,2000
2020-08-04 09:33:42.810,3.339,5000
2020-08-04 09:33:43.150,3.339,200
2020-08-04 09:33:43.330,3.339,20000
2020-08-04 09:33:43.650,3.339,1000
2020-08-04 09:33:43.810,3.339,20000
2020-08-04 09:33:44.210,3.339,2500
2020-08-04 09:33:44.860,3.339,10000
2020-08-04 09:33:45.230,3.339,5000
2020-08-04 09:33:45.840,3.339,1500
2020-08-04 09:33:45.890,3.339,500
2020-08-04 09:33:46.230,3.34,1000
2020-08-04 09:33:46.230,3.34,9000
2020-08-04 09:33:46.230,3.34,60000
2020-08-04 09:33:46.230,3.34,300
2020-08-04 09:33:46.230,3.34,1000
2020-08-04 09:33:46.230,3.34,1000
2020-08-04 09:33:46.230,3.34,3000
2020-08-04 09:33:46.230,3.34,500
2020-08-04 09:33:46.230,3.34,20000
2020-08-04 09:33:46.230,3.34,2000
2020-08-04 09:33:46.230,3.34,30000
2020-08-04 09:33:46.230,3.34,3000
2020-08-04 09:33:46.230,3.34,500
2020-08-04 09:33:46.230,3.34,5000
2020-08-04 09:33:46.230,3.34,3000
2020-08-04 09:33:46.230,3.34,2000
2020-08-04 09:33:46.230,3.34,50000
2020-08-04 09:33:46.230,3.34,300
2020-08-04 09:33:46.230,3.34,10000
2020-08-04 09:33:46.230,3.34,1000
2020-08-04 09:33:46.230,3.34,2000
2020-08-04 09:33:46.230,3.34,2000
2020-08-04 09:33:46.230,3.34,10000
2020-08-04 09:33:46.230,3.34,200
2020-08-04 09:33:46.230,3.34,10000
2020-08-04 09:33:46.230,3.34,3000
2020-08-04 09:33:46.230,3.34,300
2020-08-04 09:33:46.230,3.34,3000
2020-08-04 09:33:46.230,3.34,5000
2020-08-04 09:33:46.230,3.34,10000
2020-08-04 09:33:46.230,3.34,5000
2020-08-04 09:33:46.230,3.34,1000
2020-08-04 09:33:46.230,3.34,45900
2020-08-04 09:33:46.420,3.339,200
2020-08-04 09:33:46.710,3.339,800
2020-08-04 09:33:46.880,3.339,49700
2020-08-04 09:33:47.140,3.339,6000
2020-08-04 09:33:47.160,3.339,600
2020-08-04 09:33:47.710,3.339,6400
2020-08-04 09:33:47.710,3.339,40000
2020-08-04 09:33:47.740,3.339,50000
2020-08-04 09:33:47.740,3.339,300000
2020-08-04 09:33:47.740,3.338,2000
2020-08-04 09:33:47.800,3.338,300
2020-08-04 09:33:47.800,3.338,5000
2020-08-04 09:33:48.440,3.339,103600
2020-08-04 09:33:48.440,3.34,2400
2020-08-04 09:33:48.440,3.34,5700
2020-08-04 09:33:48.440,3.34,1500
2020-08-04 09:33:48.440,3.34,5000
2020-08-04 09:33:48.840,3.34,1100
2020-08-04 09:33:48.840,3.34,300
2020-08-04 09:33:48.990,3.34,500
2020-08-04 09:33:49.830,3.34,300
2020-08-04 09:33:50.070,3.34,33000
2020-08-04 09:33:50.640,3.34,1000
2020-08-04 09:33:50.710,3.34,20000
2020-08-04 09:33:50.900,3.34,500
2020-08-04 09:33:51.130,3.34,60000
2020-08-04 09:33:51.720,3.34,500
2020-08-04 09:33:52.270,3.341,3000
2020-08-04 09:33:52.290,3.34,500
2020-08-04 09:33:52.480,3.34,4200
2020-08-04 09:33:53.670,3.34,5000
2020-08-04 09:33:53.770,3.34,54900
2020-08-04 09:33:53.770,3.34,153300
2020-08-04 09:33:54.200,3.34,4200
2020-08-04 09:33:54.350,3.34,142500
2020-08-04 09:33:54.350,3.34,10000
2020-08-04 09:33:54.350,3.34,300
2020-08-04 09:33:54.350,3.34,60000
2020-08-04 09:33:54.840,3.34,2500
2020-08-04 09:33:55.550,3.339,5000
2020-08-04 09:33:55.550,3.34,10000
2020-08-04 09:33:55.750,3.338,1300
2020-08-04 09:33:56.300,3.339,4900
2020-08-04 09:33:56.690,3.339,25600
2020-08-04 09:33:56.690,3.34,4400
2020-08-04 09:33:58.320,3.34,30000
2020-08-04 09:33:58.690,3.338,8700
2020-08-04 09:33:58.690,3.338,2000
2020-08-04 09:33:58.690,3.338,100
2020-08-04 09:33:59.010,3.337,2000
2020-08-04 09:33:59.110,3.34,127900
2020-08-04 09:34:01.120,3.339,3600
2020-08-04 09:34:04.130,3.338,1000
2020-08-04 09:34:04.400,3.338,9000
2020-08-04 09:34:05.400,3.339,800
2020-08-04 09:34:06.280,3.338,60000
2020-08-04 09:34:06.560,3.337,5500
2020-08-04 09:34:06.840,3.337,3800
2020-08-04 09:34:06.990,3.337,200
2020-08-04 09:34:07.140,3.338,50000
2020-08-04 09:34:08.440,3.338,190000
2020-08-04 09:34:08.440,3.338,10000
2020-08-04 09:34:08.440,3.338,10000
2020-08-04 09:34:08.440,3.339,90000
2020-08-04 09:34:09.040,3.338,1000
2020-08-04 09:34:09.350,3.338,3000
2020-08-04 09:34:09.450,3.338,5000
2020-08-04 09:34:09.570,3.338,100
2020-08-04 09:34:09.760,3.339,300000
2020-08-04 09:34:10.580,3.338,5200
2020-08-04 09:34:10.810,3.338,100
2020-08-04 09:34:11.310,3.339,5000
2020-08-04 09:34:11.310,3.339,50000
2020-08-04 09:34:11.580,3.339,200
2020-08-04 09:34:11.740,3.339,50000
2020-08-04 09:34:13.350,3.339,1300
2020-08-04 09:34:13.760,3.34,100
2020-08-04 09:34:13.760,3.34,5000
2020-08-04 09:34:13.760,3.34,294900
2020-08-04 09:34:13.760,3.34,5100
2020-08-04 09:34:13.760,3.34,100
2020-08-04 09:34:13.760,3.34,4000
2020-08-04 09:34:13.760,3.34,600
2020-08-04 09:34:13.760,3.34,290200
2020-08-04 09:34:13.790,3.339,2000
2020-08-04 09:34:14.790,3.339,10000
2020-08-04 09:34:14.850,3.34,500
2020-08-04 09:34:15.920,3.339,75000
2020-08-04 09:34:16.810,3.339,200
2020-08-04 09:34:17.130,3.339,4100
2020-08-04 09:34:17.260,3.339,102200
2020-08-04 09:34:17.260,3.339,41500
2020-08-04 09:34:17.260,3.339,6300
2020-08-04 09:34:17.480,3.339,1000
2020-08-04 09:34:17.720,3.34,1800
2020-08-04 09:34:17.720,3.34,500
2020-08-04 09:34:17.720,3.34,200000
2020-08-04 09:34:17.720,3.34,100
2020-08-04 09:34:17.720,3.34,500
2020-08-04 09:34:17.720,3.34,14800
2020-08-04 09:34:17.720,3.34,82300
2020-08-04 09:34:18.220,3.339,100
2020-08-04 09:34:18.220,3.339,9900
2020-08-04 09:34:18.480,3.339,100
2020-08-04 09:34:19.620,3.339,3000
2020-08-04 09:34:20.020,3.339,10000
2020-08-04 09:34:20.380,3.339,300
2020-08-04 09:34:20.510,3.339,2000
2020-08-04 09:34:20.890,3.339,3000
2020-08-04 09:34:21.340,3.339,4300
2020-08-04 09:34:21.720,3.339,700
2020-08-04 09:34:21.720,3.34,9300
2020-08-04 09:34:21.750,3.338,20000
2020-08-04 09:34:22.690,3.34,60000
2020-08-04 09:34:23.330,3.339,5000
2020-08-04 09:34:23.670,3.339,2000
2020-08-04 09:34:24.040,3.339,500
2020-08-04 09:34:24.070,3.339,1000
2020-08-04 09:34:24.660,3.339,10000
2020-08-04 09:34:24.790,3.339,2000
2020-08-04 09:34:25.200,3.339,200
2020-08-04 09:34:25.230,3.34,1000
2020-08-04 09:34:25.620,3.34,9900
2020-08-04 09:34:25.910,3.339,1900
2020-08-04 09:34:26.430,3.339,5800
2020-08-04 09:34:26.430,3.339,3000
2020-08-04 09:34:26.770,3.338,6000
2020-08-04 09:34:26.770,3.338,10000
2020-08-04 09:34:27.550,3.339,10400
2020-08-04 09:34:28.040,3.339,10000
2020-08-04 09:34:28.280,3.339,20800
2020-08-04 09:34:28.280,3.339,100
2020-08-04 09:34:28.280,3.339,5000
2020-08-04 09:34:28.280,3.339,23200
2020-08-04 09:34:28.440,3.339,6800
2020-08-04 09:34:28.440,3.339,5000
2020-08-04 09:34:28.440,3.34,37500
2020-08-04 09:34:28.440,3.34,5800
2020-08-04 09:34:28.440,3.34,1200
2020-08-04 09:34:28.440,3.34,900
2020-08-04 09:34:28.440,3.34,5000
2020-08-04 09:34:28.440,3.34,8000
2020-08-04 09:34:28.440,3.34,2400
2020-08-04 09:34:28.440,3.34,4000
2020-08-04 09:34:28.440,3.34,10000
2020-08-04 09:34:28.440,3.34,3000
2020-08-04 09:34:28.440,3.34,1300
2020-08-04 09:34:28.440,3.34,1000
2020-08-04 09:34:28.440,3.34,5000
2020-08-04 09:34:28.440,3.34,200
2020-08-04 09:34:28.440,3.34,500
2020-08-04 09:34:28.440,3.34,45000
2020-08-04 09:34:28.440,3.34,1000
2020-08-04 09:34:28.440,3.34,10000
2020-08-04 09:34:28.440,3.34,20000
2020-08-04 09:34:28.440,3.34,10000
2020-08-04 09:34:28.440,3.34,15900
2020-08-04 09:34:28.440,3.34,500
2020-08-04 09:34:28.820,3.339,1000
2020-08-04 09:34:29.020,3.338,100
2020-08-04 09:34:30.720,3.339,5000
2020-08-04 09:34:30.750,3.338,6000
2020-08-04 09:34:31.130,3.339,4000
2020-08-04 09:34:31.130,3.339,400
2020-08-04 09:34:31.130,3.339,2000
2020-08-04 09:34:31.130,3.34,4500
2020-08-04 09:34:31.130,3.34,7500
2020-08-04 09:34:31.130,3.34,8200
2020-08-04 09:34:31.130,3.34,3000
2020-08-04 09:34:31.130,3.34,30400
2020-08-04 09:34:31.720,3.338,5000
2020-08-04 09:34:32.350,3.34,9000
2020-08-04 09:34:36.740,3.338,100
2020-08-04 09:34:37.420,3.339,100
2020-08-04 09:34:37.420,3.339,500
2020-08-04 09:34:38.550,3.338,600
2020-08-04 09:34:40.550,3.338,10000
2020-08-04 09:34:42.480,3.338,7600
2020-08-04 09:34:42.730,3.338,1000
2020-08-04 09:34:42.940,3.339,1500
2020-08-04 09:34:43.080,3.339,700
2020-08-04 09:34:43.730,3.339,1500
2020-08-04 09:34:44.250,3.338,29600
2020-08-04 09:34:44.250,3.338,5000
2020-08-04 09:34:44.250,3.338,1200
2020-08-04 09:34:44.250,3.338,1000
2020-08-04 09:34:44.250,3.338,3200
2020-08-04 09:34:44.540,3.338,300
2020-08-04 09:34:44.800,3.339,20000
2020-08-04 09:34:45.390,3.338,6900
2020-08-04 09:34:45.450,3.338,23600
2020-08-04 09:34:45.540,3.339,1000
2020-08-04 09:34:46.680,3.338,15000
2020-08-04 09:34:46.860,3.339,275400
2020-08-04 09:34:46.860,3.339,10000
2020-08-04 09:34:46.860,3.339,7000
2020-08-04 09:34:46.860,3.339,7600
2020-08-04 09:34:47.920,3.339,2400
2020-08-04 09:34:47.920,3.339,1700
2020-08-04 09:34:47.920,3.339,5500
2020-08-04 09:34:47.920,3.339,1200
2020-08-04 09:34:47.920,3.339,1600
2020-08-04 09:34:47.920,3.34,260600
2020-08-04 09:34:47.920,3.34,3300
2020-08-04 09:34:47.920,3.34,22000
2020-08-04 09:34:47.920,3.34,1700
2020-08-04 09:34:47.920,3.34,46300
2020-08-04 09:34:47.920,3.34,200000
2020-08-04 09:34:47.920,3.34,3000
2020-08-04 09:34:47.920,3.34,10000
2020-08-04 09:34:47.920,3.34,2600
2020-08-04 09:34:47.920,3.34,10000
2020-08-04 09:34:47.920,3.34,1000
2020-08-04 09:34:47.920,3.34,100
2020-08-04 09:34:47.920,3.34,600
2020-08-04 09:34:47.920,3.34,5000
2020-08-04 09:34:47.920,3.34,3000
2020-08-04 09:34:47.920,3.34,1800
2020-08-04 09:34:47.920,3.34,16600
2020-08-04 09:34:48.060,3.338,5000
2020-08-04 09:34:48.300,3.338,3000
2020-08-04 09:34:48.570,3.339,900
2020-08-04 09:34:48.630,3.34,1500
2020-08-04 09:34:48.720,3.339,14800
2020-08-04 09:34:49.080,3.339,3000
2020-08-04 09:34:49.640,3.339,8000
2020-08-04 09:34:49.950,3.339,4500
2020-08-04 09:34:50.090,3.339,8800
2020-08-04 09:34:50.090,3.339,1100
2020-08-04 09:34:50.090,3.339,30000
2020-08-04 09:34:50.090,3.339,40000
2020-08-04 09:34:50.090,3.339,20100
2020-08-04 09:34:50.440,3.339,6000
2020-08-04 09:34:51.070,3.339,200
2020-08-04 09:34:51.260,3.339,7500
2020-08-04 09:34:51.850,3.339,2000
2020-08-04 09:34:53.520,3.339,100
2020-08-04 09:34:54.040,3.339,3000
2020-08-04 09:34:55.080,3.34,100
2020-08-04 09:34:55.290,3.34,10000
2020-08-04 09:34:55.420,3.339,900
2020-08-04 09:34:56.450,3.339,36100
2020-08-04 09:34:56.450,3.339,50000
2020-08-04 09:34:56.450,3.339,13900
2020-08-04 09:34:57.850,3.339,10600
2020-08-04 09:34:58.000,3.339,1600
2020-08-04 09:34:58.220,3.339,1000
2020-08-04 09:34:58.220,3.34,3800
2020-08-04 09:34:59.710,3.339,3000
2020-08-04 09:34:59.710,3.339,2000
2020-08-04 09:35:00.250,3.339,18200
2020-08-04 09:35:00.660,3.339,200
2020-08-04 09:35:00.760,3.34,18000
2020-08-04 09:35:00.760,3.34,100
2020-08-04 09:35:00.760,3.34,3000
2020-08-04 09:35:00.760,3.34,2000
2020-08-04 09:35:00.760,3.34,100
2020-08-04 09:35:00.760,3.34,11000
2020-08-04 09:35:00.760,3.34,5000
2020-08-04 09:35:00.760,3.34,5500
2020-08-04 09:35:00.760,3.34,4000
2020-08-04 09:35:00.760,3.34,2300
2020-08-04 09:35:00.760,3.341,111600
2020-08-04 09:35:00.760,3.341,11000
2020-08-04 09:35:00.760,3.341,4500
2020-08-04 09:35:00.760,3.341,10000
2020-08-04 09:35:00.760,3.341,3400
2020-08-04 09:35:00.760,3.341,300
2020-08-04 09:35:00.760,3.341,2000
2020-08-04 09:35:00.760,3.341,5000
2020-08-04 09:35:00.760,3.341,900
2020-08-04 09:35:00.760,3.341,500
2020-08-04 09:35:00.760,3.341,600
2020-08-04 09:35:00.760,3.341,7000
2020-08-04 09:35:00.760,3.341,3000
2020-08-04 09:35:00.760,3.341,10000
2020-08-04 09:35:00.760,3.341,500
2020-08-04 09:35:00.760,3.341,300
2020-08-04 09:35:00.760,3.341,10000
2020-08-04 09:35:00.760,3.341,3000
2020-08-04 09:35:00.760,3.341,1500
2020-08-04 09:35:00.760,3.341,2000
2020-08-04 09:35:00.760,3.341,1000
2020-08-04 09:35:00.760,3.341,1200
2020-08-04 09:35:00.760,3.341,4500
2020-08-04 09:35:00.760,3.341,3000
2020-08-04 09:35:00.760,3.341,500
2020-08-04 09:35:00.760,3.341,16300
2020-08-04 09:35:00.760,3.341,8700
2020-08-04 09:35:00.760,3.341,3400
2020-08-04 09:35:00.760,3.341,2000
2020-08-04 09:35:00.760,3.341,500
2020-08-04 09:35:00.760,3.341,5400
2020-08-04 09:35:00.760,3.341,10000
2020-08-04 09:35:00.760,3.341,600
2020-08-04 09:35:00.760,3.341,1700
2020-08-04 09:35:00.760,3.341,3100
2020-08-04 09:35:01.140,3.339,100
2020-08-04 09:35:01.340,3.34,100
2020-08-04 09:35:01.340,3.34,10000
2020-08-04 09:35:01.340,3.34,5000
2020-08-04 09:35:01.340,3.34,1000
2020-08-04 09:35:01.840,3.34,13900
2020-08-04 09:35:01.840,3.34,300
2020-08-04 09:35:01.840,3.339,200
2020-08-04 09:35:02.450,3.34,800
2020-08-04 09:35:02.450,3.34,8000
2020-08-04 09:35:02.660,3.34,1200
2020-08-04 09:35:02.660,3.339,3800
2020-08-04 09:35:02.750,3.341,100
2020-08-04 09:35:03.050,3.341,1800
2020-08-04 09:35:03.050,3.341,6000
2020-08-04 09:35:03.050,3.341,5000
2020-08-04 09:35:03.050,3.341,2200
2020-08-04 09:35:03.600,3.339,70000
2020-08-04 09:35:03.800,3.34,1200
2020-08-04 09:35:03.800,3.341,27800
2020-08-04 09:35:03.800,3.341,12000
2020-08-04 09:35:03.800,3.341,5000
2020-08-04 09:35:03.800,3.341,4100
2020-08-04 09:35:03.800,3.341,800
2020-08-04 09:35:03.800,3.341,15000
2020-08-04 09:35:03.800,3.341,100
2020-08-04 09:35:03.800,3.341,10000
2020-08-04 09:35:03.800,3.341,1200
2020-08-04 09:35:03.800,3.341,3300
2020-08-04 09:35:03.990,3.341,47300
2020-08-04 09:35:04.180,3.341,172200
2020-08-04 09:35:05.280,3.34,5000
2020-08-04 09:35:06.040,3.34,15000
2020-08-04 09:35:06.190,3.34,85000
2020-08-04 09:35:06.220,3.34,1800
2020-08-04 09:35:07.180,3.34,100
2020-08-04 09:35:08.290,3.34,6800
2020-08-04 09:35:08.440,3.34,3700
2020-08-04 09:35:08.880,3.34,600
2020-08-04 09:35:09.510,3.341,300000
2020-08-04 09:35:09.510,3.341,300000
2020-08-04 09:35:09.640,3.34,12300
2020-08-04 09:35:09.670,3.34,8000
2020-08-04 09:35:09.940,3.34,1400
2020-08-04 09:35:09.940,3.34,1900
2020-08-04 09:35:10.000,3.34,3100
2020-08-04 09:35:10.000,3.34,4800
2020-08-04 09:35:10.000,3.34,2100
2020-08-04 09:35:10.190,3.34,300
2020-08-04 09:35:10.550,3.34,16000
2020-08-04 09:35:10.730,3.34,200
2020-08-04 09:35:11.220,3.34,20000
2020-08-04 09:35:11.290,3.341,212400
2020-08-04 09:35:11.290,3.341,5000
2020-08-04 09:35:11.290,3.341,10000
2020-08-04 09:35:11.290,3.341,2300
2020-08-04 09:35:11.290,3.341,1500
2020-08-04 09:35:11.290,3.341,1000
2020-08-04 09:35:11.290,3.341,20000
2020-08-04 09:35:11.290,3.341,100
2020-08-04 09:35:11.290,3.342,3000
2020-08-04 09:35:11.290,3.342,3000
2020-08-04 09:35:11.290,3.342,3500
2020-08-04 09:35:11.290,3.342,18900
2020-08-04 09:35:11.290,3.342,4000
2020-08-04 09:35:11.290,3.342,10000
2020-08-04 09:35:11.290,3.342,3000
2020-08-04 09:35:11.290,3.342,2300
2020-08-04 09:35:11.290,3.342,3700
2020-08-04 09:35:11.290,3.342,6000
2020-08-04 09:35:11.290,3.342,10000
2020-08-04 09:35:11.290,3.342,5000
2020-08-04 09:35:11.290,3.342,5000
2020-08-04 09:35:11.290,3.342,1000
2020-08-04 09:35:11.290,3.342,144000
2020-08-04 09:35:11.290,3.342,125300
2020-08-04 09:35:11.290,3.342,189700
2020-08-04 09:35:11.290,3.342,10000
2020-08-04 09:35:11.290,3.342,5000
2020-08-04 09:35:11.290,3.342,32900
2020-08-04 09:35:11.290,3.342,20000
2020-08-04 09:35:11.290,3.342,2000
2020-08-04 09:35:11.290,3.342,3000
2020-08-04 09:35:11.290,3.342,200
2020-08-04 09:35:11.290,3.342,10000
2020-08-04 09:35:11.290,3.342,27200
2020-08-04 09:35:11.290,3.342,172800
2020-08-04 09:35:11.290,3.342,6000
2020-08-04 09:35:11.290,3.342,5000
2020-08-04 09:35:11.290,3.342,10000
2020-08-04 09:35:11.290,3.342,11700
2020-08-04 09:35:11.290,3.342,1000
2020-08-04 09:35:11.290,3.342,1000
2020-08-04 09:35:11.290,3.342,5000
2020-08-04 09:35:11.290,3.342,6000
2020-08-04 09:35:11.290,3.342,2500
2020-08-04 09:35:11.380,3.342,1800
2020-08-04 09:35:12.110,3.342,10000
2020-08-04 09:35:12.710,3.342,100
2020-08-04 09:35:13.230,3.342,1100
2020-08-04 09:35:14.050,3.342,9000
2020-08-04 09:35:14.140,3.342,2000
2020-08-04 09:35:14.200,3.342,12000
2020-08-04 09:35:14.260,3.342,7000
2020-08-04 09:35:14.360,3.342,3000
2020-08-04 09:35:14.760,3.342,4400
2020-08-04 09:35:14.910,3.342,1000
2020-08-04 09:35:14.940,3.342,1100
2020-08-04 09:35:14.970,3.342,1000
2020-08-04 09:35:14.970,3.342,1000
2020-08-04 09:35:15.100,3.342,1000
2020-08-04 09:35:15.710,3.342,23500
2020-08-04 09:35:15.710,3.342,300000
2020-08-04 09:35:15.990,3.341,5000
2020-08-04 09:35:15.990,3.342,300000
2020-08-04 09:35:16.310,3.341,5600
2020-08-04 09:35:16.670,3.341,2000
2020-08-04 09:35:18.810,3.342,276500
2020-08-04 09:35:18.810,3.342,500
2020-08-04 09:35:18.810,3.342,23000
2020-08-04 09:35:19.030,3.342,3300
2020-08-04 09:35:19.650,3.342,94000
2020-08-04 09:35:19.820,3.342,300000
2020-08-04 09:35:20.030,3.341,5000
2020-08-04 09:35:20.250,3.342,300000
2020-08-04 09:35:20.250,3.342,179700
2020-08-04 09:35:20.250,3.342,500
2020-08-04 09:35:20.250,3.342,100
2020-08-04 09:35:20.800,3.342,5000
2020-08-04 09:35:20.950,3.342,100
2020-08-04 09:35:21.510,3.342,11700
2020-08-04 09:35:22.190,3.342,30000
2020-08-04 09:35:22.460,3.342,6000
2020-08-04 09:35:22.860,3.342,10000
2020-08-04 09:35:23.570,3.342,1000
2020-08-04 09:35:23.600,3.342,4000
2020-08-04 09:35:23.980,3.342,3000
2020-08-04 09:35:24.640,3.342,15000
2020-08-04 09:35:24.710,3.343,1500
2020-08-04 09:35:24.710,3.343,2700
2020-08-04 09:35:24.710,3.343,5000
2020-08-04 09:35:24.710,3.343,50000
2020-08-04 09:35:24.710,3.343,13000
2020-08-04 09:35:24.710,3.343,500
2020-08-04 09:35:24.710,3.343,500
2020-08-04 09:35:24.710,3.343,20000
2020-08-04 09:35:24.710,3.343,500
2020-08-04 09:35:24.710,3.343,10000
2020-08-04 09:35:24.710,3.343,2000
2020-08-04 09:35:24.710,3.343,5900
2020-08-04 09:35:24.710,3.343,17000
2020-08-04 09:35:24.710,3.343,18800
2020-08-04 09:35:24.710,3.343,11500
2020-08-04 09:35:24.710,3.343,10000
2020-08-04 09:35:24.710,3.343,9000
2020-08-04 09:35:24.710,3.343,400
2020-08-04 09:35:24.710,3.343,4500
2020-08-04 09:35:24.710,3.343,10000
2020-08-04 09:35:24.710,3.343,10000
2020-08-04 09:35:24.710,3.343,3000
2020-08-04 09:35:24.710,3.343,72900
2020-08-04 09:35:24.710,3.343,4000
2020-08-04 09:35:24.710,3.343,5000
2020-08-04 09:35:24.710,3.343,100
2020-08-04 09:35:24.710,3.343,10000
2020-08-04 09:35:24.710,3.343,100
2020-08-04 09:35:24.710,3.343,2100
2020-08-04 09:35:24.710,3.343,7900
2020-08-04 09:35:24.710,3.343,3000
2020-08-04 09:35:24.710,3.343,5000
2020-08-04 09:35:24.710,3.343,284100
2020-08-04 09:35:24.710,3.343,300000
2020-08-04 09:35:24.830,3.342,12000
2020-08-04 09:35:25.110,3.342,3000
2020-08-04 09:35:25.450,3.343,2400
2020-08-04 09:35:26.540,3.342,18900
2020-08-04 09:35:26.540,3.342,500
2020-08-04 09:35:26.660,3.342,5000
2020-08-04 09:35:28.810,3.342,3600
2020-08-04 09:35:29.310,3.342,10000
2020-08-04 09:35:29.940,3.342,400
2020-08-04 09:35:30.340,3.342,500
2020-08-04 09:35:31.760,3.342,19900
2020-08-04 09:35:31.760,3.342,280100
2020-08-04 09:35:31.790,3.341,8000
2020-08-04 09:35:32.100,3.342,5000
2020-08-04 09:35:33.130,3.342,3800
2020-08-04 09:35:34.480,3.342,8000
2020-08-04 09:35:34.480,3.342,4500
2020-08-04 09:35:34.480,3.342,5300
2020-08-04 09:35:34.480,3.342,5000
2020-08-04 09:35:34.480,3.342,300
2020-08-04 09:35:34.480,3.342,2000
2020-08-04 09:35:34.480,3.342,7800
2020-08-04 09:35:34.480,3.342,10000
2020-08-04 09:35:34.540,3.342,75000
2020-08-04 09:35:34.660,3.342,22000
2020-08-04 09:35:35.080,3.342,10000
2020-08-04 09:35:35.170,3.342,500
2020-08-04 09:35:35.210,3.343,2000
2020-08-04 09:35:35.670,3.342,10000
2020-08-04 09:35:36.030,3.342,900
2020-08-04 09:35:36.330,3.343,60000
2020-08-04 09:35:36.580,3.342,10000
2020-08-04 09:35:36.900,3.342,30000
2020-08-04 09:35:36.930,3.342,2000
2020-08-04 09:35:37.230,3.342,5000
2020-08-04 09:35:37.390,3.343,30000
2020-08-04 09:35:37.390,3.343,40000
2020-08-04 09:35:37.390,3.343,181500
2020-08-04 09:35:37.390,3.343,100
2020-08-04 09:35:37.390,3.343,7600
2020-08-04 09:35:37.390,3.343,100
2020-08-04 09:35:37.390,3.343,1600
2020-08-04 09:35:37.390,3.343,6000
2020-08-04 09:35:37.650,3.343,103100
2020-08-04 09:35:37.650,3.342,71700
2020-08-04 09:35:37.650,3.342,40000
2020-08-04 09:35:37.650,3.342,30000
2020-08-04 09:35:37.650,3.342,40000
2020-08-04 09:35:37.650,3.342,500
2020-08-04 09:35:37.650,3.342,14700
2020-08-04 09:35:37.960,3.342,40000
2020-08-04 09:35:37.960,3.342,298600
2020-08-04 09:35:37.960,3.342,300000
2020-08-04 09:35:37.960,3.342,261400
2020-08-04 09:35:38.110,3.342,4000
2020-08-04 09:35:38.780,3.343,1500
2020-08-04 09:35:39.000,3.343,272900
2020-08-04 09:35:39.000,3.343,35300
2020-08-04 09:35:39.000,3.343,30000
2020-08-04 09:35:39.090,3.343,300000
2020-08-04 09:35:39.310,3.343,800
2020-08-04 09:35:39.440,3.343,40000
2020-08-04 09:35:40.070,3.343,40000
2020-08-04 09:35:40.280,3.342,1000
2020-08-04 09:35:40.410,3.342,12200
2020-08-04 09:35:40.580,3.343,1000
2020-08-04 09:35:40.580,3.343,5000
2020-08-04 09:35:40.640,3.344,1000
2020-08-04 09:35:40.640,3.344,2600
2020-08-04 09:35:41.190,3.343,1500
2020-08-04 09:35:41.730,3.343,10000
2020-08-04 09:35:41.880,3.344,2400
2020-08-04 09:35:41.880,3.344,5000
2020-08-04 09:35:41.880,3.344,7000
2020-08-04 09:35:41.880,3.344,5000
2020-08-04 09:35:41.880,3.344,100
2020-08-04 09:35:41.880,3.344,200000
2020-08-04 09:35:41.880,3.344,19900
2020-08-04 09:35:41.880,3.344,500
2020-08-04 09:35:41.880,3.344,10000
2020-08-04 09:35:41.880,3.344,10000
2020-08-04 09:35:41.880,3.344,4000
2020-08-04 09:35:41.880,3.344,5000
2020-08-04 09:35:41.880,3.344,22900
2020-08-04 09:35:42.760,3.344,77100
2020-08-04 09:35:42.760,3.344,18700
2020-08-04 09:35:42.760,3.344,10000
2020-08-04 09:35:42.760,3.344,12000
2020-08-04 09:35:42.760,3.344,10000
2020-08-04 09:35:42.760,3.344,1000
2020-08-04 09:35:42.760,3.344,3500
2020-08-04 09:35:42.760,3.344,167700
2020-08-04 09:35:42.950,3.343,300
2020-08-04 09:35:43.640,3.344,40000
2020-08-04 09:35:44.070,3.344,30000
2020-08-04 09:35:44.070,3.344,40000
2020-08-04 09:35:44.070,3.344,40000
2020-08-04 09:35:44.130,3.343,5000
2020-08-04 09:35:44.130,3.343,500
2020-08-04 09:35:44.370,3.344,71300
2020-08-04 09:35:44.370,3.344,1000
2020-08-04 09:35:44.370,3.344,3200
2020-08-04 09:35:44.370,3.344,7000
2020-08-04 09:35:44.370,3.344,200
2020-08-04 09:35:44.370,3.344,6000
2020-08-04 09:35:44.370,3.344,5000
2020-08-04 09:35:44.370,3.344,100
2020-08-04 09:35:44.370,3.344,10000
2020-08-04 09:35:44.370,3.344,2000
2020-08-04 09:35:44.370,3.344,5000
2020-08-04 09:35:44.370,3.344,20000
2020-08-04 09:35:44.370,3.344,8900
2020-08-04 09:35:44.370,3.344,9000
2020-08-04 09:35:44.370,3.344,1500
2020-08-04 09:35:44.370,3.344,1000
2020-08-04 09:35:44.370,3.344,15000
2020-08-04 09:35:44.370,3.345,31800
2020-08-04 09:35:44.370,3.345,27100
2020-08-04 09:35:44.370,3.345,8700
2020-08-04 09:35:44.370,3.345,200
2020-08-04 09:35:44.370,3.345,2500
2020-08-04 09:35:44.370,3.345,8500
2020-08-04 09:35:44.370,3.345,1000
2020-08-04 09:35:44.370,3.345,10000
2020-08-04 09:35:44.370,3.345,3300
2020-08-04 09:35:44.370,3.345,2000
2020-08-04 09:35:44.370,3.345,8000
2020-08-04 09:35:44.370,3.345,2600
2020-08-04 09:35:44.370,3.345,10000
2020-08-04 09:35:44.370,3.345,100
2020-08-04 09:35:44.370,3.345,300
2020-08-04 09:35:44.370,3.345,5000
2020-08-04 09:35:44.370,3.345,2000
2020-08-04 09:35:44.370,3.345,10700
2020-08-04 09:35:44.980,3.343,2000
2020-08-04 09:35:45.010,3.343,10700
2020-08-04 09:35:45.010,3.343,19300
2020-08-04 09:35:45.040,3.344,30000
2020-08-04 09:35:45.040,3.344,40000
2020-08-04 09:35:45.220,3.343,10000
2020-08-04 09:35:45.620,3.344,30000
2020-08-04 09:35:45.620,3.345,59300
2020-08-04 09:35:45.620,3.345,100
2020-08-04 09:35:45.620,3.345,5000
2020-08-04 09:35:45.620,3.345,2800
2020-08-04 09:35:45.620,3.345,200
2020-08-04 09:35:45.620,3.345,11200
2020-08-04 09:35:45.620,3.345,100000
2020-08-04 09:35:45.620,3.345,20000
2020-08-04 09:35:45.620,3.345,1000
2020-08-04 09:35:45.620,3.345,1500
2020-08-04 09:35:45.620,3.345,2000
2020-08-04 09:35:45.620,3.345,2000
2020-08-04 09:35:45.620,3.345,3000
2020-08-04 09:35:45.620,3.345,12000
2020-08-04 09:35:45.620,3.345,1000
2020-08-04 09:35:45.620,3.345,2000
2020-08-04 09:35:45.620,3.345,2200
2020-08-04 09:35:45.620,3.345,5000
2020-08-04 09:35:45.620,3.345,200
2020-08-04 09:35:45.620,3.345,3000
2020-08-04 09:35:45.620,3.345,5800
2020-08-04 09:35:45.620,3.345,1000
2020-08-04 09:35:45.620,3.345,1000
2020-08-04 09:35:45.620,3.345,800
2020-08-04 09:35:45.620,3.345,27900
2020-08-04 09:35:45.870,3.344,200
2020-08-04 09:35:46.650,3.344,100
2020-08-04 09:35:46.650,3.344,1000
2020-08-04 09:35:46.780,3.344,4400
2020-08-04 09:35:47.310,3.345,300000
2020-08-04 09:35:47.310,3.345,300000
2020-08-04 09:35:47.950,3.345,16800
2020-08-04 09:35:47.950,3.345,40000
2020-08-04 09:35:47.950,3.345,40000
2020-08-04 09:35:48.140,3.345,40000
2020-08-04 09:35:48.220,3.344,100
2020-08-04 09:35:48.260,3.344,5800
2020-08-04 09:35:48.260,3.345,235300
2020-08-04 09:35:48.260,3.345,300
2020-08-04 09:35:48.260,3.345,1000
2020-08-04 09:35:48.260,3.345,44900
2020-08-04 09:35:48.260,3.345,1000
2020-08-04 09:35:48.260,3.345,10000
2020-08-04 09:35:48.260,3.345,1500
2020-08-04 09:35:48.260,3.345,6000
2020-08-04 09:35:48.380,3.345,4000
2020-08-04 09:35:48.380,3.345,500
2020-08-04 09:35:48.380,3.345,2000
2020-08-04 09:35:48.380,3.345,2800
2020-08-04 09:35:48.380,3.345,1000
2020-08-04 09:35:48.380,3.345,5000
2020-08-04 09:35:48.380,3.345,500
2020-08-04 09:35:48.380,3.345,2000
2020-08-04 09:35:48.380,3.345,5000
2020-08-04 09:35:48.380,3.345,100
2020-08-04 09:35:48.380,3.345,200
2020-08-04 09:35:48.380,3.345,2000
2020-08-04 09:35:48.380,3.345,1000
2020-08-04 09:35:48.380,3.345,10000
2020-08-04 09:35:48.380,3.345,3200
2020-08-04 09:35:48.380,3.345,1000
2020-08-04 09:35:48.380,3.345,2800
2020-08-04 09:35:48.380,3.345,100
2020-08-04 09:35:48.380,3.345,1000
2020-08-04 09:35:48.380,3.345,100
2020-08-04 09:35:48.380,3.345,5000
2020-08-04 09:35:48.380,3.345,300
2020-08-04 09:35:48.380,3.345,14000
2020-08-04 09:35:48.380,3.345,400
2020-08-04 09:35:48.380,3.345,2700
2020-08-04 09:35:48.380,3.345,1000
2020-08-04 09:35:48.380,3.345,20000
2020-08-04 09:35:48.380,3.345,3400
2020-08-04 09:35:48.380,3.345,40000
2020-08-04 09:35:48.380,3.345,30000
2020-08-04 09:35:48.380,3.345,100
2020-08-04 09:35:48.380,3.345,4500
2020-08-04 09:35:48.380,3.345,500
2020-08-04 09:35:48.380,3.345,2000
2020-08-04 09:35:48.380,3.345,1500
2020-08-04 09:35:48.380,3.345,20000
2020-08-04 09:35:48.380,3.345,3100
2020-08-04 09:35:48.380,3.346,500
2020-08-04 09:35:48.380,3.346,100
2020-08-04 09:35:48.380,3.346,6000
2020-08-04 09:35:48.380,3.346,1000
2020-08-04 09:35:48.380,3.346,700
2020-08-04 09:35:48.380,3.346,10000
2020-08-04 09:35:48.380,3.346,100
2020-08-04 09:35:48.380,3.346,5000
2020-08-04 09:35:48.380,3.346,10000
2020-08-04 09:35:48.380,3.346,5000
2020-08-04 09:35:48.380,3.346,200
2020-08-04 09:35:48.380,3.346,5000
2020-08-04 09:35:48.380,3.346,500
2020-08-04 09:35:48.380,3.346,2000
2020-08-04 09:35:48.380,3.346,4300
2020-08-04 09:35:48.380,3.346,56800
2020-08-04 09:35:48.660,3.346,300000
2020-08-04 09:35:49.230,3.345,4600
2020-08-04 09:35:49.460,3.346,30000
2020-08-04 09:35:49.740,3.345,7000
2020-08-04 09:35:50.490,3.345,11500
2020-08-04 09:35:50.520,3.345,10000
2020-08-04 09:35:50.860,3.345,400
2020-08-04 09:35:50.860,3.345,5000
2020-08-04 09:35:50.920,3.345,600
2020-08-04 09:35:50.920,3.345,900
2020-08-04 09:35:50.920,3.345,500
2020-08-04 09:35:50.980,3.346,29200
2020-08-04 09:35:50.980,3.346,10800
2020-08-04 09:35:51.360,3.346,700
2020-08-04 09:35:51.360,3.346,500
2020-08-04 09:35:51.360,3.346,10000
2020-08-04 09:35:51.360,3.346,1000
2020-08-04 09:35:51.360,3.346,27800
2020-08-04 09:35:51.360,3.346,4100
2020-08-04 09:35:51.360,3.346,1000
2020-08-04 09:35:51.360,3.346,10000
2020-08-04 09:35:51.360,3.346,24900
2020-08-04 09:35:51.940,3.346,40000
2020-08-04 09:35:52.090,3.345,1600
2020-08-04 09:35:52.890,3.345,8000
2020-08-04 09:35:53.450,3.346,1800
2020-08-04 09:35:53.860,3.345,4000
2020-08-04 09:35:53.890,3.346,33300
2020-08-04 09:35:53.890,3.346,2000
2020-08-04 09:35:53.890,3.346,4700
2020-08-04 09:35:53.950,3.346,1700
2020-08-04 09:35:53.950,3.346,1500
2020-08-04 09:35:53.950,3.346,5000
2020-08-04 09:35:53.950,3.346,3500
2020-08-04 09:35:53.950,3.346,1000
2020-08-04 09:35:54.450,3.347,3000
2020-08-04 09:35:54.450,3.347,3000
2020-08-04 09:35:54.450,3.347,1000
2020-08-04 09:35:54.450,3.347,2500
2020-08-04 09:35:54.450,3.347,6900
2020-08-04 09:35:54.450,3.346,1000
2020-08-04 09:35:55.660,3.346,100
2020-08-04 09:35:55.800,3.346,200
2020-08-04 09:35:55.850,3.346,26000
2020-08-04 09:35:55.850,3.346,30000
2020-08-04 09:35:55.850,3.346,40000
2020-08-04 09:35:55.850,3.346,67200
2020-08-04 09:35:55.850,3.346,40000
2020-08-04 09:35:55.850,3.346,18100
2020-08-04 09:35:56.330,3.346,25600
2020-08-04 09:35:56.460,3.345,7700
2020-08-04 09:35:56.790,3.346,50000
2020-08-04 09:35:56.790,3.346,50000
2020-08-04 09:35:56.980,3.346,40000
2020-08-04 09:35:57.080,3.346,50000
2020-08-04 09:35:57.630,3.346,174200
2020-08-04 09:35:57.920,3.347,3100
2020-08-04 09:35:57.920,3.347,8100
2020-08-04 09:35:57.920,3.347,8200
2020-08-04 09:35:57.920,3.347,8100
2020-08-04 09:35:57.920,3.347,4100
2020-08-04 09:35:57.920,3.347,8400
2020-08-04 09:35:58.430,3.347,1600
2020-08-04 09:35:58.430,3.347,4000
2020-08-04 09:35:58.430,3.347,4000
2020-08-04 09:35:58.430,3.347,5000
2020-08-04 09:35:58.430,3.347,20000
2020-08-04 09:35:58.430,3.347,5400
2020-08-04 09:35:58.960,3.346,40000
2020-08-04 09:35:58.960,3.346,50000
2020-08-04 09:35:58.960,3.346,15200
2020-08-04 09:35:58.960,3.346,40000
2020-08-04 09:35:58.960,3.346,50000
2020-08-04 09:35:58.960,3.345,8200
2020-08-04 09:35:58.960,3.345,40000
2020-08-04 09:35:58.960,3.345,50000
2020-08-04 09:35:58.960,3.345,6600
2020-08-04 09:35:58.990,3.347,13900
2020-08-04 09:35:58.990,3.347,5000
2020-08-04 09:35:58.990,3.347,3000
2020-08-04 09:35:58.990,3.347,6000
2020-08-04 09:35:58.990,3.347,100
2020-08-04 09:35:58.990,3.347,100
2020-08-04 09:35:58.990,3.347,5000
2020-08-04 09:35:58.990,3.347,200
2020-08-04 09:35:58.990,3.347,5000
2020-08-04 09:35:58.990,3.347,100
2020-08-04 09:35:58.990,3.347,1600
2020-08-04 09:35:59.120,3.347,400
2020-08-04 09:35:59.300,3.346,14100
2020-08-04 09:35:59.420,3.346,10000
2020-08-04 09:35:59.750,3.347,8000
2020-08-04 09:35:59.750,3.347,400
2020-08-04 09:35:59.750,3.347,400
2020-08-04 09:35:59.750,3.347,1000
2020-08-04 09:36:00.010,3.347,100
2020-08-04 09:36:00.070,3.347,200
2020-08-04 09:36:00.280,3.348,500
2020-08-04 09:36:00.280,3.348,14500
2020-08-04 09:36:00.960,3.348,400
2020-08-04 09:36:01.170,3.347,100
2020-08-04 09:36:01.530,3.347,5000
2020-08-04 09:36:01.590,3.347,5000
2020-08-04 09:36:01.670,3.347,5000
2020-08-04 09:36:02.010,3.347,1000
2020-08-04 09:36:02.200,3.347,2500
2020-08-04 09:36:02.350,3.347,3500
2020-08-04 09:36:02.470,3.348,15500
2020-08-04 09:36:02.470,3.348,6000
2020-08-04 09:36:02.470,3.348,1000
2020-08-04 09:36:02.470,3.348,100
2020-08-04 09:36:02.470,3.348,3000
2020-08-04 09:36:02.470,3.348,14400
2020-08-04 09:36:02.540,3.348,1700
2020-08-04 09:36:02.730,3.348,100
2020-08-04 09:36:03.100,3.347,7300
2020-08-04 09:36:03.440,3.347,10600
2020-08-04 09:36:03.440,3.347,19400
2020-08-04 09:36:03.610,3.348,23900
2020-08-04 09:36:03.610,3.348,500
2020-08-04 09:36:03.610,3.348,100
2020-08-04 09:36:03.610,3.348,10000
2020-08-04 09:36:03.610,3.348,1000
2020-08-04 09:36:03.610,3.348,4500
2020-08-04 09:36:03.780,3.347,1500
2020-08-04 09:36:03.810,3.347,9100
2020-08-04 09:36:03.810,3.347,30000
2020-08-04 09:36:03.810,3.347,40000
2020-08-04 09:36:03.810,3.347,2000
2020-08-04 09:36:03.810,3.347,50000
2020-08-04 09:36:03.810,3.347,50000
2020-08-04 09:36:03.810,3.347,50000
2020-08-04 09:36:03.810,3.347,50000
2020-08-04 09:36:03.840,3.347,24400
2020-08-04 09:36:03.870,3.347,40000
2020-08-04 09:36:04.260,3.347,10700
2020-08-04 09:36:04.320,3.347,150000
2020-08-04 09:36:04.320,3.347,150000
2020-08-04 09:36:04.350,3.347,243800
2020-08-04 09:36:04.350,3.348,56200
2020-08-04 09:36:04.410,3.348,19300
2020-08-04 09:36:04.410,3.348,20700
2020-08-04 09:36:04.960,3.346,500
2020-08-04 09:36:04.960,3.346,7700
2020-08-04 09:36:05.050,3.348,5000
2020-08-04 09:36:05.180,3.347,1000
2020-08-04 09:36:05.180,3.348,274300
2020-08-04 09:36:05.180,3.348,3000
2020-08-04 09:36:05.180,3.348,10000
2020-08-04 09:36:05.180,3.348,500
2020-08-04 09:36:05.180,3.348,10000
2020-08-04 09:36:05.180,3.348,2200
2020-08-04 09:36:05.180,3.348,22800
2020-08-04 09:36:05.180,3.348,26500
2020-08-04 09:36:05.180,3.348,1500
2020-08-04 09:36:05.180,3.348,1000
2020-08-04 09:36:05.180,3.348,10000
2020-08-04 09:36:05.180,3.348,10000
2020-08-04 09:36:05.180,3.348,300
2020-08-04 09:36:05.180,3.348,1600
2020-08-04 09:36:05.180,3.348,5600
2020-08-04 09:36:05.180,3.348,1100
2020-08-04 09:36:05.180,3.348,3000
2020-08-04 09:36:05.180,3.348,216600
2020-08-04 09:36:05.280,3.347,5000
2020-08-04 09:36:05.380,3.348,40000
2020-08-04 09:36:05.430,3.347,34000
2020-08-04 09:36:05.430,3.347,500000
2020-08-04 09:36:05.430,3.347,40000
2020-08-04 09:36:05.430,3.347,30000
2020-08-04 09:36:05.430,3.346,1000
2020-08-04 09:36:05.430,3.346,2000
2020-08-04 09:36:05.430,3.346,293000
2020-08-04 09:36:05.570,3.348,190800
2020-08-04 09:36:05.570,3.346,30000
2020-08-04 09:36:05.990,3.348,30000
2020-08-04 09:36:06.080,3.347,200
2020-08-04 09:36:06.210,3.347,100
2020-08-04 09:36:06.360,3.347,2200
2020-08-04 09:36:06.540,3.348,18600
2020-08-04 09:36:06.540,3.348,10000
2020-08-04 09:36:06.540,3.348,11400
2020-08-04 09:36:06.580,3.348,8600
2020-08-04 09:36:06.580,3.348,10000
2020-08-04 09:36:06.580,3.348,5000
2020-08-04 09:36:06.580,3.348,4000
2020-08-04 09:36:06.580,3.348,3100
2020-08-04 09:36:06.700,3.348,2100
2020-08-04 09:36:06.700,3.348,50000
2020-08-04 09:36:06.700,3.348,2000
2020-08-04 09:36:06.700,3.348,7000
2020-08-04 09:36:06.700,3.348,3000
2020-08-04 09:36:06.700,3.348,400
2020-08-04 09:36:06.700,3.348,10000
2020-08-04 09:36:06.700,3.349,1700
2020-08-04 09:36:06.700,3.349,3000
2020-08-04 09:36:06.700,3.349,50000
2020-08-04 09:36:06.700,3.349,60000
2020-08-04 09:36:06.700,3.349,50000
2020-08-04 09:36:06.700,3.349,1000
2020-08-04 09:36:06.700,3.349,5000
2020-08-04 09:36:06.700,3.349,200
2020-08-04 09:36:06.700,3.349,7500
2020-08-04 09:36:06.700,3.349,47100
2020-08-04 09:36:06.930,3.349,2900
2020-08-04 09:36:06.930,3.349,5000
2020-08-04 09:36:06.930,3.349,1000
2020-08-04 09:36:06.930,3.349,500
2020-08-04 09:36:06.930,3.349,3000
2020-08-04 09:36:06.930,3.349,25800
2020-08-04 09:36:06.930,3.349,5000
2020-08-04 09:36:06.930,3.349,5000
2020-08-04 09:36:06.930,3.349,5000
2020-08-04 09:36:06.930,3.349,7700
2020-08-04 09:36:06.930,3.349,7300
2020-08-04 09:36:06.930,3.349,7800
2020-08-04 09:36:06.930,3.349,10000
2020-08-04 09:36:06.930,3.349,6000
2020-08-04 09:36:06.930,3.349,6200
2020-08-04 09:36:07.370,3.349,3800
2020-08-04 09:36:07.370,3.349,2400
2020-08-04 09:36:07.370,3.349,3000
2020-08-04 09:36:07.370,3.349,5000
2020-08-04 09:36:07.370,3.349,500
2020-08-04 09:36:07.370,3.349,1000
2020-08-04 09:36:07.370,3.349,2000
2020-08-04 09:36:07.370,3.349,200
2020-08-04 09:36:07.370,3.349,5000
2020-08-04 09:36:07.370,3.349,12500
2020-08-04 09:36:07.370,3.349,15000
2020-08-04 09:36:07.370,3.349,200
2020-08-04 09:36:07.370,3.349,9000
2020-08-04 09:36:07.370,3.349,200
2020-08-04 09:36:07.370,3.349,5000
2020-08-04 09:36:07.370,3.349,5000
2020-08-04 09:36:07.370,3.349,2000
2020-08-04 09:36:07.370,3.349,5000
2020-08-04 09:36:07.370,3.349,3000
2020-08-04 09:36:07.370,3.349,1000
2020-08-04 09:36:07.370,3.349,1000
2020-08-04 09:36:07.370,3.349,10000
2020-08-04 09:36:07.370,3.349,5000
2020-08-04 09:36:07.370,3.35,2000
2020-08-04 09:36:07.370,3.35,1000
2020-08-04 09:36:07.370,3.35,300
2020-08-04 09:36:07.370,3.35,1000
2020-08-04 09:36:07.370,3.35,13000
2020-08-04 09:36:07.370,3.35,12000
2020-08-04 09:36:07.370,3.35,10000
2020-08-04 09:36:07.370,3.35,100
2020-08-04 09:36:07.370,3.35,3000
2020-08-04 09:36:07.370,3.35,5000
2020-08-04 09:36:07.370,3.35,1000
2020-08-04 09:36:07.370,3.35,10000
2020-08-04 09:36:07.370,3.35,1000
2020-08-04 09:36:07.370,3.35,7700
2020-08-04 09:36:07.370,3.35,800
2020-08-04 09:36:07.370,3.35,47100
2020-08-04 09:36:07.370,3.35,2000
2020-08-04 09:36:07.370,3.35,6000
2020-08-04 09:36:07.370,3.35,2000
2020-08-04 09:36:07.370,3.35,200
2020-08-04 09:36:07.370,3.35,100
2020-08-04 09:36:07.370,3.35,4000
2020-08-04 09:36:07.370,3.35,2000
2020-08-04 09:36:07.370,3.35,1000
2020-08-04 09:36:07.370,3.35,5000
2020-08-04 09:36:07.370,3.35,100
2020-08-04 09:36:07.370,3.35,500
2020-08-04 09:36:07.370,3.35,1500
2020-08-04 09:36:07.370,3.35,10000
2020-08-04 09:36:07.370,3.35,5100
2020-08-04 09:36:07.370,3.35,10000
2020-08-04 09:36:07.370,3.35,5000
2020-08-04 09:36:07.370,3.35,1500
2020-08-04 09:36:07.370,3.35,1000
2020-08-04 09:36:07.370,3.35,200
2020-08-04 09:36:07.370,3.35,400
2020-08-04 09:36:07.370,3.35,1000
2020-08-04 09:36:07.370,3.35,1000
