Datetime,Price,Volume
2020-08-04 09:25:00.690,4.849,400
2020-08-04 09:25:00.690,4.849,100
2020-08-04 09:25:00.690,4.849,100
2020-08-04 09:25:00.690,4.849,3800
2020-08-04 09:25:00.690,4.849,13300
2020-08-04 09:25:00.690,4.849,72
2020-08-04 09:25:00.690,4.849,10000
2020-08-04 09:25:00.690,4.849,5000
2020-08-04 09:25:00.690,4.849,5800
2020-08-04 09:25:00.690,4.849,86000
2020-08-04 09:25:00.690,4.849,20000
2020-08-04 09:25:00.690,4.849,7228
2020-08-04 09:25:00.690,4.849,37772
2020-08-04 09:25:00.690,4.849,100
2020-08-04 09:25:00.690,4.849,1000
2020-08-04 09:25:00.690,4.849,15000
2020-08-04 09:25:00.690,4.849,22600
2020-08-04 09:25:00.690,4.849,52700
2020-08-04 09:25:00.690,4.849,100
2020-08-04 09:25:00.690,4.849,200
2020-08-04 09:25:00.690,4.849,7300
2020-08-04 09:25:00.690,4.849,15300
2020-08-04 09:25:00.690,4.849,4800
2020-08-04 09:25:00.690,4.849,200
2020-08-04 09:25:00.690,4.849,600
2020-08-04 09:25:00.690,4.849,8800
2020-08-04 09:25:00.690,4.849,3428
2020-08-04 09:25:00.690,4.849,131900
2020-08-04 09:25:00.690,4.849,8872
2020-08-04 09:25:00.690,4.849,3000
2020-08-04 09:25:00.690,4.849,10000
2020-08-04 09:25:00.690,4.849,178128
2020-08-04 09:25:00.690,4.849,20000
2020-08-04 09:25:00.690,4.849,1000
2020-08-04 09:25:00.690,4.849,900
2020-08-04 09:25:00.690,4.849,400
2020-08-04 09:25:00.690,4.849,5000
2020-08-04 09:25:00.690,4.849,2500
2020-08-04 09:25:00.690,4.849,20700
2020-08-04 09:25:00.690,4.849,6000
2020-08-04 09:25:00.690,4.849,100
2020-08-04 09:25:00.690,4.849,60000
2020-08-04 09:25:00.690,4.849,10000
2020-08-04 09:25:00.690,4.849,3000
2020-08-04 09:25:00.690,4.849,18000
2020-08-04 09:25:00.690,4.849,5000
2020-08-04 09:25:00.690,4.849,1900
2020-08-04 09:25:00.690,4.849,1500
2020-08-04 09:25:00.690,4.849,5872
2020-08-04 09:25:00.690,4.849,4000
2020-08-04 09:25:00.690,4.849,6400
2020-08-04 09:25:00.690,4.849,2100
2020-08-04 09:25:00.690,4.849,4000
2020-08-04 09:25:00.690,4.849,100
2020-08-04 09:25:00.690,4.849,10000
2020-08-04 09:25:00.690,4.849,5000
2020-08-04 09:25:00.690,4.849,2000
2020-08-04 09:25:00.690,4.849,528
2020-08-04 09:25:00.690,4.849,9472
2020-08-04 09:25:00.690,4.849,300
2020-08-04 09:25:00.690,4.849,128
2020-08-04 09:25:00.690,4.849,872
2020-08-04 09:25:00.690,4.849,1200
2020-08-04 09:25:00.690,4.849,428
2020-08-04 09:25:00.690,4.849,772
2020-08-04 09:25:00.690,4.849,1000
2020-08-04 09:25:00.690,4.849,10000
2020-08-04 09:25:00.690,4.849,5000
2020-08-04 09:25:00.690,4.849,600
2020-08-04 09:25:00.690,4.849,100
2020-08-04 09:25:00.690,4.849,3200
2020-08-04 09:25:00.690,4.849,628
2020-08-04 09:25:00.690,4.849,72
2020-08-04 09:25:00.690,4.849,13928
2020-08-04 09:25:00.690,4.849,36072
2020-08-04 09:25:00.690,4.849,1000
2020-08-04 09:25:00.690,4.849,200
2020-08-04 09:25:00.690,4.849,300
2020-08-04 09:25:00.690,4.849,5000
2020-08-04 09:25:00.690,4.849,100
2020-08-04 09:25:00.690,4.849,100
2020-08-04 09:25:00.690,4.849,100
2020-08-04 09:25:00.690,4.849,300
2020-08-04 09:25:00.690,4.849,1400
2020-08-04 09:25:00.690,4.849,1100
2020-08-04 09:25:00.690,4.849,100
2020-08-04 09:25:00.690,4.849,200
2020-08-04 09:25:00.690,4.849,200
2020-08-04 09:25:00.690,4.849,100
2020-08-04 09:25:00.690,4.849,100
2020-08-04 09:25:00.690,4.849,100
2020-08-04 09:25:00.690,4.849,400
2020-08-04 09:25:00.690,4.849,2000
2020-08-04 09:25:00.690,4.849,200
2020-08-04 09:25:00.690,4.849,300
2020-08-04 09:25:00.690,4.849,28
2020-08-04 09:25:00.690,4.849,4972
2020-08-04 09:25:00.690,4.849,1800
2020-08-04 09:25:00.690,4.849,1000
2020-08-04 09:25:00.690,4.849,5000
2020-08-04 09:25:00.690,4.849,200
2020-08-04 09:25:00.690,4.849,500
2020-08-04 09:25:00.690,4.849,4628
2020-08-04 09:25:00.690,4.849,5372
2020-08-04 09:25:00.690,4.849,1000
2020-08-04 09:25:00.690,4.849,500
2020-08-04 09:25:00.690,4.849,100
2020-08-04 09:25:00.690,4.849,200
2020-08-04 09:25:00.690,4.849,5000
2020-08-04 09:25:00.690,4.849,400
2020-08-04 09:25:00.690,4.849,1000
2020-08-04 09:25:00.690,4.849,100
2020-08-04 09:25:00.690,4.849,100
2020-08-04 09:25:00.690,4.849,46400
2020-08-04 09:25:00.690,4.849,2800
2020-08-04 09:25:00.690,4.849,100
2020-08-04 09:25:00.690,4.849,300
2020-08-04 09:25:00.690,4.849,8500
2020-08-04 09:25:00.690,4.849,2700
2020-08-04 09:25:00.690,4.849,1000
2020-08-04 09:25:00.690,4.849,400
2020-08-04 09:25:00.690,4.849,3000
2020-08-04 09:25:00.690,4.849,2000
2020-08-04 09:25:00.690,4.849,2000
2020-08-04 09:25:00.690,4.849,800
2020-08-04 09:25:00.690,4.849,100
2020-08-04 09:25:00.690,4.849,200
2020-08-04 09:25:00.690,4.849,1000
2020-08-04 09:25:00.690,4.849,500
2020-08-04 09:25:00.690,4.849,300
2020-08-04 09:25:00.690,4.849,5000
2020-08-04 09:25:00.690,4.849,1800
2020-08-04 09:25:00.690,4.849,100
2020-08-04 09:25:00.690,4.849,100
2020-08-04 09:25:00.690,4.849,100
2020-08-04 09:25:00.690,4.849,1800
2020-08-04 09:25:00.690,4.849,100
2020-08-04 09:25:00.690,4.849,200
2020-08-04 09:25:00.690,4.849,200
2020-08-04 09:25:00.690,4.849,25000
2020-08-04 09:25:00.690,4.849,200
2020-08-04 09:25:00.690,4.849,500
2020-08-04 09:25:00.690,4.849,2800
2020-08-04 09:25:00.690,4.849,100
2020-08-04 09:25:00.690,4.849,1600
2020-08-04 09:25:00.690,4.849,900
2020-08-04 09:25:00.690,4.849,700
2020-08-04 09:25:00.690,4.849,300
2020-08-04 09:25:00.690,4.849,6000
2020-08-04 09:25:00.690,4.849,5500
2020-08-04 09:25:00.690,4.849,100
2020-08-04 09:25:00.690,4.849,4500
2020-08-04 09:25:00.690,4.849,100
2020-08-04 09:25:00.690,4.849,3000
2020-08-04 09:25:00.690,4.849,500
2020-08-04 09:25:00.690,4.849,1000
2020-08-04 09:25:00.690,4.849,2500
2020-08-04 09:25:00.690,4.849,3300
2020-08-04 09:25:00.690,4.849,11000
2020-08-04 09:25:00.690,4.849,200
2020-08-04 09:25:00.690,4.849,100
2020-08-04 09:25:00.690,4.849,100
2020-08-04 09:25:00.690,4.849,400
2020-08-04 09:25:00.690,4.849,1000
2020-08-04 09:25:00.690,4.849,6100
2020-08-04 09:25:00.690,4.849,400
2020-08-04 09:25:00.690,4.849,200
2020-08-04 09:25:00.690,4.849,300
2020-08-04 09:25:00.690,4.849,200
2020-08-04 09:25:00.690,4.849,200
2020-08-04 09:25:00.690,4.849,4000
2020-08-04 09:25:00.690,4.849,600
2020-08-04 09:25:00.690,4.849,200
2020-08-04 09:25:00.690,4.849,300
2020-08-04 09:25:00.690,4.849,1700
2020-08-04 09:25:00.690,4.849,20000
2020-08-04 09:25:00.690,4.849,100
2020-08-04 09:25:00.690,4.849,5000
2020-08-04 09:25:00.690,4.849,5600
2020-08-04 09:25:00.690,4.849,1000
2020-08-04 09:25:00.690,4.849,2500
2020-08-04 09:25:00.690,4.849,2500
2020-08-04 09:25:00.690,4.849,2500
2020-08-04 09:25:00.690,4.849,100
2020-08-04 09:25:00.690,4.849,1000
2020-08-04 09:25:00.690,4.849,3000
2020-08-04 09:25:00.690,4.849,500
2020-08-04 09:25:00.690,4.849,1000
2020-08-04 09:25:00.690,4.849,600
2020-08-04 09:25:00.690,4.849,200
2020-08-04 09:25:00.690,4.849,1000
2020-08-04 09:25:00.690,4.849,10000
2020-08-04 09:25:00.690,4.849,2000
2020-08-04 09:25:00.690,4.849,200
2020-08-04 09:25:00.690,4.849,4000
2020-08-04 09:25:00.690,4.849,2000
2020-08-04 09:25:00.690,4.849,8300
2020-08-04 09:25:00.690,4.849,200
2020-08-04 09:25:00.690,4.849,300
2020-08-04 09:25:00.690,4.849,10000
2020-08-04 09:25:00.690,4.849,4000
2020-08-04 09:25:00.690,4.849,1200
2020-08-04 09:25:00.690,4.849,100
2020-08-04 09:25:00.690,4.849,100
2020-08-04 09:25:00.690,4.849,20000
2020-08-04 09:25:00.690,4.849,300
2020-08-04 09:25:00.690,4.849,5000
2020-08-04 09:25:00.690,4.849,500
2020-08-04 09:25:00.690,4.849,4328
2020-08-04 09:25:00.690,4.849,5672
2020-08-04 09:25:00.690,4.849,5000
2020-08-04 09:25:00.690,4.849,200
2020-08-04 09:25:00.690,4.849,5000
2020-08-04 09:25:00.690,4.849,3000
2020-08-04 09:25:00.690,4.849,1000
2020-08-04 09:25:00.690,4.849,300
2020-08-04 09:25:00.690,4.849,10000
2020-08-04 09:25:00.690,4.849,10000
2020-08-04 09:25:00.690,4.849,1000
2020-08-04 09:25:00.690,4.849,19900
2020-08-04 09:25:00.690,4.849,5000
2020-08-04 09:25:00.690,4.849,1400
2020-08-04 09:25:00.690,4.849,1000
2020-08-04 09:25:00.690,4.849,100
2020-08-04 09:25:00.690,4.849,5600
2020-08-04 09:25:00.690,4.849,6000
2020-08-04 09:25:00.690,4.849,100
2020-08-04 09:25:00.690,4.849,1000
2020-08-04 09:25:00.690,4.849,500
2020-08-04 09:25:00.690,4.849,34600
2020-08-04 09:25:00.690,4.849,4500
2020-08-04 09:25:00.690,4.849,30000
2020-08-04 09:25:00.690,4.849,500
2020-08-04 09:25:00.690,4.849,40000
2020-08-04 09:25:00.690,4.849,40000
2020-08-04 09:25:00.690,4.849,10000
2020-08-04 09:25:00.690,4.849,5500
2020-08-04 09:25:00.690,4.849,100
2020-08-04 09:25:00.690,4.849,11000
2020-08-04 09:25:00.690,4.849,1000
2020-08-04 09:25:00.690,4.849,1000
2020-08-04 09:25:00.690,4.849,4000
2020-08-04 09:25:00.690,4.849,10000
2020-08-04 09:25:00.690,4.849,4100
2020-08-04 09:25:00.690,4.849,500
2020-08-04 09:25:00.690,4.849,400
2020-08-04 09:25:00.690,4.849,200
2020-08-04 09:25:00.690,4.849,5000
2020-08-04 09:25:00.690,4.849,500
2020-08-04 09:25:00.690,4.849,7000
2020-08-04 09:25:00.690,4.849,100
2020-08-04 09:25:00.690,4.849,1000
2020-08-04 09:25:00.690,4.849,7228
2020-08-04 09:25:00.690,4.849,26100
2020-08-04 09:25:00.690,4.849,5000
2020-08-04 09:25:00.690,4.849,2000
2020-08-04 09:25:00.690,4.849,7972
2020-08-04 09:25:00.690,4.849,1200
2020-08-04 09:25:00.690,4.849,600
2020-08-04 09:25:00.690,4.849,200
2020-08-04 09:25:00.690,4.849,200
2020-08-04 09:25:00.690,4.849,19328
2020-08-04 09:25:00.690,4.849,200
2020-08-04 09:25:00.690,4.849,472
2020-08-04 09:25:00.690,4.849,10000
2020-08-04 09:25:00.690,4.849,2300
2020-08-04 09:25:00.690,4.849,2000
2020-08-04 09:25:00.690,4.849,2000
2020-08-04 09:25:00.690,4.849,4200
2020-08-04 09:25:00.690,4.849,1000
2020-08-04 09:25:00.690,4.849,7000
2020-08-04 09:25:00.690,4.849,3000
2020-08-04 09:25:00.690,4.849,2000
2020-08-04 09:25:00.690,4.849,2000
2020-08-04 09:25:00.690,4.849,4500
2020-08-04 09:25:00.690,4.849,528
2020-08-04 09:25:00.690,4.849,272
2020-08-04 09:25:00.690,4.849,2000
2020-08-04 09:25:00.690,4.849,600
2020-08-04 09:25:00.690,4.849,3128
2020-08-04 09:25:00.690,4.849,2872
2020-08-04 09:25:00.690,4.849,20300
2020-08-04 09:25:00.690,4.849,1000
2020-08-04 09:25:00.690,4.849,1000
2020-08-04 09:25:00.690,4.849,4828
2020-08-04 09:25:00.690,4.849,6500
2020-08-04 09:25:00.690,4.849,3272
2020-08-04 09:25:00.690,4.849,300
2020-08-04 09:25:00.690,4.849,41900
2020-08-04 09:25:00.690,4.849,9400
2020-08-04 09:25:00.690,4.849,5128
2020-08-04 09:25:00.690,4.849,4872
2020-08-04 09:25:00.690,4.849,128
2020-08-04 09:25:00.690,4.849,1872
2020-08-04 09:25:00.690,4.849,1500
2020-08-04 09:25:00.690,4.849,400
2020-08-04 09:25:00.690,4.849,500
2020-08-04 09:25:00.690,4.849,6400
2020-08-04 09:25:00.690,4.849,1000
2020-08-04 09:25:00.690,4.849,5000
2020-08-04 09:25:00.690,4.849,600
2020-08-04 09:25:00.690,4.849,100
2020-08-04 09:25:00.690,4.849,400
2020-08-04 09:25:00.690,4.849,10000
2020-08-04 09:25:00.690,4.849,10000
2020-08-04 09:25:00.690,4.849,4500
2020-08-04 09:25:00.690,4.849,3000
2020-08-04 09:25:00.690,4.849,100
2020-08-04 09:25:00.690,4.849,300
2020-08-04 09:25:00.690,4.849,10000
2020-08-04 09:25:00.690,4.849,200
2020-08-04 09:25:00.690,4.849,10000
2020-08-04 09:25:00.690,4.849,2000
2020-08-04 09:25:00.690,4.849,2500
2020-08-04 09:25:00.690,4.849,1000
2020-08-04 09:25:00.690,4.849,5600
2020-08-04 09:25:00.690,4.849,7000
2020-08-04 09:25:00.690,4.849,6200
2020-08-04 09:25:00.690,4.849,9828
2020-08-04 09:25:00.690,4.849,72
2020-08-04 09:25:00.690,4.849,2500
2020-08-04 09:25:00.690,4.849,100
2020-08-04 09:25:00.690,4.849,2500
2020-08-04 09:25:00.690,4.849,100
2020-08-04 09:25:00.690,4.849,300
2020-08-04 09:25:00.690,4.849,400
2020-08-04 09:25:00.690,4.849,5000
2020-08-04 09:25:00.690,4.849,2300
2020-08-04 09:25:00.690,4.849,1100
2020-08-04 09:25:00.690,4.849,200
2020-08-04 09:25:00.690,4.849,1000
2020-08-04 09:25:00.690,4.849,500
2020-08-04 09:25:00.690,4.849,25000
2020-08-04 09:25:00.690,4.849,10000
2020-08-04 09:25:00.690,4.849,7000
2020-08-04 09:25:00.690,4.849,500
2020-08-04 09:25:00.690,4.849,200
2020-08-04 09:25:00.690,4.849,2100
2020-08-04 09:25:00.690,4.849,2900
2020-08-04 09:25:00.690,4.849,2000
2020-08-04 09:25:00.690,4.849,5000
2020-08-04 09:25:00.690,4.849,4800
2020-08-04 09:25:00.690,4.849,600
2020-08-04 09:25:00.690,4.849,1000
2020-08-04 09:25:00.690,4.849,2800
2020-08-04 09:25:00.690,4.849,100
2020-08-04 09:25:00.690,4.849,300
2020-08-04 09:25:00.690,4.849,4000
2020-08-04 09:25:00.690,4.849,1000
2020-08-04 09:25:00.690,4.849,300
2020-08-04 09:25:00.690,4.849,3000
2020-08-04 09:25:00.690,4.849,5000
2020-08-04 09:25:00.690,4.849,4000
2020-08-04 09:25:00.690,4.849,500
2020-08-04 09:25:00.690,4.849,1600
2020-08-04 09:25:00.690,4.849,228
2020-08-04 09:25:00.690,4.849,1672
2020-08-04 09:25:00.690,4.849,1000
2020-08-04 09:25:00.690,4.849,7328
2020-08-04 09:25:00.690,4.849,18872
2020-08-04 09:25:00.690,4.849,2000
2020-08-04 09:25:00.690,4.849,17200
2020-08-04 09:25:00.690,4.849,2200
2020-08-04 09:25:00.690,4.849,1000
2020-08-04 09:25:00.690,4.849,4000
2020-08-04 09:25:00.690,4.849,500
2020-08-04 09:25:00.690,4.849,3000
2020-08-04 09:25:00.690,4.849,96700
2020-08-04 09:25:00.690,4.849,4528
2020-08-04 09:25:00.690,4.849,95472
2020-08-04 09:30:00.070,4.849,26228
2020-08-04 09:30:00.070,4.849,100
2020-08-04 09:30:00.070,4.849,500
2020-08-04 09:30:00.070,4.849,2772
2020-08-04 09:30:00.070,4.849,10000
2020-08-04 09:30:00.100,4.849,37228
2020-08-04 09:30:00.100,4.847,5000
2020-08-04 09:30:00.100,4.847,20000
2020-08-04 09:30:00.240,4.848,10000
2020-08-04 09:30:00.290,4.847,40000
2020-08-04 09:30:00.290,4.848,37800
2020-08-04 09:30:00.290,4.849,62200
2020-08-04 09:30:00.290,4.848,1500
2020-08-04 09:30:00.290,4.849,572
2020-08-04 09:30:00.290,4.849,54128
2020-08-04 09:30:00.360,4.849,10000
2020-08-04 09:30:00.360,4.849,200
2020-08-04 09:30:00.360,4.848,10000
2020-08-04 09:30:00.360,4.849,10000
2020-08-04 09:30:00.470,4.849,10000
2020-08-04 09:30:00.470,4.849,10000
2020-08-04 09:30:00.470,4.849,10000
2020-08-04 09:30:00.470,4.848,8800
2020-08-04 09:30:00.470,4.848,2000
2020-08-04 09:30:00.580,4.848,4500
2020-08-04 09:30:00.580,4.847,17600
2020-08-04 09:30:00.580,4.847,1400
2020-08-04 09:30:00.580,4.847,200
2020-08-04 09:30:00.710,4.847,22000
2020-08-04 09:30:00.710,4.847,1000
2020-08-04 09:30:00.830,4.847,2000
2020-08-04 09:30:00.830,4.847,5000
2020-08-04 09:30:00.940,4.848,50000
2020-08-04 09:30:00.940,4.848,5000
2020-08-04 09:30:01.190,4.847,18400
2020-08-04 09:30:01.190,4.847,5000
2020-08-04 09:30:01.190,4.847,200
2020-08-04 09:30:01.190,4.846,1000
2020-08-04 09:30:01.190,4.845,30200
2020-08-04 09:30:01.190,4.845,1000
2020-08-04 09:30:01.190,4.845,2000
2020-08-04 09:30:01.190,4.845,30000
2020-08-04 09:30:01.190,4.845,600
2020-08-04 09:30:01.190,4.845,16200
2020-08-04 09:30:01.190,4.845,600
2020-08-04 09:30:01.190,4.845,100
2020-08-04 09:30:01.190,4.845,1000
2020-08-04 09:30:01.190,4.845,100
2020-08-04 09:30:01.190,4.845,63600
2020-08-04 09:30:01.550,4.847,3100
2020-08-04 09:30:01.550,4.848,7700
2020-08-04 09:30:01.550,4.848,3400
2020-08-04 09:30:01.660,4.845,400
2020-08-04 09:30:01.660,4.845,8700
2020-08-04 09:30:01.880,4.848,80000
2020-08-04 09:30:02.010,4.846,1000
2020-08-04 09:30:02.120,4.846,14000
2020-08-04 09:30:02.120,4.845,225000
2020-08-04 09:30:02.120,4.845,61000
2020-08-04 09:30:02.460,4.847,2000
2020-08-04 09:30:02.460,4.847,19900
2020-08-04 09:30:02.690,4.847,2200
2020-08-04 09:30:03.020,4.847,200
2020-08-04 09:30:03.100,4.846,1400
2020-08-04 09:30:03.100,4.845,3600
2020-08-04 09:30:03.100,4.847,2000
2020-08-04 09:30:03.230,4.847,43700
2020-08-04 09:30:03.230,4.847,2000
2020-08-04 09:30:03.230,4.848,4300
2020-08-04 09:30:03.340,4.848,1000
2020-08-04 09:30:03.340,4.848,100
2020-08-04 09:30:03.460,4.847,400
2020-08-04 09:30:03.460,4.847,5000
2020-08-04 09:30:03.460,4.848,5800
2020-08-04 09:30:03.460,4.848,9700
2020-08-04 09:30:03.460,4.848,10300
2020-08-04 09:30:03.460,4.848,10000
2020-08-04 09:30:03.460,4.848,5000
2020-08-04 09:30:03.460,4.849,24700
2020-08-04 09:30:03.590,4.846,1700
2020-08-04 09:30:03.590,4.849,100
2020-08-04 09:30:03.700,4.849,10000
2020-08-04 09:30:03.700,4.849,600
2020-08-04 09:30:03.700,4.849,2000
2020-08-04 09:30:03.700,4.846,100
2020-08-04 09:30:03.820,4.846,1200
2020-08-04 09:30:03.820,4.845,35400
2020-08-04 09:30:03.820,4.845,100
2020-08-04 09:30:03.820,4.845,300
2020-08-04 09:30:03.930,4.845,500
2020-08-04 09:30:03.930,4.845,1200
2020-08-04 09:30:03.930,4.844,200
2020-08-04 09:30:03.930,4.844,800
2020-08-04 09:30:04.050,4.849,500
2020-08-04 09:30:04.190,4.844,5300
2020-08-04 09:30:04.190,4.844,13900
2020-08-04 09:30:04.190,4.844,1000
2020-08-04 09:30:04.190,4.844,100
2020-08-04 09:30:04.190,4.844,1000
2020-08-04 09:30:04.190,4.844,100
2020-08-04 09:30:04.190,4.844,100
2020-08-04 09:30:04.190,4.844,2000
2020-08-04 09:30:04.190,4.843,1800
2020-08-04 09:30:04.310,4.843,98200
2020-08-04 09:30:04.310,4.842,1600
2020-08-04 09:30:04.310,4.842,1500
2020-08-04 09:30:04.310,4.842,20000
2020-08-04 09:30:04.310,4.842,10000
2020-08-04 09:30:04.310,4.842,10000
2020-08-04 09:30:04.590,4.841,60000
2020-08-04 09:30:04.590,4.84,5000
2020-08-04 09:30:04.590,4.84,2300
2020-08-04 09:30:04.700,4.842,500
2020-08-04 09:30:04.770,4.842,300
2020-08-04 09:30:04.770,4.842,5300
2020-08-04 09:30:04.890,4.842,2100
2020-08-04 09:30:04.890,4.842,100
2020-08-04 09:30:05.000,4.842,400
2020-08-04 09:30:05.000,4.844,4000
2020-08-04 09:30:05.000,4.845,10000
2020-08-04 09:30:05.000,4.846,5000
2020-08-04 09:30:05.000,4.846,1200
2020-08-04 09:30:05.120,4.846,1300
2020-08-04 09:30:05.240,4.846,1300
2020-08-04 09:30:05.240,4.84,14100
2020-08-04 09:30:05.400,4.846,200
2020-08-04 09:30:05.400,4.846,900
2020-08-04 09:30:05.400,4.846,3000
2020-08-04 09:30:05.590,4.84,37000
2020-08-04 09:30:05.590,4.84,1000
2020-08-04 09:30:05.590,4.84,1400
2020-08-04 09:30:05.590,4.84,200
2020-08-04 09:30:05.590,4.84,100
2020-08-04 09:30:05.590,4.84,400
2020-08-04 09:30:05.590,4.84,2000
2020-08-04 09:30:05.590,4.84,2500
2020-08-04 09:30:05.590,4.84,200
2020-08-04 09:30:05.590,4.84,200
2020-08-04 09:30:05.590,4.84,100
2020-08-04 09:30:05.590,4.84,100
2020-08-04 09:30:05.590,4.84,14800
2020-08-04 09:30:05.830,4.846,155900
2020-08-04 09:30:05.830,4.847,30000
2020-08-04 09:30:05.830,4.847,10000
2020-08-04 09:30:05.830,4.847,1200
2020-08-04 09:30:05.830,4.847,30000
2020-08-04 09:30:05.830,4.847,12000
2020-08-04 09:30:05.830,4.847,10000
2020-08-04 09:30:05.830,4.847,900
2020-08-04 09:30:06.000,4.845,1000
2020-08-04 09:30:06.000,4.847,500
2020-08-04 09:30:06.060,4.84,9600
2020-08-04 09:30:06.180,4.841,100
2020-08-04 09:30:06.180,4.841,100
2020-08-04 09:30:06.300,4.841,19100
2020-08-04 09:30:06.550,4.845,200
2020-08-04 09:30:06.650,4.845,1000
2020-08-04 09:30:06.650,4.845,500
2020-08-04 09:30:06.760,4.845,9000
2020-08-04 09:30:07.230,4.84,3000
2020-08-04 09:30:07.350,4.845,500
2020-08-04 09:30:07.350,4.845,600
2020-08-04 09:30:07.350,4.845,100
2020-08-04 09:30:07.350,4.845,300
2020-08-04 09:30:07.350,4.845,1700
2020-08-04 09:30:07.460,4.841,300
2020-08-04 09:30:07.460,4.84,1000
2020-08-04 09:30:07.460,4.84,3500
2020-08-04 09:30:07.700,4.841,3500
2020-08-04 09:30:07.700,4.841,300
2020-08-04 09:30:07.820,4.841,60000
2020-08-04 09:30:07.940,4.841,3600
2020-08-04 09:30:07.940,4.841,500
2020-08-04 09:30:07.940,4.841,10000
2020-08-04 09:30:08.050,4.84,900
2020-08-04 09:30:08.050,4.841,10000
2020-08-04 09:30:08.170,4.841,9100
2020-08-04 09:30:08.290,4.841,1600
2020-08-04 09:30:08.290,4.841,100
2020-08-04 09:30:08.400,4.841,500
2020-08-04 09:30:08.580,4.841,300
2020-08-04 09:30:08.580,4.841,10000
2020-08-04 09:30:08.580,4.841,200
2020-08-04 09:30:08.580,4.841,400
2020-08-04 09:30:08.580,4.841,1300
2020-08-04 09:30:08.580,4.841,2000
2020-08-04 09:30:08.890,4.841,100
2020-08-04 09:30:08.930,4.841,500
2020-08-04 09:30:08.970,4.84,2000
2020-08-04 09:30:09.430,4.841,600
2020-08-04 09:30:09.590,4.84,1500
2020-08-04 09:30:09.690,4.841,100
2020-08-04 09:30:09.860,4.841,9200
2020-08-04 09:30:09.860,4.841,300
2020-08-04 09:30:09.860,4.841,5100
2020-08-04 09:30:09.860,4.841,1000
2020-08-04 09:30:09.860,4.841,3000
2020-08-04 09:30:09.950,4.84,300
2020-08-04 09:30:09.950,4.84,13800
2020-08-04 09:30:09.950,4.84,1000
2020-08-04 09:30:10.070,4.84,5200
2020-08-04 09:30:10.150,4.84,4000
2020-08-04 09:30:10.180,4.84,1000
2020-08-04 09:30:10.380,4.84,1000
2020-08-04 09:30:10.380,4.841,600
2020-08-04 09:30:10.380,4.842,1400
2020-08-04 09:30:10.380,4.842,100
2020-08-04 09:30:10.380,4.842,100
2020-08-04 09:30:10.420,4.842,400
2020-08-04 09:30:10.420,4.845,800
2020-08-04 09:30:10.580,4.84,400
2020-08-04 09:30:11.010,4.84,800
2020-08-04 09:30:11.120,4.84,200
2020-08-04 09:30:11.270,4.839,1600
2020-08-04 09:30:11.270,4.839,1500
2020-08-04 09:30:11.270,4.839,1200
2020-08-04 09:30:11.270,4.839,600
2020-08-04 09:30:11.370,4.84,5600
2020-08-04 09:30:11.450,4.845,100
2020-08-04 09:30:11.450,4.845,10900
2020-08-04 09:30:11.450,4.845,130000
2020-08-04 09:30:11.480,4.845,2000
2020-08-04 09:30:11.850,4.84,30000
2020-08-04 09:30:11.880,4.842,100
2020-08-04 09:30:12.180,4.842,1000
2020-08-04 09:30:12.790,4.844,200
2020-08-04 09:30:12.940,4.84,7700
2020-08-04 09:30:13.220,4.84,7000
2020-08-04 09:30:13.420,4.844,9800
2020-08-04 09:30:13.420,4.844,19200
2020-08-04 09:30:13.420,4.84,9700
2020-08-04 09:30:13.420,4.839,8200
2020-08-04 09:30:13.420,4.839,200
2020-08-04 09:30:13.680,4.839,100
2020-08-04 09:30:13.860,4.839,100
2020-08-04 09:30:13.860,4.837,2300
2020-08-04 09:30:13.940,4.839,1700
2020-08-04 09:30:13.940,4.84,6500
2020-08-04 09:30:14.010,4.84,5000
2020-08-04 09:30:14.110,4.84,100
2020-08-04 09:30:14.110,4.84,100
2020-08-04 09:30:14.150,4.84,100
2020-08-04 09:30:14.290,4.84,10400
2020-08-04 09:30:14.430,4.84,60000
2020-08-04 09:30:14.500,4.837,2100
2020-08-04 09:30:14.580,4.837,100
2020-08-04 09:30:14.610,4.84,200
2020-08-04 09:30:14.680,4.84,100
2020-08-04 09:30:14.720,4.84,7500
2020-08-04 09:30:14.720,4.84,5000
2020-08-04 09:30:14.720,4.84,1600
2020-08-04 09:30:14.720,4.84,1000
2020-08-04 09:30:14.720,4.84,100
2020-08-04 09:30:14.720,4.842,900
2020-08-04 09:30:14.720,4.84,1700
2020-08-04 09:30:14.800,4.84,600
2020-08-04 09:30:14.800,4.84,2000
2020-08-04 09:30:14.840,4.843,1000
2020-08-04 09:30:14.840,4.843,100
2020-08-04 09:30:14.840,4.843,100
2020-08-04 09:30:14.840,4.844,10800
2020-08-04 09:30:14.840,4.844,8000
2020-08-04 09:30:14.910,4.84,100
2020-08-04 09:30:15.080,4.843,100
2020-08-04 09:30:15.080,4.844,900
2020-08-04 09:30:15.320,4.84,5000
2020-08-04 09:30:15.320,4.84,200
2020-08-04 09:30:15.530,4.841,700
2020-08-04 09:30:15.530,4.844,4900
2020-08-04 09:30:15.730,4.844,10000
2020-08-04 09:30:15.770,4.84,600
2020-08-04 09:30:15.880,4.84,700
2020-08-04 09:30:15.880,4.84,100
2020-08-04 09:30:15.920,4.84,3000
2020-08-04 09:30:16.170,4.841,100
2020-08-04 09:30:16.280,4.843,100
2020-08-04 09:30:16.280,4.84,200
2020-08-04 09:30:16.310,4.84,18500
2020-08-04 09:30:16.310,4.837,1500
2020-08-04 09:30:16.350,4.841,400
2020-08-04 09:30:16.610,4.838,200
2020-08-04 09:30:16.610,4.838,2200
2020-08-04 09:30:16.610,4.838,1000
2020-08-04 09:30:16.770,4.84,1100
2020-08-04 09:30:16.770,4.84,1800
2020-08-04 09:30:16.770,4.838,31200
2020-08-04 09:30:16.980,4.838,25400
2020-08-04 09:30:16.980,4.838,500
2020-08-04 09:30:17.160,4.837,4000
2020-08-04 09:30:17.160,4.837,1000
2020-08-04 09:30:17.160,4.837,200
2020-08-04 09:30:17.160,4.836,3200
2020-08-04 09:30:17.160,4.836,1500
2020-08-04 09:30:17.160,4.836,20000
2020-08-04 09:30:17.160,4.836,1100
2020-08-04 09:30:17.160,4.836,4000
2020-08-04 09:30:17.160,4.835,500
2020-08-04 09:30:17.160,4.835,100
2020-08-04 09:30:17.160,4.835,2000
2020-08-04 09:30:17.160,4.835,100
2020-08-04 09:30:17.160,4.835,5000
2020-08-04 09:30:17.160,4.835,7300
2020-08-04 09:30:18.280,4.837,100
2020-08-04 09:30:18.280,4.837,100
2020-08-04 09:30:18.280,4.837,100
2020-08-04 09:30:18.280,4.837,100
2020-08-04 09:30:18.280,4.837,100
2020-08-04 09:30:18.280,4.837,100
2020-08-04 09:30:18.280,4.837,48900
2020-08-04 09:30:18.690,4.836,1300
2020-08-04 09:30:19.450,4.836,700
2020-08-04 09:30:22.730,4.836,59300
2020-08-04 09:30:22.730,4.835,90700
2020-08-04 09:30:23.080,4.837,2500
2020-08-04 09:30:23.080,4.837,1100
2020-08-04 09:30:24.200,4.835,600
2020-08-04 09:30:24.430,4.836,4700
2020-08-04 09:30:24.430,4.836,5000
2020-08-04 09:30:24.500,4.837,8900
2020-08-04 09:30:24.500,4.838,300
2020-08-04 09:30:24.500,4.838,100
2020-08-04 09:30:24.500,4.839,1500
2020-08-04 09:30:24.500,4.839,500
2020-08-04 09:30:24.500,4.839,2000
2020-08-04 09:30:24.500,4.84,2100
2020-08-04 09:30:24.570,4.836,50300
2020-08-04 09:30:24.570,4.835,1400
2020-08-04 09:30:24.570,4.835,200
2020-08-04 09:30:24.570,4.835,2000
2020-08-04 09:30:24.570,4.835,500
2020-08-04 09:30:24.570,4.833,1500
2020-08-04 09:30:25.110,4.833,20000
2020-08-04 09:30:25.770,4.83,200
2020-08-04 09:30:26.420,4.833,60000
2020-08-04 09:30:28.370,4.833,300
2020-08-04 09:30:28.920,4.833,1200
2020-08-04 09:30:30.120,4.833,47500
2020-08-04 09:30:30.310,4.833,2200
2020-08-04 09:30:31.290,4.833,300
2020-08-04 09:30:31.290,4.832,3600
2020-08-04 09:30:31.360,4.835,200
2020-08-04 09:30:31.800,4.835,30000
2020-08-04 09:30:31.840,4.835,2000
2020-08-04 09:30:31.960,4.835,2000
2020-08-04 09:30:33.240,4.835,300
2020-08-04 09:30:33.340,4.835,16000
2020-08-04 09:30:33.380,4.835,6000
2020-08-04 09:30:33.380,4.835,1800
2020-08-04 09:30:33.960,4.835,2500
2020-08-04 09:30:34.320,4.835,2000
2020-08-04 09:30:34.470,4.835,2000
2020-08-04 09:30:34.710,4.835,500
2020-08-04 09:30:34.900,4.835,3000
2020-08-04 09:30:35.040,4.835,7800
2020-08-04 09:30:35.070,4.836,16700
2020-08-04 09:30:35.070,4.836,2000
2020-08-04 09:30:35.070,4.836,8400
2020-08-04 09:30:35.070,4.836,3300
2020-08-04 09:30:35.100,4.836,24900
2020-08-04 09:30:36.000,4.837,3000
2020-08-04 09:30:36.000,4.837,1000
2020-08-04 09:30:36.000,4.837,2000
2020-08-04 09:30:36.090,4.837,4300
2020-08-04 09:30:36.090,4.836,7400
2020-08-04 09:30:36.390,4.837,300000
2020-08-04 09:30:36.890,4.837,2000
2020-08-04 09:30:37.180,4.837,4500
2020-08-04 09:30:37.260,4.837,4000
2020-08-04 09:30:37.640,4.837,1100
2020-08-04 09:30:38.330,4.837,200
2020-08-04 09:30:38.330,4.839,4200
2020-08-04 09:30:38.360,4.837,2000
2020-08-04 09:30:38.520,4.839,200
2020-08-04 09:30:39.990,4.839,110700
2020-08-04 09:30:40.500,4.839,33600
2020-08-04 09:30:40.970,4.838,800
2020-08-04 09:30:41.240,4.838,100
2020-08-04 09:30:41.350,4.839,50000
2020-08-04 09:30:41.440,4.838,19100
2020-08-04 09:30:41.440,4.838,7100
2020-08-04 09:30:41.540,4.838,52900
2020-08-04 09:30:41.540,4.837,21900
2020-08-04 09:30:41.670,4.836,100
2020-08-04 09:30:41.670,4.836,17400
2020-08-04 09:30:41.840,4.836,10700
2020-08-04 09:30:41.910,4.837,161500
2020-08-04 09:30:43.030,4.837,3500
2020-08-04 09:30:44.720,4.836,15000
2020-08-04 09:30:45.040,4.836,3100
2020-08-04 09:30:45.040,4.836,400
2020-08-04 09:30:45.040,4.836,200
2020-08-04 09:30:45.040,4.836,60000
2020-08-04 09:30:45.040,4.836,1500
2020-08-04 09:30:45.040,4.835,1300
2020-08-04 09:30:45.420,4.835,1000
2020-08-04 09:30:46.010,4.835,111500
2020-08-04 09:30:46.470,4.835,60000
2020-08-04 09:30:46.970,4.835,12000
2020-08-04 09:30:47.390,4.835,60000
2020-08-04 09:30:47.710,4.835,1000
2020-08-04 09:30:47.790,4.835,100
2020-08-04 09:30:47.950,4.835,100
2020-08-04 09:30:48.880,4.835,49900
2020-08-04 09:30:49.130,4.835,800
2020-08-04 09:30:49.570,4.834,6200
2020-08-04 09:30:49.760,4.834,800
2020-08-04 09:30:49.760,4.835,100
2020-08-04 09:30:50.480,4.834,26000
2020-08-04 09:30:50.480,4.834,200
2020-08-04 09:30:50.540,4.834,59800
2020-08-04 09:30:50.630,4.834,2000
2020-08-04 09:30:50.990,4.834,300
2020-08-04 09:30:51.090,4.834,500
2020-08-04 09:30:51.350,4.833,600
2020-08-04 09:30:51.350,4.833,23800
2020-08-04 09:30:51.350,4.833,2000
2020-08-04 09:30:51.350,4.833,273600
2020-08-04 09:30:51.830,4.834,1000
2020-08-04 09:30:51.900,4.833,3400
2020-08-04 09:30:52.840,4.834,1300
2020-08-04 09:30:52.840,4.834,500
2020-08-04 09:30:52.840,4.833,56600
2020-08-04 09:30:53.590,4.833,209000
2020-08-04 09:30:54.010,4.831,100000
2020-08-04 09:30:54.100,4.833,1500
2020-08-04 09:30:54.130,4.833,5000
2020-08-04 09:30:54.610,4.833,10000
2020-08-04 09:30:55.620,4.833,200
2020-08-04 09:30:55.620,4.833,7000
2020-08-04 09:30:55.710,4.832,60000
2020-08-04 09:30:55.710,4.83,8300
2020-08-04 09:30:55.710,4.83,1600
2020-08-04 09:30:55.710,4.83,1500
2020-08-04 09:30:55.710,4.83,500
2020-08-04 09:30:55.710,4.83,8000
2020-08-04 09:30:55.710,4.83,200
2020-08-04 09:30:55.710,4.83,1000
2020-08-04 09:30:55.710,4.83,8900
2020-08-04 09:30:56.180,4.832,3100
2020-08-04 09:30:56.180,4.832,3100
2020-08-04 09:30:56.180,4.833,200
2020-08-04 09:30:56.290,4.833,3000
2020-08-04 09:30:56.830,4.833,6300
2020-08-04 09:30:56.930,4.833,29500
2020-08-04 09:30:57.440,4.833,6300
2020-08-04 09:30:57.810,4.833,8000
2020-08-04 09:30:57.880,4.832,60000
2020-08-04 09:30:57.880,4.83,2100
2020-08-04 09:30:57.880,4.83,3000
2020-08-04 09:30:57.880,4.83,200
2020-08-04 09:30:57.880,4.83,5000
2020-08-04 09:30:57.880,4.83,2000
2020-08-04 09:30:57.880,4.83,100
2020-08-04 09:30:57.880,4.83,6800
2020-08-04 09:30:57.880,4.83,33900
2020-08-04 09:30:58.140,4.833,6300
2020-08-04 09:30:58.440,4.833,1000
2020-08-04 09:30:58.700,4.833,6300
2020-08-04 09:30:58.960,4.833,8000
2020-08-04 09:30:59.200,4.833,3300
2020-08-04 09:30:59.290,4.833,2700
2020-08-04 09:30:59.490,4.832,9000
2020-08-04 09:30:59.540,4.833,30000
2020-08-04 09:30:59.770,4.832,51000
2020-08-04 09:31:00.790,4.832,4000
2020-08-04 09:31:00.820,4.832,2800
2020-08-04 09:31:01.120,4.83,2000
2020-08-04 09:31:01.510,4.83,5800
2020-08-04 09:31:01.510,4.83,2000
2020-08-04 09:31:01.510,4.83,134900
2020-08-04 09:31:01.510,4.83,2400
2020-08-04 09:31:01.510,4.83,2500
2020-08-04 09:31:01.510,4.83,1000
2020-08-04 09:31:01.510,4.83,2500
2020-08-04 09:31:01.510,4.83,1000
2020-08-04 09:31:01.510,4.83,200
2020-08-04 09:31:01.510,4.83,15000
2020-08-04 09:31:02.350,4.829,19400
2020-08-04 09:31:02.380,4.83,8300
2020-08-04 09:31:03.110,4.83,3600
2020-08-04 09:31:03.260,4.829,10600
2020-08-04 09:31:03.260,4.829,100000
2020-08-04 09:31:03.260,4.829,20000
2020-08-04 09:31:03.980,4.829,8300
2020-08-04 09:31:04.020,4.829,3000
2020-08-04 09:31:04.520,4.828,2000
2020-08-04 09:31:04.520,4.828,3000
2020-08-04 09:31:04.860,4.829,158100
2020-08-04 09:31:05.280,4.829,200
2020-08-04 09:31:05.640,4.83,800
2020-08-04 09:31:06.400,4.829,10000
2020-08-04 09:31:06.700,4.829,200
2020-08-04 09:31:06.870,4.829,90000
2020-08-04 09:31:07.240,4.83,700
2020-08-04 09:31:07.470,4.829,60000
2020-08-04 09:31:07.470,4.828,1000
2020-08-04 09:31:07.470,4.828,2000
2020-08-04 09:31:07.470,4.828,500
2020-08-04 09:31:07.470,4.828,1000
2020-08-04 09:31:07.470,4.828,600
2020-08-04 09:31:07.470,4.828,500
2020-08-04 09:31:07.470,4.828,5000
2020-08-04 09:31:07.470,4.828,171600
2020-08-04 09:31:07.600,4.828,428400
2020-08-04 09:31:07.600,4.827,100
2020-08-04 09:31:07.600,4.827,100
2020-08-04 09:31:07.600,4.827,100
2020-08-04 09:31:07.600,4.827,100
2020-08-04 09:31:07.600,4.827,100
2020-08-04 09:31:07.600,4.827,200
2020-08-04 09:31:07.600,4.827,100
2020-08-04 09:31:07.600,4.827,100
2020-08-04 09:31:07.600,4.827,200
2020-08-04 09:31:07.600,4.827,100
2020-08-04 09:31:07.600,4.827,100
2020-08-04 09:31:07.600,4.827,100
2020-08-04 09:31:07.600,4.827,100
2020-08-04 09:31:07.600,4.827,200
2020-08-04 09:31:07.600,4.827,100
2020-08-04 09:31:07.600,4.827,100
2020-08-04 09:31:07.600,4.827,100
2020-08-04 09:31:07.600,4.827,100
2020-08-04 09:31:07.600,4.827,100
2020-08-04 09:31:07.600,4.827,100
2020-08-04 09:31:07.600,4.827,100
2020-08-04 09:31:07.600,4.827,200
2020-08-04 09:31:07.600,4.827,2400
2020-08-04 09:31:07.600,4.827,500
2020-08-04 09:31:07.600,4.827,500
2020-08-04 09:31:07.600,4.827,100
2020-08-04 09:31:07.600,4.827,200
2020-08-04 09:31:07.600,4.827,100
2020-08-04 09:31:07.600,4.827,900
2020-08-04 09:31:07.600,4.827,200
2020-08-04 09:31:07.600,4.827,200
2020-08-04 09:31:07.600,4.827,100
2020-08-04 09:31:07.600,4.827,3700
2020-08-04 09:31:07.600,4.827,500
2020-08-04 09:31:07.600,4.827,1500
2020-08-04 09:31:07.600,4.827,500
2020-08-04 09:31:07.600,4.827,200
2020-08-04 09:31:07.600,4.827,100
2020-08-04 09:31:07.600,4.827,100
2020-08-04 09:31:07.600,4.827,1000
2020-08-04 09:31:07.600,4.827,100
2020-08-04 09:31:07.600,4.827,100
2020-08-04 09:31:07.600,4.827,100
2020-08-04 09:31:07.600,4.827,100
2020-08-04 09:31:07.600,4.827,200
2020-08-04 09:31:07.600,4.827,100
2020-08-04 09:31:07.600,4.827,500
2020-08-04 09:31:07.600,4.827,2200
2020-08-04 09:31:07.600,4.827,200
2020-08-04 09:31:07.600,4.827,100
2020-08-04 09:31:07.600,4.827,1000
2020-08-04 09:31:07.600,4.827,100
2020-08-04 09:31:07.600,4.827,200
2020-08-04 09:31:07.600,4.827,1200
2020-08-04 09:31:07.850,4.83,113000
2020-08-04 09:31:08.010,4.83,1200
2020-08-04 09:31:08.140,4.83,100
2020-08-04 09:31:08.730,4.829,1200
2020-08-04 09:31:09.430,4.829,10000
2020-08-04 09:31:09.530,4.83,315000
2020-08-04 09:31:10.090,4.829,5100
2020-08-04 09:31:10.730,4.829,7500
2020-08-04 09:31:10.760,4.83,100
2020-08-04 09:31:10.960,4.83,5000
2020-08-04 09:31:11.090,4.829,1000
2020-08-04 09:31:11.130,4.829,10000
2020-08-04 09:31:11.250,4.829,3000
2020-08-04 09:31:11.510,4.829,23400
2020-08-04 09:31:12.340,4.829,26400
2020-08-04 09:31:12.510,4.828,200
2020-08-04 09:31:12.510,4.828,2800
2020-08-04 09:31:13.710,4.829,18500
2020-08-04 09:31:13.710,4.829,300
2020-08-04 09:31:13.770,4.83,500
2020-08-04 09:31:14.020,4.829,1500
2020-08-04 09:31:14.340,4.829,500
2020-08-04 09:31:14.430,4.829,2200
2020-08-04 09:31:14.520,4.829,12800
2020-08-04 09:31:14.590,4.83,2400
2020-08-04 09:31:14.900,4.83,10000
2020-08-04 09:31:14.930,4.829,6000
2020-08-04 09:31:15.270,4.829,277000
2020-08-04 09:31:15.270,4.828,23000
2020-08-04 09:31:15.370,4.83,100
2020-08-04 09:31:15.480,4.83,254800
2020-08-04 09:31:15.600,4.83,10000
2020-08-04 09:31:15.660,4.83,1000
2020-08-04 09:31:15.660,4.828,4400
2020-08-04 09:31:15.760,4.83,200
2020-08-04 09:31:16.060,4.829,500
2020-08-04 09:31:16.220,4.829,1500
2020-08-04 09:31:16.220,4.829,1000
2020-08-04 09:31:16.220,4.829,29000
2020-08-04 09:31:16.320,4.829,3000
2020-08-04 09:31:16.340,4.83,5900
2020-08-04 09:31:16.340,4.83,1100
2020-08-04 09:31:16.470,4.829,2000
2020-08-04 09:31:16.850,4.829,8000
2020-08-04 09:31:17.670,4.829,10000
2020-08-04 09:31:18.180,4.829,1600
2020-08-04 09:31:18.480,4.83,900
2020-08-04 09:31:18.480,4.83,1300
2020-08-04 09:31:18.550,4.829,32000
2020-08-04 09:31:18.650,4.829,26400
2020-08-04 09:31:18.650,4.829,600
2020-08-04 09:31:18.650,4.829,200
2020-08-04 09:31:18.710,4.828,300
2020-08-04 09:31:18.990,4.828,100
2020-08-04 09:31:19.060,4.828,1100
2020-08-04 09:31:19.060,4.827,1000
2020-08-04 09:31:19.400,4.829,22800
2020-08-04 09:31:19.400,4.829,400
2020-08-04 09:31:19.430,4.829,1000
2020-08-04 09:31:19.680,4.829,1000
2020-08-04 09:31:19.840,4.829,100
2020-08-04 09:31:20.140,4.829,10000
2020-08-04 09:31:20.880,4.83,50000
2020-08-04 09:31:21.000,4.83,700
2020-08-04 09:31:21.300,4.829,300
2020-08-04 09:31:21.370,4.829,11000
2020-08-04 09:31:21.400,4.829,13400
2020-08-04 09:31:21.400,4.829,500
2020-08-04 09:31:21.400,4.829,8900
2020-08-04 09:31:21.430,4.829,1100
2020-08-04 09:31:22.050,4.828,1000
2020-08-04 09:31:22.210,4.829,22700
2020-08-04 09:31:22.370,4.829,11200
2020-08-04 09:31:22.370,4.829,3300
2020-08-04 09:31:22.410,4.829,45500
2020-08-04 09:31:22.770,4.829,100
2020-08-04 09:31:23.080,4.829,3000
2020-08-04 09:31:23.080,4.829,500
2020-08-04 09:31:23.450,4.829,6400
2020-08-04 09:31:23.720,4.829,3000
2020-08-04 09:31:23.720,4.83,38000
2020-08-04 09:31:23.720,4.83,900
2020-08-04 09:31:23.720,4.83,1000
2020-08-04 09:31:23.720,4.83,1000
2020-08-04 09:31:23.720,4.83,10000
2020-08-04 09:31:23.720,4.83,15500
2020-08-04 09:31:23.720,4.83,5000
2020-08-04 09:31:23.720,4.83,600
2020-08-04 09:31:23.720,4.83,10000
2020-08-04 09:31:23.720,4.83,5000
2020-08-04 09:31:23.720,4.83,39700
2020-08-04 09:31:23.720,4.83,2000
2020-08-04 09:31:23.720,4.83,400
2020-08-04 09:31:23.720,4.83,1200
2020-08-04 09:31:23.720,4.83,900
2020-08-04 09:31:23.720,4.83,1000
2020-08-04 09:31:23.720,4.831,27500
2020-08-04 09:31:23.720,4.832,1000
2020-08-04 09:31:23.720,4.832,400
2020-08-04 09:31:23.720,4.832,300
2020-08-04 09:31:23.720,4.832,2000
2020-08-04 09:31:23.720,4.832,42700
2020-08-04 09:31:23.720,4.832,4000
2020-08-04 09:31:23.720,4.832,86400
2020-08-04 09:31:24.050,4.831,1000
2020-08-04 09:31:24.220,4.831,2300
2020-08-04 09:31:24.720,4.831,15200
2020-08-04 09:31:24.850,4.831,12000
2020-08-04 09:31:25.770,4.831,3000
2020-08-04 09:31:26.070,4.831,22800
2020-08-04 09:31:26.490,4.831,800
2020-08-04 09:31:26.740,4.831,3000
2020-08-04 09:31:26.840,4.831,15000
2020-08-04 09:31:27.330,4.831,200
2020-08-04 09:31:27.500,4.831,10000
2020-08-04 09:31:27.910,4.831,1400
2020-08-04 09:31:28.390,4.831,5000
2020-08-04 09:31:30.000,4.831,1000
2020-08-04 09:31:30.070,4.831,10000
2020-08-04 09:31:30.500,4.831,2600
2020-08-04 09:31:30.670,4.831,100
2020-08-04 09:31:30.700,4.832,13600
2020-08-04 09:31:30.700,4.832,14600
2020-08-04 09:31:30.700,4.833,100
2020-08-04 09:31:30.700,4.833,5100
2020-08-04 09:31:30.700,4.833,50000
2020-08-04 09:31:30.700,4.833,100
2020-08-04 09:31:30.700,4.833,3000
2020-08-04 09:31:30.700,4.833,20000
2020-08-04 09:31:30.700,4.833,193500
2020-08-04 09:31:30.730,4.831,100
2020-08-04 09:31:31.270,4.833,26000
2020-08-04 09:31:31.960,4.831,500
2020-08-04 09:31:32.580,4.832,200
2020-08-04 09:31:33.820,4.832,1100
2020-08-04 09:31:34.030,4.832,3700
2020-08-04 09:31:34.030,4.832,75000
2020-08-04 09:31:34.030,4.832,10000
2020-08-04 09:31:34.030,4.831,78800
2020-08-04 09:31:34.090,4.831,3500
2020-08-04 09:31:34.360,4.831,9000
2020-08-04 09:31:34.520,4.832,300
2020-08-04 09:31:34.520,4.832,1000
2020-08-04 09:31:35.320,4.833,40000
2020-08-04 09:31:35.450,4.832,9900
2020-08-04 09:31:35.580,4.833,2000
2020-08-04 09:31:35.740,4.832,4000
2020-08-04 09:31:35.940,4.832,1000
2020-08-04 09:31:36.360,4.832,20000
2020-08-04 09:31:36.430,4.832,20000
2020-08-04 09:31:36.490,4.832,3800
2020-08-04 09:31:36.490,4.832,3000
2020-08-04 09:31:36.930,4.831,102700
2020-08-04 09:31:36.930,4.83,300
2020-08-04 09:31:36.930,4.83,30000
2020-08-04 09:31:36.930,4.83,5200
2020-08-04 09:31:37.230,4.83,300
2020-08-04 09:31:37.510,4.83,8000
2020-08-04 09:31:38.010,4.83,1300
2020-08-04 09:31:38.010,4.83,1300
2020-08-04 09:31:38.010,4.831,1300
2020-08-04 09:31:38.010,4.832,1100
2020-08-04 09:31:38.040,4.832,8100
2020-08-04 09:31:38.140,4.831,9200
2020-08-04 09:31:38.370,4.831,10800
2020-08-04 09:31:38.370,4.832,49200
2020-08-04 09:31:39.550,4.831,100
2020-08-04 09:31:39.550,4.832,9900
2020-08-04 09:31:40.260,4.831,100
2020-08-04 09:31:40.770,4.83,60000
2020-08-04 09:31:41.110,4.829,20000
2020-08-04 09:31:41.110,4.829,600
2020-08-04 09:31:41.110,4.829,1200
2020-08-04 09:31:41.110,4.829,100
2020-08-04 09:31:41.110,4.829,1000
2020-08-04 09:31:41.340,4.828,1000
2020-08-04 09:31:41.340,4.828,200
2020-08-04 09:31:41.470,4.83,60000
2020-08-04 09:31:41.630,4.828,90000
2020-08-04 09:31:41.900,4.83,10000
2020-08-04 09:31:42.120,4.828,9800
2020-08-04 09:31:42.120,4.828,1000
2020-08-04 09:31:42.480,4.829,1000
2020-08-04 09:31:43.070,4.829,3500
2020-08-04 09:31:44.490,4.828,37100
2020-08-04 09:31:44.800,4.828,30000
2020-08-04 09:31:45.420,4.828,200
2020-08-04 09:31:46.900,4.827,7600
2020-08-04 09:31:46.900,4.827,500
2020-08-04 09:31:46.900,4.827,1900
2020-08-04 09:31:47.470,4.828,5000
2020-08-04 09:31:48.900,4.828,20000
2020-08-04 09:31:49.090,4.828,200
2020-08-04 09:31:49.960,4.827,2300
2020-08-04 09:31:50.150,4.828,1000
2020-08-04 09:31:50.440,4.827,1800
2020-08-04 09:31:50.440,4.827,2000
2020-08-04 09:31:50.660,4.827,5600
2020-08-04 09:31:50.810,4.828,500
2020-08-04 09:31:50.880,4.827,400
2020-08-04 09:31:51.280,4.827,14000
2020-08-04 09:31:51.280,4.826,1000
2020-08-04 09:31:51.280,4.826,100
2020-08-04 09:31:51.280,4.826,500
2020-08-04 09:31:51.280,4.826,100
2020-08-04 09:31:51.280,4.826,200
2020-08-04 09:31:51.280,4.826,100
2020-08-04 09:31:51.280,4.826,100
2020-08-04 09:31:51.280,4.826,3900
2020-08-04 09:31:51.320,4.826,400
2020-08-04 09:31:51.460,4.827,5500
2020-08-04 09:31:52.570,4.827,900
2020-08-04 09:31:53.810,4.827,100
2020-08-04 09:31:53.960,4.826,200
2020-08-04 09:31:54.690,4.826,2000
2020-08-04 09:31:55.060,4.827,200
2020-08-04 09:31:55.480,4.827,3400
2020-08-04 09:31:55.580,4.826,100
2020-08-04 09:31:56.580,4.826,1400
2020-08-04 09:31:56.580,4.826,1000
2020-08-04 09:31:56.580,4.826,1900
2020-08-04 09:31:56.710,4.827,2000
2020-08-04 09:31:58.320,4.827,2000
2020-08-04 09:32:00.530,4.827,15900
2020-08-04 09:32:00.530,4.827,1800
2020-08-04 09:32:00.530,4.827,1500
2020-08-04 09:32:00.530,4.827,1000
2020-08-04 09:32:00.530,4.827,100
2020-08-04 09:32:00.530,4.827,29700
2020-08-04 09:32:01.390,4.826,600
2020-08-04 09:32:01.670,4.827,22700
2020-08-04 09:32:01.670,4.827,3000
2020-08-04 09:32:01.670,4.827,5900
2020-08-04 09:32:01.670,4.827,300
2020-08-04 09:32:02.130,4.828,71000
2020-08-04 09:32:02.190,4.827,100
2020-08-04 09:32:02.190,4.827,3200
2020-08-04 09:32:02.320,4.827,6100
2020-08-04 09:32:02.410,4.827,300
2020-08-04 09:32:02.610,4.827,100
2020-08-04 09:32:02.610,4.827,9100
2020-08-04 09:32:02.830,4.827,400
2020-08-04 09:32:02.830,4.826,100
2020-08-04 09:32:03.020,4.827,3600
2020-08-04 09:32:04.040,4.827,2000
2020-08-04 09:32:04.310,4.826,300
2020-08-04 09:32:04.540,4.827,4900
2020-08-04 09:32:04.540,4.827,5000
2020-08-04 09:32:05.380,4.827,300
2020-08-04 09:32:05.480,4.826,4000
2020-08-04 09:32:05.820,4.827,4700
2020-08-04 09:32:06.060,4.827,400
2020-08-04 09:32:06.160,4.827,100
2020-08-04 09:32:06.160,4.827,100
2020-08-04 09:32:06.160,4.827,100
2020-08-04 09:32:06.160,4.827,100
2020-08-04 09:32:06.160,4.827,100
2020-08-04 09:32:06.160,4.827,100
2020-08-04 09:32:06.160,4.827,100
2020-08-04 09:32:06.290,4.827,100
2020-08-04 09:32:06.290,4.827,100
2020-08-04 09:32:06.290,4.827,100
2020-08-04 09:32:06.290,4.827,100
2020-08-04 09:32:06.290,4.827,100
2020-08-04 09:32:06.290,4.827,100
2020-08-04 09:32:06.290,4.827,20000
2020-08-04 09:32:06.320,4.827,100
2020-08-04 09:32:06.320,4.827,100
2020-08-04 09:32:06.320,4.827,100
2020-08-04 09:32:06.320,4.827,100
2020-08-04 09:32:06.320,4.827,100
2020-08-04 09:32:06.320,4.827,100
2020-08-04 09:32:06.360,4.827,100
2020-08-04 09:32:06.360,4.827,100
2020-08-04 09:32:06.360,4.827,100
2020-08-04 09:32:06.390,4.827,10000
2020-08-04 09:32:06.430,4.827,100
2020-08-04 09:32:06.430,4.827,100
2020-08-04 09:32:06.450,4.827,100
2020-08-04 09:32:06.450,4.827,100
2020-08-04 09:32:06.450,4.827,100
2020-08-04 09:32:06.450,4.827,100
2020-08-04 09:32:06.520,4.827,100
2020-08-04 09:32:06.520,4.827,100
2020-08-04 09:32:06.520,4.827,100
2020-08-04 09:32:06.520,4.827,100
2020-08-04 09:32:06.550,4.827,100
2020-08-04 09:32:06.550,4.827,100
2020-08-04 09:32:06.550,4.827,100
2020-08-04 09:32:06.610,4.827,100
2020-08-04 09:32:06.610,4.827,100
2020-08-04 09:32:06.610,4.827,100
2020-08-04 09:32:06.640,4.827,100
2020-08-04 09:32:06.640,4.827,100
2020-08-04 09:32:06.640,4.827,100
2020-08-04 09:32:06.640,4.827,100
2020-08-04 09:32:06.710,4.827,100
2020-08-04 09:32:06.710,4.827,100
2020-08-04 09:32:06.710,4.827,100
2020-08-04 09:32:06.710,4.827,100
2020-08-04 09:32:06.800,4.827,100
2020-08-04 09:32:06.800,4.827,100
2020-08-04 09:32:06.800,4.827,100
2020-08-04 09:32:06.850,4.827,100
2020-08-04 09:32:06.850,4.827,100
2020-08-04 09:32:06.850,4.827,100
2020-08-04 09:32:06.920,4.827,3000
2020-08-04 09:32:06.920,4.827,100
2020-08-04 09:32:06.920,4.827,100
2020-08-04 09:32:06.920,4.827,100
2020-08-04 09:32:06.950,4.827,100
2020-08-04 09:32:06.950,4.827,100
2020-08-04 09:32:06.950,4.827,100
2020-08-04 09:32:06.950,4.827,100
2020-08-04 09:32:06.950,4.827,100
2020-08-04 09:32:07.020,4.827,100
2020-08-04 09:32:07.020,4.827,100
2020-08-04 09:32:07.020,4.827,100
2020-08-04 09:32:07.050,4.827,500
2020-08-04 09:32:07.050,4.827,100
2020-08-04 09:32:07.050,4.827,100
2020-08-04 09:32:07.110,4.827,100
2020-08-04 09:32:07.110,4.827,100
2020-08-04 09:32:07.110,4.827,100
2020-08-04 09:32:07.170,4.827,100
2020-08-04 09:32:07.170,4.827,100
2020-08-04 09:32:07.170,4.827,100
2020-08-04 09:32:07.170,4.827,100
2020-08-04 09:32:07.170,4.827,100
2020-08-04 09:32:07.170,4.827,100
2020-08-04 09:32:07.200,4.827,100
2020-08-04 09:32:07.200,4.827,100
2020-08-04 09:32:07.200,4.827,100
2020-08-04 09:32:07.200,4.827,100
2020-08-04 09:32:07.200,4.827,100
2020-08-04 09:32:07.270,4.827,100
2020-08-04 09:32:07.270,4.827,100
2020-08-04 09:32:07.270,4.827,100
2020-08-04 09:32:07.270,4.827,100
2020-08-04 09:32:07.270,4.827,100
2020-08-04 09:32:07.270,4.827,100
2020-08-04 09:32:07.270,4.827,100
2020-08-04 09:32:07.270,4.827,100
2020-08-04 09:32:07.270,4.827,100
2020-08-04 09:32:07.270,4.827,100
2020-08-04 09:32:07.270,4.827,100
2020-08-04 09:32:07.790,4.827,91300
2020-08-04 09:32:07.790,4.827,4200
2020-08-04 09:32:07.790,4.827,280500
2020-08-04 09:32:07.790,4.827,20000
2020-08-04 09:32:07.790,4.827,10000
2020-08-04 09:32:07.790,4.826,56800
2020-08-04 09:32:07.790,4.826,14000
2020-08-04 09:32:07.790,4.826,1000
2020-08-04 09:32:07.790,4.826,200
2020-08-04 09:32:07.790,4.826,122000
2020-08-04 09:32:07.830,4.827,500
2020-08-04 09:32:08.020,4.827,9500
2020-08-04 09:32:08.020,4.826,78000
2020-08-04 09:32:08.020,4.826,500
2020-08-04 09:32:08.020,4.826,12000
2020-08-04 09:32:08.110,4.826,1000
2020-08-04 09:32:08.590,4.826,500
2020-08-04 09:32:09.350,4.827,100
2020-08-04 09:32:10.330,4.828,5800
2020-08-04 09:32:10.500,4.827,1900
2020-08-04 09:32:11.070,4.827,2900
2020-08-04 09:32:12.260,4.827,700
2020-08-04 09:32:12.500,4.827,14500
2020-08-04 09:32:12.500,4.827,500
2020-08-04 09:32:12.500,4.827,10000
2020-08-04 09:32:12.570,4.826,1200
2020-08-04 09:32:12.920,4.827,2500
2020-08-04 09:32:13.340,4.827,3000
2020-08-04 09:32:13.340,4.827,75000
2020-08-04 09:32:13.340,4.827,800
2020-08-04 09:32:13.850,4.827,2000
2020-08-04 09:32:14.100,4.827,5000
2020-08-04 09:32:14.790,4.827,300
2020-08-04 09:32:15.360,4.826,5300
2020-08-04 09:32:15.360,4.826,5000
2020-08-04 09:32:15.360,4.826,20000
2020-08-04 09:32:15.360,4.826,3000
2020-08-04 09:32:15.360,4.826,100000
2020-08-04 09:32:15.360,4.826,400
2020-08-04 09:32:15.360,4.826,41700
2020-08-04 09:32:15.360,4.825,19800
2020-08-04 09:32:15.360,4.825,5000
2020-08-04 09:32:15.360,4.825,400
2020-08-04 09:32:15.360,4.825,99400
2020-08-04 09:32:15.690,4.826,4000
2020-08-04 09:32:15.690,4.825,296000
2020-08-04 09:32:15.940,4.825,84300
2020-08-04 09:32:15.940,4.825,300
2020-08-04 09:32:15.940,4.825,100
2020-08-04 09:32:15.940,4.825,20000
2020-08-04 09:32:15.940,4.825,200
2020-08-04 09:32:15.940,4.825,10000
2020-08-04 09:32:15.940,4.825,15200
2020-08-04 09:32:15.940,4.825,2000
2020-08-04 09:32:15.940,4.825,1800
2020-08-04 09:32:15.940,4.825,100
2020-08-04 09:32:15.940,4.825,300
2020-08-04 09:32:15.940,4.825,700
2020-08-04 09:32:15.940,4.825,2000
2020-08-04 09:32:15.940,4.825,3600
2020-08-04 09:32:15.940,4.825,1000
2020-08-04 09:32:15.940,4.825,200
2020-08-04 09:32:15.940,4.825,1300
2020-08-04 09:32:15.940,4.825,200
2020-08-04 09:32:15.940,4.825,100
2020-08-04 09:32:15.940,4.825,500
2020-08-04 09:32:15.940,4.825,100
2020-08-04 09:32:15.940,4.825,300
2020-08-04 09:32:15.940,4.825,1000
2020-08-04 09:32:15.940,4.825,400
2020-08-04 09:32:15.940,4.825,100
2020-08-04 09:32:15.940,4.825,200
2020-08-04 09:32:15.940,4.825,1000
2020-08-04 09:32:15.940,4.825,2000
2020-08-04 09:32:15.940,4.825,2000
2020-08-04 09:32:15.940,4.825,100
2020-08-04 09:32:15.940,4.825,3300
2020-08-04 09:32:15.940,4.825,100
2020-08-04 09:32:15.940,4.825,300
2020-08-04 09:32:15.940,4.825,100
2020-08-04 09:32:15.940,4.825,300
2020-08-04 09:32:15.940,4.825,600
2020-08-04 09:32:15.940,4.825,100
2020-08-04 09:32:15.940,4.825,300
2020-08-04 09:32:15.940,4.825,300
2020-08-04 09:32:15.940,4.825,100
2020-08-04 09:32:15.940,4.825,2500
2020-08-04 09:32:15.940,4.825,100
2020-08-04 09:32:15.940,4.825,100
2020-08-04 09:32:15.940,4.825,6200
2020-08-04 09:32:15.940,4.825,400
2020-08-04 09:32:15.940,4.825,100
2020-08-04 09:32:15.940,4.825,100
2020-08-04 09:32:15.940,4.825,100
2020-08-04 09:32:15.940,4.825,100
2020-08-04 09:32:15.940,4.825,1000
2020-08-04 09:32:15.940,4.825,200
2020-08-04 09:32:15.940,4.825,100
2020-08-04 09:32:15.940,4.825,200
2020-08-04 09:32:15.940,4.825,200
2020-08-04 09:32:15.940,4.825,99200
2020-08-04 09:32:15.940,4.825,1000
2020-08-04 09:32:15.940,4.825,13000
2020-08-04 09:32:15.940,4.825,100
2020-08-04 09:32:15.940,4.825,1000
2020-08-04 09:32:15.940,4.825,5000
2020-08-04 09:32:15.940,4.825,12700
2020-08-04 09:32:16.100,4.825,191700
2020-08-04 09:32:16.100,4.825,100
2020-08-04 09:32:16.100,4.825,5400
2020-08-04 09:32:16.100,4.825,50000
2020-08-04 09:32:16.100,4.825,300
2020-08-04 09:32:16.100,4.825,100
2020-08-04 09:32:16.100,4.825,100
2020-08-04 09:32:16.100,4.825,500
2020-08-04 09:32:16.100,4.825,300
2020-08-04 09:32:16.100,4.825,50000
2020-08-04 09:32:16.100,4.825,500
2020-08-04 09:32:16.100,4.825,500
2020-08-04 09:32:16.100,4.825,500
2020-08-04 09:32:16.130,4.825,600
2020-08-04 09:32:16.130,4.825,16300
2020-08-04 09:32:16.130,4.825,4500
2020-08-04 09:32:16.130,4.825,500
2020-08-04 09:32:16.130,4.825,100
2020-08-04 09:32:16.130,4.825,3000
2020-08-04 09:32:16.130,4.825,500
2020-08-04 09:32:16.130,4.825,4300
2020-08-04 09:32:16.130,4.825,200
2020-08-04 09:32:17.240,4.825,1000
2020-08-04 09:32:17.370,4.825,500
2020-08-04 09:32:17.480,4.824,1000
2020-08-04 09:32:17.840,4.824,200
2020-08-04 09:32:17.900,4.825,200
2020-08-04 09:32:18.220,4.825,2000
2020-08-04 09:32:18.280,4.824,400
2020-08-04 09:32:18.280,4.824,1500
2020-08-04 09:32:18.280,4.824,200
2020-08-04 09:32:18.280,4.824,7200
2020-08-04 09:32:18.280,4.824,4200
2020-08-04 09:32:18.280,4.824,300
2020-08-04 09:32:19.450,4.825,1400
2020-08-04 09:32:19.450,4.825,600
2020-08-04 09:32:19.480,4.824,1100
2020-08-04 09:32:19.480,4.825,900
2020-08-04 09:32:19.550,4.825,1100
2020-08-04 09:32:19.740,4.825,2400
2020-08-04 09:32:19.740,4.826,7900
2020-08-04 09:32:20.010,4.825,5000
2020-08-04 09:32:20.850,4.825,1000
2020-08-04 09:32:21.130,4.823,500
2020-08-04 09:32:21.130,4.823,1000
2020-08-04 09:32:21.130,4.823,10000
2020-08-04 09:32:21.130,4.823,200
2020-08-04 09:32:21.170,4.822,400
2020-08-04 09:32:21.450,4.823,10000
2020-08-04 09:32:22.710,4.823,28300
2020-08-04 09:32:23.120,4.825,3500
2020-08-04 09:32:23.380,4.825,200
2020-08-04 09:32:23.380,4.825,10000
2020-08-04 09:32:23.950,4.825,100
2020-08-04 09:32:25.730,4.823,300
2020-08-04 09:32:25.760,4.825,30000
2020-08-04 09:32:26.500,4.825,28400
2020-08-04 09:32:27.160,4.823,100
2020-08-04 09:32:27.450,4.823,15000
2020-08-04 09:32:28.160,4.823,100
2020-08-04 09:32:28.510,4.824,2300
2020-08-04 09:32:28.510,4.824,5000
2020-08-04 09:32:28.510,4.825,12700
2020-08-04 09:32:28.670,4.823,900
2020-08-04 09:32:28.670,4.822,100
2020-08-04 09:32:28.970,4.825,800
2020-08-04 09:32:29.250,4.825,208300
2020-08-04 09:32:29.250,4.825,200
2020-08-04 09:32:29.250,4.825,5000
2020-08-04 09:32:29.250,4.826,2100
2020-08-04 09:32:29.250,4.826,100
2020-08-04 09:32:29.250,4.826,100
2020-08-04 09:32:29.250,4.826,100
2020-08-04 09:32:29.250,4.826,100
2020-08-04 09:32:29.250,4.826,100
2020-08-04 09:32:29.250,4.826,100
2020-08-04 09:32:29.250,4.826,100
2020-08-04 09:32:29.250,4.826,100
2020-08-04 09:32:29.250,4.826,100
2020-08-04 09:32:29.250,4.826,100
2020-08-04 09:32:29.250,4.826,100
2020-08-04 09:32:29.250,4.826,100
2020-08-04 09:32:29.250,4.826,100
2020-08-04 09:32:29.250,4.826,100
2020-08-04 09:32:29.250,4.826,100
2020-08-04 09:32:29.250,4.826,100
2020-08-04 09:32:29.250,4.826,100
2020-08-04 09:32:29.250,4.826,100
2020-08-04 09:32:29.250,4.826,100
2020-08-04 09:32:29.250,4.826,100
2020-08-04 09:32:29.250,4.826,100
2020-08-04 09:32:29.250,4.826,100
2020-08-04 09:32:29.250,4.826,100
2020-08-04 09:32:29.250,4.826,100
2020-08-04 09:32:29.250,4.826,100
2020-08-04 09:32:29.250,4.826,100
2020-08-04 09:32:29.250,4.826,100
2020-08-04 09:32:29.250,4.826,100
2020-08-04 09:32:29.250,4.826,100
2020-08-04 09:32:29.250,4.826,100
2020-08-04 09:32:29.250,4.826,100
2020-08-04 09:32:29.250,4.826,100
2020-08-04 09:32:29.250,4.826,100
2020-08-04 09:32:29.250,4.826,100
2020-08-04 09:32:29.250,4.826,100
2020-08-04 09:32:29.250,4.826,100
2020-08-04 09:32:29.250,4.826,100
2020-08-04 09:32:29.250,4.826,100
2020-08-04 09:32:29.250,4.826,100
2020-08-04 09:32:29.250,4.826,100
2020-08-04 09:32:29.250,4.826,100
2020-08-04 09:32:29.250,4.826,100
2020-08-04 09:32:29.250,4.826,100
2020-08-04 09:32:29.250,4.826,100
2020-08-04 09:32:29.250,4.826,100
2020-08-04 09:32:29.250,4.826,100
2020-08-04 09:32:29.250,4.826,100
2020-08-04 09:32:29.250,4.826,100
2020-08-04 09:32:29.250,4.826,100
2020-08-04 09:32:29.250,4.826,100
2020-08-04 09:32:29.250,4.826,100
2020-08-04 09:32:29.250,4.826,100
2020-08-04 09:32:29.250,4.826,100
2020-08-04 09:32:29.250,4.826,79100
2020-08-04 09:32:29.640,4.822,100
2020-08-04 09:32:29.640,4.822,2400
2020-08-04 09:32:30.080,4.824,3000
2020-08-04 09:32:30.680,4.824,3200
2020-08-04 09:32:31.150,4.823,200
2020-08-04 09:32:31.310,4.823,800
2020-08-04 09:32:31.740,4.823,1200
2020-08-04 09:32:32.190,4.823,2100
2020-08-04 09:32:32.570,4.823,2300
2020-08-04 09:32:33.390,4.824,1000
2020-08-04 09:32:34.320,4.823,2300
2020-08-04 09:32:34.510,4.823,2100
2020-08-04 09:32:34.510,4.823,7000
2020-08-04 09:32:34.510,4.822,4100
2020-08-04 09:32:35.020,4.823,20000
2020-08-04 09:32:35.020,4.822,40000
2020-08-04 09:32:35.910,4.823,1000
2020-08-04 09:32:35.910,4.824,700
2020-08-04 09:32:36.200,4.822,55900
2020-08-04 09:32:36.400,4.822,200
2020-08-04 09:32:36.590,4.822,100
2020-08-04 09:32:38.190,4.821,4200
2020-08-04 09:32:38.300,4.821,5800
2020-08-04 09:32:38.300,4.821,2000
2020-08-04 09:32:38.760,4.821,400
2020-08-04 09:32:39.140,4.821,127100
2020-08-04 09:32:39.180,4.822,8000
2020-08-04 09:32:39.390,4.821,13000
2020-08-04 09:32:41.310,4.821,6200
2020-08-04 09:32:41.310,4.822,38800
2020-08-04 09:32:42.050,4.82,100
2020-08-04 09:32:42.050,4.82,500
2020-08-04 09:32:42.050,4.82,1000
2020-08-04 09:32:42.050,4.82,100
2020-08-04 09:32:42.050,4.82,200
2020-08-04 09:32:42.050,4.82,100
2020-08-04 09:32:42.680,4.82,900
2020-08-04 09:32:42.920,4.82,42300
2020-08-04 09:32:42.920,4.82,100
2020-08-04 09:32:42.920,4.82,400
2020-08-04 09:32:42.920,4.82,500
2020-08-04 09:32:42.920,4.82,300
2020-08-04 09:32:42.920,4.82,500
2020-08-04 09:32:42.920,4.82,5000
2020-08-04 09:32:42.920,4.82,5000
2020-08-04 09:32:42.920,4.82,4500
2020-08-04 09:32:42.920,4.82,11000
2020-08-04 09:32:42.920,4.82,2000
2020-08-04 09:32:42.920,4.82,200
2020-08-04 09:32:42.920,4.82,30000
2020-08-04 09:32:42.920,4.82,2400
2020-08-04 09:32:42.920,4.82,15000
2020-08-04 09:32:42.920,4.82,2200
2020-08-04 09:32:42.920,4.82,100
2020-08-04 09:32:42.920,4.82,5000
2020-08-04 09:32:42.920,4.82,1000
2020-08-04 09:32:42.920,4.82,6000
2020-08-04 09:32:42.920,4.82,200
2020-08-04 09:32:42.920,4.82,4300
2020-08-04 09:32:42.920,4.82,1000
2020-08-04 09:32:42.920,4.82,30000
2020-08-04 09:32:43.020,4.82,3600
2020-08-04 09:32:43.400,4.82,27400
2020-08-04 09:32:43.400,4.821,32600
2020-08-04 09:32:44.410,4.821,2200
2020-08-04 09:32:44.910,4.819,500
2020-08-04 09:32:44.910,4.819,500
2020-08-04 09:32:44.910,4.819,9200
2020-08-04 09:32:45.410,4.82,2000
2020-08-04 09:32:46.940,4.821,100
2020-08-04 09:32:47.450,4.821,6300
2020-08-04 09:32:47.900,4.82,200
2020-08-04 09:32:47.900,4.82,6600
2020-08-04 09:32:47.900,4.82,3600
2020-08-04 09:32:47.900,4.82,800
2020-08-04 09:32:48.000,4.82,400
2020-08-04 09:32:48.000,4.82,500
2020-08-04 09:32:48.000,4.821,50000
2020-08-04 09:32:48.000,4.82,600
2020-08-04 09:32:48.550,4.82,4100
2020-08-04 09:32:48.820,4.82,2500
2020-08-04 09:32:48.950,4.821,400
2020-08-04 09:32:48.950,4.821,100
2020-08-04 09:32:48.950,4.821,1500
2020-08-04 09:32:49.100,4.82,3000
2020-08-04 09:32:49.620,4.82,11000
2020-08-04 09:32:49.750,4.82,500
2020-08-04 09:32:49.810,4.82,200
2020-08-04 09:32:49.840,4.82,2500
2020-08-04 09:32:50.500,4.82,1900
2020-08-04 09:32:50.740,4.821,200
2020-08-04 09:32:51.020,4.82,1800
2020-08-04 09:32:51.950,4.82,20000
2020-08-04 09:32:52.240,4.82,3300
2020-08-04 09:32:52.860,4.82,200
2020-08-04 09:32:53.110,4.82,5000
2020-08-04 09:32:53.430,4.82,1700
2020-08-04 09:32:54.360,4.82,2600
2020-08-04 09:32:54.500,4.82,8000
2020-08-04 09:32:54.690,4.82,25800
2020-08-04 09:32:54.690,4.82,100
2020-08-04 09:32:54.690,4.82,2000
2020-08-04 09:32:56.110,4.82,2000
2020-08-04 09:32:56.730,4.82,10100
2020-08-04 09:32:56.730,4.82,90000
2020-08-04 09:32:56.730,4.82,100
2020-08-04 09:32:56.730,4.82,5000
2020-08-04 09:32:56.930,4.82,2200
2020-08-04 09:32:57.440,4.821,500
2020-08-04 09:32:57.440,4.821,100
2020-08-04 09:32:58.100,4.82,14800
2020-08-04 09:32:59.220,4.82,3000
2020-08-04 09:32:59.560,4.82,1700
2020-08-04 09:32:59.790,4.82,3100
2020-08-04 09:33:00.100,4.82,500
2020-08-04 09:33:00.390,4.821,3000
2020-08-04 09:33:00.390,4.821,1900
2020-08-04 09:33:00.390,4.821,6100
2020-08-04 09:33:00.620,4.82,5000
2020-08-04 09:33:01.070,4.82,500
2020-08-04 09:33:01.920,4.82,6800
2020-08-04 09:33:02.460,4.82,57200
2020-08-04 09:33:02.460,4.82,3000
2020-08-04 09:33:02.460,4.82,1000
2020-08-04 09:33:02.460,4.82,200
2020-08-04 09:33:02.460,4.82,100
2020-08-04 09:33:02.460,4.82,238500
2020-08-04 09:33:02.490,4.82,54200
2020-08-04 09:33:02.860,4.82,15000
2020-08-04 09:33:02.860,4.82,2000
2020-08-04 09:33:03.100,4.821,3500
2020-08-04 09:33:03.350,4.821,500
2020-08-04 09:33:03.390,4.82,100
2020-08-04 09:33:03.690,4.82,500
2020-08-04 09:33:04.010,4.82,2000
2020-08-04 09:33:04.230,4.821,97500
2020-08-04 09:33:04.230,4.821,6900
2020-08-04 09:33:04.230,4.821,9100
2020-08-04 09:33:04.550,4.821,23500
2020-08-04 09:33:05.140,4.821,7300
2020-08-04 09:33:05.330,4.821,15000
2020-08-04 09:33:05.920,4.821,10000
2020-08-04 09:33:06.460,4.822,51200
2020-08-04 09:33:06.460,4.822,1000
2020-08-04 09:33:06.460,4.822,5000
2020-08-04 09:33:06.460,4.822,1400
2020-08-04 09:33:06.460,4.822,4200
2020-08-04 09:33:06.460,4.822,1500
2020-08-04 09:33:06.460,4.822,100
2020-08-04 09:33:06.460,4.822,1000
2020-08-04 09:33:06.460,4.822,100
2020-08-04 09:33:06.460,4.823,8000
2020-08-04 09:33:06.460,4.823,40000
2020-08-04 09:33:06.460,4.823,4600
2020-08-04 09:33:06.460,4.823,40000
2020-08-04 09:33:06.460,4.823,5600
2020-08-04 09:33:06.460,4.823,5000
2020-08-04 09:33:06.460,4.823,200
2020-08-04 09:33:06.810,4.823,4200
2020-08-04 09:33:06.810,4.823,5000
2020-08-04 09:33:07.420,4.823,6400
2020-08-04 09:33:07.830,4.824,1300
2020-08-04 09:33:07.830,4.824,10000
2020-08-04 09:33:08.130,4.824,100
2020-08-04 09:33:08.420,4.824,1200
2020-08-04 09:33:08.970,4.825,2000
2020-08-04 09:33:08.970,4.825,2500
2020-08-04 09:33:08.970,4.825,100
2020-08-04 09:33:08.970,4.825,500
2020-08-04 09:33:08.970,4.825,5000
2020-08-04 09:33:08.970,4.825,2200
2020-08-04 09:33:09.950,4.825,900
2020-08-04 09:33:11.260,4.824,6000
2020-08-04 09:33:11.580,4.824,2000
2020-08-04 09:33:12.370,4.824,2000
2020-08-04 09:33:12.540,4.824,100
2020-08-04 09:33:14.580,4.824,500
2020-08-04 09:33:15.180,4.824,1400
2020-08-04 09:33:15.400,4.826,220900
2020-08-04 09:33:15.400,4.826,100
2020-08-04 09:33:15.400,4.826,100
2020-08-04 09:33:15.400,4.826,100
2020-08-04 09:33:15.400,4.826,100
2020-08-04 09:33:15.400,4.826,100
2020-08-04 09:33:15.400,4.826,100
2020-08-04 09:33:15.400,4.826,100
2020-08-04 09:33:15.400,4.826,100
2020-08-04 09:33:15.400,4.826,100
2020-08-04 09:33:15.400,4.826,100
2020-08-04 09:33:15.400,4.826,100
2020-08-04 09:33:15.400,4.826,100
2020-08-04 09:33:15.400,4.826,100
2020-08-04 09:33:15.400,4.826,100
2020-08-04 09:33:15.400,4.826,100
2020-08-04 09:33:15.400,4.826,100
2020-08-04 09:33:15.400,4.826,100
2020-08-04 09:33:15.400,4.826,100
2020-08-04 09:33:15.400,4.826,100
2020-08-04 09:33:15.400,4.826,100
2020-08-04 09:33:15.400,4.826,100
2020-08-04 09:33:15.400,4.826,100
2020-08-04 09:33:15.400,4.826,100
2020-08-04 09:33:15.400,4.826,100
2020-08-04 09:33:15.400,4.826,100
2020-08-04 09:33:15.400,4.826,100
2020-08-04 09:33:15.400,4.826,100
2020-08-04 09:33:15.400,4.826,100
2020-08-04 09:33:15.400,4.826,100
2020-08-04 09:33:15.400,4.826,100
2020-08-04 09:33:15.400,4.826,100
2020-08-04 09:33:15.400,4.826,100
2020-08-04 09:33:15.400,4.826,100
2020-08-04 09:33:15.400,4.826,100
2020-08-04 09:33:15.400,4.826,100
2020-08-04 09:33:15.400,4.826,100
2020-08-04 09:33:15.400,4.826,100
2020-08-04 09:33:15.400,4.826,100
2020-08-04 09:33:15.400,4.826,1000
2020-08-04 09:33:15.400,4.826,2000
2020-08-04 09:33:15.400,4.826,18000
2020-08-04 09:33:15.400,4.826,2800
2020-08-04 09:33:15.400,4.826,2000
2020-08-04 09:33:15.400,4.826,500
2020-08-04 09:33:15.400,4.826,1000
2020-08-04 09:33:15.910,4.826,100
2020-08-04 09:33:16.760,4.826,100
2020-08-04 09:33:17.040,4.826,2500
2020-08-04 09:33:17.170,4.826,500
2020-08-04 09:33:17.390,4.826,100
2020-08-04 09:33:17.520,4.826,20000
2020-08-04 09:33:17.840,4.826,1000
2020-08-04 09:33:18.730,4.826,3300
2020-08-04 09:33:19.880,4.826,300
2020-08-04 09:33:20.310,4.826,400
2020-08-04 09:33:20.740,4.826,200
2020-08-04 09:33:21.620,4.826,4300
2020-08-04 09:33:21.780,4.826,1500
2020-08-04 09:33:23.020,4.827,3600
2020-08-04 09:33:23.270,4.827,1400
2020-08-04 09:33:23.270,4.827,3600
2020-08-04 09:33:23.360,4.826,13700
2020-08-04 09:33:23.360,4.826,4100
2020-08-04 09:33:23.360,4.826,20000
2020-08-04 09:33:23.360,4.826,5000
2020-08-04 09:33:23.360,4.826,1300
2020-08-04 09:33:23.360,4.826,5400
2020-08-04 09:33:23.360,4.826,100
2020-08-04 09:33:23.360,4.826,2600
2020-08-04 09:33:23.360,4.824,6000
2020-08-04 09:33:23.360,4.824,400
2020-08-04 09:33:23.360,4.824,100
2020-08-04 09:33:23.360,4.824,1500
2020-08-04 09:33:23.360,4.824,9700
2020-08-04 09:33:23.360,4.824,500
2020-08-04 09:33:23.360,4.824,178300
2020-08-04 09:33:26.660,4.826,700
2020-08-04 09:33:26.660,4.826,900
2020-08-04 09:33:26.660,4.826,6400
2020-08-04 09:33:27.280,4.826,4100
2020-08-04 09:33:28.960,4.826,1600
2020-08-04 09:33:29.100,4.826,100
2020-08-04 09:33:29.190,4.827,4300
2020-08-04 09:33:29.460,4.826,900
2020-08-04 09:33:29.900,4.826,4000
2020-08-04 09:33:30.700,4.827,100
2020-08-04 09:33:30.880,4.826,5600
2020-08-04 09:33:32.000,4.826,33700
2020-08-04 09:33:32.000,4.826,700
2020-08-04 09:33:32.000,4.826,5000
2020-08-04 09:33:32.000,4.826,100
2020-08-04 09:33:32.350,4.826,41000
2020-08-04 09:33:32.510,4.825,11200
2020-08-04 09:33:33.170,4.826,5000
2020-08-04 09:33:35.190,4.825,200
2020-08-04 09:33:35.740,4.826,4500
2020-08-04 09:33:35.740,4.826,500
2020-08-04 09:33:35.740,4.826,4000
2020-08-04 09:33:35.740,4.826,7000
2020-08-04 09:33:35.740,4.826,1000
2020-08-04 09:33:35.920,4.827,6000
2020-08-04 09:33:35.920,4.827,300
2020-08-04 09:33:35.940,4.826,10600
2020-08-04 09:33:36.330,4.826,1000
2020-08-04 09:33:37.060,4.826,1000
2020-08-04 09:33:37.410,4.826,8100
2020-08-04 09:33:37.800,4.826,115500
2020-08-04 09:33:37.840,4.826,100
2020-08-04 09:33:38.190,4.826,22100
2020-08-04 09:33:38.190,4.826,1600
2020-08-04 09:33:38.190,4.826,100
2020-08-04 09:33:38.190,4.826,1100
2020-08-04 09:33:38.190,4.827,5700
2020-08-04 09:33:38.190,4.827,1000
2020-08-04 09:33:38.190,4.827,300
2020-08-04 09:33:38.190,4.827,6000
2020-08-04 09:33:38.190,4.827,100
2020-08-04 09:33:38.190,4.827,2000
2020-08-04 09:33:38.190,4.827,15000
2020-08-04 09:33:38.190,4.827,20000
2020-08-04 09:33:38.190,4.827,4000
2020-08-04 09:33:38.190,4.827,10000
2020-08-04 09:33:38.190,4.827,10600
2020-08-04 09:33:38.190,4.827,300
2020-08-04 09:33:38.190,4.828,19400
2020-08-04 09:33:38.190,4.828,3100
2020-08-04 09:33:38.190,4.828,2600
2020-08-04 09:33:38.190,4.828,500
2020-08-04 09:33:38.190,4.828,100
2020-08-04 09:33:38.190,4.828,90000
2020-08-04 09:33:38.190,4.828,5000
2020-08-04 09:33:38.190,4.828,2000
2020-08-04 09:33:38.190,4.829,1000
2020-08-04 09:33:38.190,4.829,76400
2020-08-04 09:33:38.500,4.825,2200
2020-08-04 09:33:39.450,4.829,100000
2020-08-04 09:33:40.000,4.827,3000
2020-08-04 09:33:41.340,4.827,100
2020-08-04 09:33:41.710,4.827,6400
2020-08-04 09:33:41.920,4.827,2000
2020-08-04 09:33:41.980,4.827,500
2020-08-04 09:33:42.150,4.827,800
2020-08-04 09:33:42.210,4.827,200
2020-08-04 09:33:42.330,4.827,1000
2020-08-04 09:33:42.810,4.827,2600
2020-08-04 09:33:43.020,4.827,2400
2020-08-04 09:33:43.050,4.83,3500
2020-08-04 09:33:43.830,4.827,20400
2020-08-04 09:33:44.500,4.827,6000
2020-08-04 09:33:45.060,4.827,400
2020-08-04 09:33:45.950,4.829,18000
2020-08-04 09:33:45.950,4.827,7400
2020-08-04 09:33:48.220,4.827,2000
2020-08-04 09:33:48.600,4.828,10000
2020-08-04 09:33:49.400,4.828,2400
2020-08-04 09:33:49.400,4.829,2700
2020-08-04 09:33:50.430,4.827,20000
2020-08-04 09:33:50.680,4.829,2500
2020-08-04 09:33:50.800,4.827,1200
2020-08-04 09:33:50.800,4.827,100
2020-08-04 09:33:50.800,4.827,10000
2020-08-04 09:33:50.800,4.827,800
2020-08-04 09:33:50.800,4.827,1700
2020-08-04 09:33:50.800,4.827,500
2020-08-04 09:33:50.800,4.827,2200
2020-08-04 09:33:51.710,4.829,5000
2020-08-04 09:33:51.990,4.829,11700
2020-08-04 09:33:52.090,4.83,1000
2020-08-04 09:33:53.060,4.829,400
2020-08-04 09:33:53.250,4.83,5500
2020-08-04 09:33:53.250,4.83,4000
2020-08-04 09:33:53.250,4.83,500
2020-08-04 09:33:53.250,4.83,1000
2020-08-04 09:33:53.250,4.83,11000
2020-08-04 09:33:53.250,4.83,200
2020-08-04 09:33:53.250,4.83,15000
2020-08-04 09:33:53.250,4.83,1000
2020-08-04 09:33:53.250,4.83,1800
2020-08-04 09:33:53.680,4.829,2600
2020-08-04 09:33:53.890,4.83,1200
2020-08-04 09:33:53.890,4.83,1000
2020-08-04 09:33:53.890,4.83,10000
2020-08-04 09:33:53.890,4.83,300
2020-08-04 09:33:53.890,4.83,4100
2020-08-04 09:33:54.290,4.831,2000
2020-08-04 09:33:54.290,4.831,1000
2020-08-04 09:33:57.240,4.83,43400
2020-08-04 09:33:57.240,4.83,10000
2020-08-04 09:33:57.340,4.829,500
2020-08-04 09:33:57.590,4.829,84800
2020-08-04 09:33:57.590,4.829,12400
2020-08-04 09:33:57.990,4.829,500
2020-08-04 09:33:57.990,4.83,1500
2020-08-04 09:33:58.160,4.827,200
2020-08-04 09:34:00.310,4.829,200
2020-08-04 09:34:01.030,4.829,300
2020-08-04 09:34:01.030,4.829,4400
2020-08-04 09:34:01.030,4.829,400
2020-08-04 09:34:01.030,4.83,8500
2020-08-04 09:34:01.030,4.83,5000
2020-08-04 09:34:01.030,4.83,8400
2020-08-04 09:34:01.090,4.83,100
2020-08-04 09:34:02.660,4.829,200
2020-08-04 09:34:02.660,4.829,100
2020-08-04 09:34:02.790,4.829,500
2020-08-04 09:34:03.010,4.83,1500
2020-08-04 09:34:03.010,4.83,2100
2020-08-04 09:34:03.290,4.829,200
2020-08-04 09:34:03.710,4.83,2900
2020-08-04 09:34:03.710,4.83,200
2020-08-04 09:34:03.710,4.83,6900
2020-08-04 09:34:03.990,4.829,500
2020-08-04 09:34:04.360,4.829,100
2020-08-04 09:34:04.770,4.829,14400
2020-08-04 09:34:04.770,4.829,50000
2020-08-04 09:34:05.850,4.83,4600
2020-08-04 09:34:06.160,4.829,10000
2020-08-04 09:34:06.160,4.83,50000
2020-08-04 09:34:06.220,4.829,4000
2020-08-04 09:34:06.670,4.828,1000
2020-08-04 09:34:06.670,4.827,2000
2020-08-04 09:34:06.790,4.827,1600
2020-08-04 09:34:06.790,4.827,4400
2020-08-04 09:34:07.200,4.829,200
2020-08-04 09:34:08.360,4.829,5800
2020-08-04 09:34:08.360,4.83,10000
2020-08-04 09:34:08.360,4.83,1800
2020-08-04 09:34:08.360,4.83,2100
2020-08-04 09:34:08.360,4.83,80300
2020-08-04 09:34:08.420,4.83,400
2020-08-04 09:34:08.850,4.828,800
2020-08-04 09:34:08.850,4.827,600
2020-08-04 09:34:08.850,4.827,3600
2020-08-04 09:34:09.930,4.827,2700
2020-08-04 09:34:09.930,4.827,7300
2020-08-04 09:34:10.150,4.829,1500
2020-08-04 09:34:10.150,4.829,10000
2020-08-04 09:34:10.150,4.829,300
2020-08-04 09:34:10.150,4.83,19300
2020-08-04 09:34:10.150,4.83,2100
2020-08-04 09:34:10.150,4.83,9900
2020-08-04 09:34:10.150,4.83,1800
2020-08-04 09:34:10.150,4.83,20000
2020-08-04 09:34:10.150,4.83,500
2020-08-04 09:34:10.150,4.83,100
2020-08-04 09:34:10.150,4.83,800
2020-08-04 09:34:10.150,4.831,47700
2020-08-04 09:34:10.860,4.829,1000
2020-08-04 09:34:11.230,4.829,5000
2020-08-04 09:34:11.880,4.829,3400
2020-08-04 09:34:12.470,4.83,2000
2020-08-04 09:34:12.470,4.83,300
2020-08-04 09:34:12.470,4.83,1700
2020-08-04 09:34:12.560,4.83,300
2020-08-04 09:34:13.280,4.83,8000
2020-08-04 09:34:13.360,4.831,30000
2020-08-04 09:34:13.900,4.83,200
2020-08-04 09:34:14.620,4.83,2000
2020-08-04 09:34:14.940,4.829,600
2020-08-04 09:34:14.940,4.829,500
2020-08-04 09:34:14.940,4.829,1600
2020-08-04 09:34:15.440,4.829,3200
2020-08-04 09:34:15.880,4.83,17800
2020-08-04 09:34:15.880,4.83,2200
2020-08-04 09:34:16.270,4.83,7100
2020-08-04 09:34:16.910,4.83,10000
2020-08-04 09:34:18.360,4.83,1200
2020-08-04 09:34:18.360,4.83,800
2020-08-04 09:34:18.610,4.83,7200
2020-08-04 09:34:18.910,4.83,5200
2020-08-04 09:34:19.160,4.83,8000
2020-08-04 09:34:19.250,4.83,200
2020-08-04 09:34:19.700,4.829,1000
2020-08-04 09:34:20.510,4.83,10000
2020-08-04 09:34:21.130,4.829,4200
2020-08-04 09:34:21.130,4.829,2100
2020-08-04 09:34:21.130,4.829,2500
2020-08-04 09:34:21.130,4.829,18500
2020-08-04 09:34:21.130,4.829,2300
2020-08-04 09:34:21.130,4.829,400
2020-08-04 09:34:21.460,4.829,600
2020-08-04 09:34:21.490,4.829,9400
2020-08-04 09:34:21.860,4.83,900
2020-08-04 09:34:23.050,4.83,3500
2020-08-04 09:34:23.570,4.83,500
2020-08-04 09:34:23.990,4.83,5100
2020-08-04 09:34:24.080,4.829,200
2020-08-04 09:34:24.330,4.829,3300
2020-08-04 09:34:24.830,4.83,1800
2020-08-04 09:34:24.910,4.829,1400
2020-08-04 09:34:26.140,4.829,2700
2020-08-04 09:34:26.140,4.829,200
2020-08-04 09:34:27.240,4.829,500
2020-08-04 09:34:28.080,4.829,200
2020-08-04 09:34:28.210,4.829,1000
2020-08-04 09:34:28.460,4.829,200
2020-08-04 09:34:28.600,4.828,2500
2020-08-04 09:34:28.600,4.828,300
2020-08-04 09:34:28.600,4.828,2000
2020-08-04 09:34:28.600,4.828,100
2020-08-04 09:34:28.750,4.829,5500
2020-08-04 09:34:28.910,4.829,600
2020-08-04 09:34:29.130,4.829,4000
2020-08-04 09:34:29.630,4.829,600
2020-08-04 09:34:31.360,4.829,1600
2020-08-04 09:34:31.560,4.829,100
2020-08-04 09:34:33.240,4.829,5200
2020-08-04 09:34:33.550,4.829,1100
2020-08-04 09:34:34.760,4.828,100
2020-08-04 09:34:34.760,4.828,1900
2020-08-04 09:34:36.130,4.828,8100
2020-08-04 09:34:36.130,4.828,6000
2020-08-04 09:34:36.130,4.828,200
2020-08-04 09:34:36.750,4.828,2900
2020-08-04 09:34:36.750,4.828,2600
2020-08-04 09:34:36.940,4.827,2700
2020-08-04 09:34:36.940,4.827,200
2020-08-04 09:34:36.940,4.827,1000
2020-08-04 09:34:36.940,4.827,200
2020-08-04 09:34:36.940,4.827,209400
2020-08-04 09:34:36.940,4.827,102600
2020-08-04 09:34:36.940,4.827,3000
2020-08-04 09:34:37.420,4.827,32700
2020-08-04 09:34:37.510,4.827,5000
2020-08-04 09:34:38.280,4.828,500
2020-08-04 09:34:39.470,4.828,4200
2020-08-04 09:34:40.930,4.826,2000
2020-08-04 09:34:40.930,4.826,10000
2020-08-04 09:34:40.930,4.826,2000
2020-08-04 09:34:40.930,4.826,300
2020-08-04 09:34:40.930,4.826,1000
2020-08-04 09:34:40.930,4.826,100
2020-08-04 09:34:40.930,4.825,4600
2020-08-04 09:34:42.430,4.828,100
2020-08-04 09:34:42.740,4.825,81800
2020-08-04 09:34:42.740,4.825,8200
2020-08-04 09:34:43.090,4.827,3600
2020-08-04 09:34:43.990,4.827,20000
2020-08-04 09:34:44.170,4.826,10000
2020-08-04 09:34:44.860,4.826,500
2020-08-04 09:34:45.150,4.826,1000
2020-08-04 09:34:45.930,4.826,2000
2020-08-04 09:34:45.930,4.826,100
2020-08-04 09:34:46.060,4.826,1100
2020-08-04 09:34:46.370,4.826,600
2020-08-04 09:34:48.220,4.827,400
2020-08-04 09:34:48.650,4.827,186600
2020-08-04 09:34:48.930,4.827,89400
2020-08-04 09:34:48.930,4.827,90000
2020-08-04 09:34:49.650,4.827,120600
2020-08-04 09:34:49.650,4.826,179400
2020-08-04 09:34:50.310,4.827,4000
2020-08-04 09:34:51.800,4.826,1000
2020-08-04 09:34:51.800,4.828,20000
2020-08-04 09:34:51.800,4.828,2200
2020-08-04 09:34:51.800,4.828,1000
2020-08-04 09:34:51.800,4.828,2000
2020-08-04 09:34:51.800,4.828,1100
2020-08-04 09:34:51.800,4.828,3000
2020-08-04 09:34:51.800,4.828,800
2020-08-04 09:34:51.800,4.828,900
2020-08-04 09:34:51.800,4.828,1000
2020-08-04 09:34:51.800,4.828,200
2020-08-04 09:34:51.920,4.828,200
2020-08-04 09:34:51.950,4.828,13800
2020-08-04 09:34:52.350,4.828,6000
2020-08-04 09:34:52.700,4.828,1000
2020-08-04 09:34:53.170,4.828,1000
2020-08-04 09:34:53.410,4.828,2200
2020-08-04 09:34:53.690,4.825,800
2020-08-04 09:34:53.900,4.826,500
2020-08-04 09:34:53.900,4.827,300
2020-08-04 09:34:54.930,4.827,3200
2020-08-04 09:34:54.930,4.826,6800
2020-08-04 09:34:55.550,4.826,10000
2020-08-04 09:34:55.590,4.828,1500
2020-08-04 09:34:55.590,4.828,3100
2020-08-04 09:34:55.590,4.829,1500
2020-08-04 09:34:55.590,4.829,1000
2020-08-04 09:34:55.590,4.829,5000
2020-08-04 09:34:55.590,4.829,2000
2020-08-04 09:34:55.590,4.829,21200
2020-08-04 09:34:55.590,4.829,200
2020-08-04 09:34:55.590,4.829,14500
2020-08-04 09:34:57.930,4.827,600
2020-08-04 09:34:58.020,4.827,200
2020-08-04 09:34:58.020,4.827,2900
2020-08-04 09:34:58.090,4.828,17800
2020-08-04 09:34:58.180,4.828,20000
2020-08-04 09:34:58.210,4.828,2100
2020-08-04 09:34:59.300,4.828,100
2020-08-04 09:34:59.640,4.828,8100
2020-08-04 09:35:00.560,4.827,6900
2020-08-04 09:35:00.560,4.826,100
2020-08-04 09:35:00.560,4.825,13000
2020-08-04 09:35:01.320,4.827,100
2020-08-04 09:35:01.320,4.827,100
2020-08-04 09:35:01.570,4.827,3900
2020-08-04 09:35:01.910,4.828,1000
2020-08-04 09:35:02.620,4.828,1000
2020-08-04 09:35:03.130,4.828,3500
2020-08-04 09:35:03.410,4.828,1000
2020-08-04 09:35:04.340,4.828,4000
2020-08-04 09:35:06.160,4.827,2100
2020-08-04 09:35:06.230,4.828,500
2020-08-04 09:35:07.120,4.828,1000
2020-08-04 09:35:07.120,4.827,500
2020-08-04 09:35:07.180,4.828,200
2020-08-04 09:35:07.280,4.828,1000
2020-08-04 09:35:07.340,4.827,5000
2020-08-04 09:35:07.690,4.827,300
2020-08-04 09:35:08.380,4.828,10000
2020-08-04 09:35:08.500,4.828,100
2020-08-04 09:35:09.810,4.827,800
2020-08-04 09:35:10.720,4.828,400
2020-08-04 09:35:10.780,4.828,10000
2020-08-04 09:35:11.860,4.827,5000
2020-08-04 09:35:12.060,4.828,8200
2020-08-04 09:35:12.060,4.828,9800
2020-08-04 09:35:12.060,4.828,300
2020-08-04 09:35:12.060,4.828,2000
2020-08-04 09:35:12.060,4.828,100
2020-08-04 09:35:12.060,4.828,1500
2020-08-04 09:35:12.060,4.828,2900
2020-08-04 09:35:12.060,4.828,12700
2020-08-04 09:35:12.060,4.828,166500
2020-08-04 09:35:12.060,4.828,10000
2020-08-04 09:35:12.060,4.828,3000
2020-08-04 09:35:12.120,4.828,100
2020-08-04 09:35:12.190,4.828,1000
2020-08-04 09:35:12.220,4.828,2100
2020-08-04 09:35:12.610,4.829,500
2020-08-04 09:35:13.700,4.828,2000
2020-08-04 09:35:13.770,4.828,5000
2020-08-04 09:35:14.350,4.828,8000
2020-08-04 09:35:14.500,4.828,3500
2020-08-04 09:35:14.710,4.828,1000
2020-08-04 09:35:15.120,4.828,24500
2020-08-04 09:35:15.230,4.829,44000
2020-08-04 09:35:15.230,4.829,100
2020-08-04 09:35:15.230,4.829,10000
2020-08-04 09:35:15.230,4.829,1000
2020-08-04 09:35:15.230,4.829,5000
2020-08-04 09:35:15.230,4.829,30000
2020-08-04 09:35:15.230,4.829,200
2020-08-04 09:35:15.230,4.829,2300
2020-08-04 09:35:15.230,4.829,1000
2020-08-04 09:35:15.230,4.829,1000
2020-08-04 09:35:15.230,4.829,10000
2020-08-04 09:35:15.230,4.829,100
2020-08-04 09:35:15.230,4.829,2600
2020-08-04 09:35:15.230,4.83,8300
2020-08-04 09:35:15.230,4.83,5000
2020-08-04 09:35:15.230,4.83,1000
2020-08-04 09:35:15.230,4.83,400
2020-08-04 09:35:15.230,4.83,5000
2020-08-04 09:35:15.230,4.83,10000
2020-08-04 09:35:15.230,4.83,10000
2020-08-04 09:35:15.230,4.83,1200
2020-08-04 09:35:15.230,4.83,1000
2020-08-04 09:35:15.230,4.83,5700
2020-08-04 09:35:15.230,4.83,200
2020-08-04 09:35:15.230,4.83,1000
2020-08-04 09:35:15.230,4.83,5000
2020-08-04 09:35:15.230,4.83,700
2020-08-04 09:35:15.230,4.83,1000
2020-08-04 09:35:15.230,4.83,1700
2020-08-04 09:35:15.230,4.83,2800
2020-08-04 09:35:15.230,4.83,1000
2020-08-04 09:35:15.230,4.83,1000
2020-08-04 09:35:15.230,4.83,10000
2020-08-04 09:35:15.230,4.83,10000
2020-08-04 09:35:15.230,4.83,2500
2020-08-04 09:35:15.230,4.83,5000
2020-08-04 09:35:15.230,4.831,103200
2020-08-04 09:35:16.110,4.828,10000
2020-08-04 09:35:16.380,4.828,4100
2020-08-04 09:35:17.050,4.828,2000
2020-08-04 09:35:18.230,4.828,90000
2020-08-04 09:35:18.540,4.828,2000
2020-08-04 09:35:19.980,4.828,10000
2020-08-04 09:35:21.180,4.828,300
2020-08-04 09:35:21.970,4.829,100
2020-08-04 09:35:21.970,4.828,100
2020-08-04 09:35:22.130,4.829,2000
2020-08-04 09:35:22.540,4.829,100
2020-08-04 09:35:22.540,4.83,3000
2020-08-04 09:35:23.090,4.83,3600
2020-08-04 09:35:24.390,4.829,500
2020-08-04 09:35:26.310,4.83,3000
2020-08-04 09:35:26.750,4.829,7400
2020-08-04 09:35:26.750,4.829,1000
2020-08-04 09:35:26.750,4.828,1600
2020-08-04 09:35:27.290,4.83,500
2020-08-04 09:35:27.800,4.828,5800
2020-08-04 09:35:27.980,4.828,500
2020-08-04 09:35:29.060,4.829,200
2020-08-04 09:35:30.380,4.829,1700
2020-08-04 09:35:30.380,4.83,12200
2020-08-04 09:35:30.660,4.83,10600
2020-08-04 09:35:30.950,4.83,1700
2020-08-04 09:35:31.350,4.83,5000
2020-08-04 09:35:32.290,4.83,5000
2020-08-04 09:35:32.800,4.829,200
2020-08-04 09:35:32.800,4.829,500
2020-08-04 09:35:32.800,4.828,19300
2020-08-04 09:35:35.280,4.828,200
2020-08-04 09:35:36.100,4.829,400
2020-08-04 09:35:36.100,4.829,4300
2020-08-04 09:35:36.100,4.83,2700
2020-08-04 09:35:37.020,4.83,19200
2020-08-04 09:35:37.020,4.83,100
2020-08-04 09:35:37.020,4.83,1500
2020-08-04 09:35:37.020,4.83,300
2020-08-04 09:35:37.020,4.83,10000
2020-08-04 09:35:37.020,4.83,4000
2020-08-04 09:35:37.020,4.83,1000
2020-08-04 09:35:37.020,4.83,2000
2020-08-04 09:35:37.520,4.831,100
2020-08-04 09:35:39.870,4.83,1000
2020-08-04 09:35:39.870,4.83,10000
2020-08-04 09:35:39.870,4.831,173200
2020-08-04 09:35:39.870,4.831,200
2020-08-04 09:35:39.870,4.831,10000
2020-08-04 09:35:39.870,4.831,3000
2020-08-04 09:35:39.870,4.831,1000
2020-08-04 09:35:39.870,4.831,3000
2020-08-04 09:35:39.870,4.831,200
2020-08-04 09:35:39.870,4.831,4400
2020-08-04 09:35:39.870,4.831,2000
2020-08-04 09:35:39.870,4.831,92000
2020-08-04 09:35:39.870,4.829,100
2020-08-04 09:35:39.900,4.829,100
2020-08-04 09:35:40.730,4.83,100
2020-08-04 09:35:40.760,4.83,2000
2020-08-04 09:35:41.370,4.83,100
2020-08-04 09:35:41.560,4.831,3000
2020-08-04 09:35:41.960,4.831,15000
2020-08-04 09:35:41.960,4.831,1000
2020-08-04 09:35:42.660,4.831,4700
2020-08-04 09:35:42.880,4.832,5200
2020-08-04 09:35:42.880,4.832,100
2020-08-04 09:35:42.880,4.832,800
2020-08-04 09:35:42.880,4.832,2000
2020-08-04 09:35:42.880,4.832,4100
2020-08-04 09:35:42.880,4.832,300
2020-08-04 09:35:42.880,4.832,100
2020-08-04 09:35:42.880,4.832,1000
2020-08-04 09:35:42.880,4.832,1900
2020-08-04 09:35:42.880,4.832,500
2020-08-04 09:35:44.240,4.832,600
2020-08-04 09:35:44.660,4.832,600
2020-08-04 09:35:44.740,4.832,2000
2020-08-04 09:35:44.950,4.833,4400
2020-08-04 09:35:45.670,4.832,300
2020-08-04 09:35:45.670,4.832,6700
2020-08-04 09:35:45.730,4.832,1300
2020-08-04 09:35:46.290,4.833,34100
2020-08-04 09:35:46.290,4.833,30000
2020-08-04 09:35:46.290,4.833,1600
2020-08-04 09:35:46.290,4.833,1900
2020-08-04 09:35:46.290,4.833,10000
2020-08-04 09:35:46.290,4.833,3800
2020-08-04 09:35:46.290,4.833,100
2020-08-04 09:35:46.290,4.833,100
2020-08-04 09:35:46.290,4.833,4300
2020-08-04 09:35:46.320,4.834,24600
2020-08-04 09:35:46.320,4.834,1000
2020-08-04 09:35:46.320,4.834,200
2020-08-04 09:35:46.320,4.834,10000
2020-08-04 09:35:46.320,4.834,200
2020-08-04 09:35:46.320,4.834,43000
2020-08-04 09:35:46.770,4.833,1000
2020-08-04 09:35:47.400,4.834,800
2020-08-04 09:35:47.870,4.834,1200
2020-08-04 09:35:47.960,4.835,137000
2020-08-04 09:35:47.960,4.835,4900
2020-08-04 09:35:47.960,4.835,3000
2020-08-04 09:35:47.960,4.835,1000
2020-08-04 09:35:47.960,4.835,400
2020-08-04 09:35:47.960,4.835,200
2020-08-04 09:35:47.960,4.835,1000
2020-08-04 09:35:47.960,4.835,800
2020-08-04 09:35:47.960,4.835,500
2020-08-04 09:35:47.960,4.835,10000
2020-08-04 09:35:47.960,4.835,600
2020-08-04 09:35:47.960,4.835,1000
2020-08-04 09:35:47.960,4.835,1000
2020-08-04 09:35:47.960,4.835,400
2020-08-04 09:35:47.960,4.835,2300
2020-08-04 09:35:47.960,4.835,2000
2020-08-04 09:35:47.960,4.835,300
2020-08-04 09:35:47.960,4.835,600
2020-08-04 09:35:47.960,4.835,100
2020-08-04 09:35:47.960,4.836,90000
2020-08-04 09:35:47.960,4.836,1000
2020-08-04 09:35:47.960,4.836,1300
2020-08-04 09:35:47.960,4.836,1600
2020-08-04 09:35:47.960,4.836,1000
2020-08-04 09:35:47.960,4.836,1500
2020-08-04 09:35:47.960,4.836,1000
2020-08-04 09:35:47.960,4.836,3000
2020-08-04 09:35:47.960,4.836,32500
2020-08-04 09:35:47.960,4.834,100
2020-08-04 09:35:48.090,4.834,400
2020-08-04 09:35:48.820,4.834,100
2020-08-04 09:35:51.580,4.835,600
2020-08-04 09:35:53.240,4.835,10000
2020-08-04 09:35:53.540,4.835,600
2020-08-04 09:35:54.210,4.835,200
2020-08-04 09:35:54.750,4.837,1000
2020-08-04 09:35:55.070,4.837,2200
2020-08-04 09:35:55.070,4.837,3800
2020-08-04 09:35:56.450,4.837,8200
2020-08-04 09:35:56.450,4.837,3200
2020-08-04 09:35:56.450,4.837,43600
2020-08-04 09:35:56.600,4.836,200
2020-08-04 09:35:56.670,4.836,2800
2020-08-04 09:35:56.670,4.835,800
2020-08-04 09:35:56.860,4.837,200
2020-08-04 09:35:57.370,4.837,156200
2020-08-04 09:35:57.370,4.837,300
2020-08-04 09:35:57.490,4.838,1000
2020-08-04 09:35:57.490,4.838,20000
2020-08-04 09:35:57.490,4.838,500
2020-08-04 09:35:57.490,4.838,100
2020-08-04 09:35:57.490,4.838,3200
2020-08-04 09:35:57.490,4.838,500
2020-08-04 09:35:57.490,4.838,100
2020-08-04 09:35:57.490,4.838,800
2020-08-04 09:35:57.490,4.839,18400
2020-08-04 09:35:57.490,4.839,100000
2020-08-04 09:35:57.490,4.839,6000
2020-08-04 09:35:57.490,4.839,5000
2020-08-04 09:35:57.490,4.839,1200
2020-08-04 09:35:57.490,4.839,1800
2020-08-04 09:35:57.490,4.839,1600
2020-08-04 09:35:57.490,4.839,32400
2020-08-04 09:35:57.490,4.839,43900
2020-08-04 09:35:57.490,4.84,60000
2020-08-04 09:35:59.500,4.838,4100
2020-08-04 09:35:59.840,4.838,1000
2020-08-04 09:35:59.990,4.838,2000
2020-08-04 09:36:00.110,4.838,400
2020-08-04 09:36:01.610,4.84,2000
2020-08-04 09:36:01.610,4.84,8000
2020-08-04 09:36:02.060,4.838,500
2020-08-04 09:36:02.940,4.838,500
2020-08-04 09:36:03.090,4.84,2000
2020-08-04 09:36:03.090,4.84,1600
2020-08-04 09:36:03.120,4.838,300
2020-08-04 09:36:04.390,4.839,2600
2020-08-04 09:36:04.800,4.84,400
2020-08-04 09:36:04.800,4.84,500
2020-08-04 09:36:04.800,4.84,10000
2020-08-04 09:36:04.800,4.84,11000
2020-08-04 09:36:04.800,4.84,2800
2020-08-04 09:36:04.800,4.84,500
2020-08-04 09:36:04.800,4.84,1000
2020-08-04 09:36:04.800,4.84,10000
2020-08-04 09:36:04.800,4.84,7000
2020-08-04 09:36:04.800,4.84,4500
2020-08-04 09:36:04.800,4.84,100
2020-08-04 09:36:04.800,4.84,18600
2020-08-04 09:36:04.800,4.84,1000
2020-08-04 09:36:04.800,4.84,100
2020-08-04 09:36:04.800,4.84,2000
2020-08-04 09:36:04.800,4.84,30000
2020-08-04 09:36:04.800,4.84,10000
2020-08-04 09:36:04.800,4.84,4000
2020-08-04 09:36:04.800,4.84,600
2020-08-04 09:36:04.800,4.84,15000
2020-08-04 09:36:04.800,4.84,100
2020-08-04 09:36:04.800,4.84,7200
2020-08-04 09:36:04.800,4.84,1100
2020-08-04 09:36:04.800,4.84,2000
2020-08-04 09:36:04.800,4.84,1500
2020-08-04 09:36:06.110,4.84,1200
2020-08-04 09:36:06.430,4.841,5000
2020-08-04 09:36:06.430,4.841,10000
2020-08-04 09:36:06.430,4.841,2000
2020-08-04 09:36:06.430,4.841,100
2020-08-04 09:36:06.430,4.841,600
2020-08-04 09:36:06.430,4.841,8300
2020-08-04 09:36:06.430,4.841,11600
2020-08-04 09:36:06.750,4.841,7000
2020-08-04 09:36:07.430,4.842,10000
2020-08-04 09:36:07.430,4.842,700
2020-08-04 09:36:07.430,4.842,200000
2020-08-04 09:36:07.570,4.842,300
2020-08-04 09:36:07.670,4.842,10000
2020-08-04 09:36:08.610,4.842,2100
2020-08-04 09:36:09.010,4.842,1000
2020-08-04 09:36:09.530,4.842,6900
2020-08-04 09:36:09.590,4.843,200
2020-08-04 09:36:09.590,4.843,80000
2020-08-04 09:36:10.340,4.843,100
2020-08-04 09:36:10.780,4.843,5000
2020-08-04 09:36:11.310,4.842,1000
2020-08-04 09:36:11.570,4.843,5000
2020-08-04 09:36:11.910,4.843,300
2020-08-04 09:36:12.230,4.844,300
2020-08-04 09:36:12.230,4.844,100
2020-08-04 09:36:12.230,4.844,5000
2020-08-04 09:36:12.230,4.844,1200
2020-08-04 09:36:12.230,4.844,600
2020-08-04 09:36:12.230,4.844,10000
2020-08-04 09:36:12.920,4.844,20000
2020-08-04 09:36:13.300,4.844,300
2020-08-04 09:36:13.370,4.844,2000
2020-08-04 09:36:13.430,4.844,500
2020-08-04 09:36:14.100,4.844,100
2020-08-04 09:36:14.270,4.845,7200
2020-08-04 09:36:14.960,4.844,400
2020-08-04 09:36:15.250,4.844,7000
2020-08-04 09:36:15.630,4.844,4100
2020-08-04 09:36:16.940,4.844,1000
2020-08-04 09:36:17.160,4.845,10000
2020-08-04 09:36:17.380,4.844,1000
2020-08-04 09:36:17.890,4.844,1800
2020-08-04 09:36:17.980,4.844,1000
2020-08-04 09:36:18.090,4.845,100
2020-08-04 09:36:18.270,4.844,100
2020-08-04 09:36:18.780,4.844,200
2020-08-04 09:36:19.000,4.845,2300
2020-08-04 09:36:19.160,4.845,400
2020-08-04 09:36:19.260,4.845,10000
2020-08-04 09:36:19.260,4.845,1000
2020-08-04 09:36:19.260,4.845,300
2020-08-04 09:36:19.540,4.845,4500
2020-08-04 09:36:19.580,4.844,4800
2020-08-04 09:36:19.770,4.844,5200
2020-08-04 09:36:20.210,4.844,10000
2020-08-04 09:36:20.750,4.844,11000
2020-08-04 09:36:21.050,4.845,500
2020-08-04 09:36:21.050,4.845,200
2020-08-04 09:36:21.050,4.845,300
2020-08-04 09:36:21.080,4.844,50000
2020-08-04 09:36:21.080,4.844,10000
2020-08-04 09:36:21.150,4.844,900
2020-08-04 09:36:21.350,4.844,200
2020-08-04 09:36:21.440,4.845,4100
2020-08-04 09:36:21.500,4.845,12000
2020-08-04 09:36:21.570,4.844,5000
2020-08-04 09:36:21.730,4.845,33900
2020-08-04 09:36:21.730,4.845,300
2020-08-04 09:36:21.730,4.845,100000
2020-08-04 09:36:21.730,4.845,2000
2020-08-04 09:36:21.730,4.845,2000
2020-08-04 09:36:21.730,4.845,200
2020-08-04 09:36:21.730,4.845,5000
2020-08-04 09:36:21.730,4.845,200
2020-08-04 09:36:21.730,4.845,1000
2020-08-04 09:36:21.730,4.845,4000
2020-08-04 09:36:21.730,4.845,1400
2020-08-04 09:36:21.730,4.845,1000
2020-08-04 09:36:21.730,4.845,2800
2020-08-04 09:36:21.730,4.845,500
2020-08-04 09:36:21.730,4.845,500
2020-08-04 09:36:21.730,4.845,600
2020-08-04 09:36:21.730,4.845,5000
2020-08-04 09:36:21.730,4.845,400
2020-08-04 09:36:21.730,4.845,400
2020-08-04 09:36:21.730,4.845,5000
2020-08-04 09:36:21.950,4.846,4000
2020-08-04 09:36:21.950,4.846,1000
2020-08-04 09:36:22.400,4.845,2000
2020-08-04 09:36:22.590,4.845,7000
2020-08-04 09:36:22.930,4.845,1200
2020-08-04 09:36:23.120,4.846,3500
2020-08-04 09:36:23.780,4.845,500
2020-08-04 09:36:24.160,4.845,500
2020-08-04 09:36:24.190,4.845,300
2020-08-04 09:36:24.260,4.846,10000
2020-08-04 09:36:24.440,4.845,30000
2020-08-04 09:36:24.690,4.845,200
2020-08-04 09:36:25.080,4.845,100
2020-08-04 09:36:25.300,4.846,400
2020-08-04 09:36:25.370,4.845,100
2020-08-04 09:36:25.650,4.846,2400
2020-08-04 09:36:26.350,4.845,3000
2020-08-04 09:36:26.350,4.845,2000
2020-08-04 09:36:26.830,4.846,5200
2020-08-04 09:36:27.600,4.845,300
2020-08-04 09:36:27.620,4.846,2500
2020-08-04 09:36:27.620,4.846,5000
2020-08-04 09:36:27.620,4.846,13800
2020-08-04 09:36:27.690,4.846,6200
2020-08-04 09:36:27.690,4.846,100
2020-08-04 09:36:27.690,4.846,300
2020-08-04 09:36:27.690,4.846,20000
2020-08-04 09:36:27.690,4.846,500
2020-08-04 09:36:27.690,4.846,100
2020-08-04 09:36:27.690,4.846,3100
2020-08-04 09:36:27.690,4.846,100
2020-08-04 09:36:27.820,4.846,1000
2020-08-04 09:36:28.160,4.846,300
2020-08-04 09:36:28.160,4.846,1000
2020-08-04 09:36:28.720,4.846,1000
2020-08-04 09:36:28.720,4.846,1000
2020-08-04 09:36:28.780,4.846,4300
2020-08-04 09:36:29.380,4.846,300
2020-08-04 09:36:29.910,4.846,1000
2020-08-04 09:36:29.910,4.846,1000
2020-08-04 09:36:30.160,4.846,700
2020-08-04 09:36:31.110,4.846,17500
2020-08-04 09:36:31.820,4.846,400
2020-08-04 09:36:32.010,4.846,600
2020-08-04 09:36:32.550,4.846,6300
2020-08-04 09:36:32.760,4.847,100
2020-08-04 09:36:32.910,4.846,2000
2020-08-04 09:36:33.550,4.846,1000
2020-08-04 09:36:33.550,4.846,4500
2020-08-04 09:36:33.880,4.846,600
2020-08-04 09:36:33.920,4.846,1000
2020-08-04 09:36:34.530,4.846,1000
2020-08-04 09:36:35.660,4.847,3500
2020-08-04 09:36:35.660,4.847,19900
2020-08-04 09:36:35.660,4.847,5000
2020-08-04 09:36:35.660,4.847,6600
2020-08-04 09:36:35.660,4.847,600
2020-08-04 09:36:35.660,4.847,3000
2020-08-04 09:36:35.660,4.847,3000
2020-08-04 09:36:35.660,4.847,5000
2020-08-04 09:36:35.660,4.847,5000
2020-08-04 09:36:35.660,4.847,1000
2020-08-04 09:36:35.660,4.847,100
2020-08-04 09:36:35.660,4.847,5000
2020-08-04 09:36:36.030,4.847,7000
2020-08-04 09:36:36.060,4.847,11400
2020-08-04 09:36:36.060,4.846,219900
2020-08-04 09:36:36.170,4.846,400
2020-08-04 09:36:36.340,4.846,600
2020-08-04 09:36:36.410,4.846,1400
2020-08-04 09:36:36.410,4.846,600
2020-08-04 09:36:36.440,4.848,5000
2020-08-04 09:36:36.440,4.848,10000
2020-08-04 09:36:36.440,4.848,10000
2020-08-04 09:36:36.440,4.848,8000
2020-08-04 09:36:36.440,4.848,1000
2020-08-04 09:36:36.440,4.848,100
2020-08-04 09:36:36.440,4.848,3000
2020-08-04 09:36:36.440,4.848,1000
2020-08-04 09:36:36.440,4.848,20000
2020-08-04 09:36:36.440,4.848,4200
2020-08-04 09:36:37.090,4.846,1000
2020-08-04 09:36:37.380,4.846,100
2020-08-04 09:36:38.160,4.847,100
2020-08-04 09:36:38.290,4.847,1500
2020-08-04 09:36:38.870,4.846,1300
2020-08-04 09:36:38.870,4.846,8700
2020-08-04 09:36:38.870,4.846,4300
2020-08-04 09:36:39.110,4.847,8400
2020-08-04 09:36:39.110,4.847,30000
2020-08-04 09:36:39.110,4.847,24700
2020-08-04 09:36:39.370,4.846,8000
2020-08-04 09:36:39.370,4.846,3600
2020-08-04 09:36:39.370,4.846,20600
2020-08-04 09:36:39.370,4.846,1000
2020-08-04 09:36:39.370,4.846,6600
2020-08-04 09:36:39.490,4.847,2000
2020-08-04 09:36:40.590,4.846,5000
2020-08-04 09:36:40.840,4.845,500
2020-08-04 09:36:41.370,4.845,2000
2020-08-04 09:36:41.390,4.846,500
2020-08-04 09:36:41.610,4.846,300
2020-08-04 09:36:41.670,4.846,100
2020-08-04 09:36:41.930,4.845,3900
2020-08-04 09:36:41.960,4.846,1000
2020-08-04 09:36:42.020,4.845,1000
2020-08-04 09:36:42.190,4.846,200
2020-08-04 09:36:42.360,4.846,1000
2020-08-04 09:36:42.570,4.846,4100
2020-08-04 09:36:42.880,4.846,100
2020-08-04 09:36:42.940,4.845,600
2020-08-04 09:36:43.070,4.846,3500
2020-08-04 09:36:43.220,4.846,6100
2020-08-04 09:36:43.480,4.845,1000
2020-08-04 09:36:43.800,4.845,1500
2020-08-04 09:36:43.890,4.845,1000
2020-08-04 09:36:44.010,4.846,1000
2020-08-04 09:36:44.200,4.845,8500
2020-08-04 09:36:44.200,4.845,900
2020-08-04 09:36:44.200,4.845,100
2020-08-04 09:36:44.200,4.845,2000
2020-08-04 09:36:44.200,4.845,2000
2020-08-04 09:36:44.200,4.845,18300
2020-08-04 09:36:44.200,4.845,11500
2020-08-04 09:36:44.200,4.845,100
2020-08-04 09:36:44.200,4.845,100
2020-08-04 09:36:44.200,4.845,2000
2020-08-04 09:36:44.270,4.846,77100
2020-08-04 09:36:44.270,4.846,100
2020-08-04 09:36:44.270,4.846,1000
2020-08-04 09:36:44.270,4.846,10000
2020-08-04 09:36:44.270,4.846,1000
2020-08-04 09:36:44.270,4.846,10000
2020-08-04 09:36:44.270,4.846,1500
2020-08-04 09:36:44.270,4.846,1300
2020-08-04 09:36:44.770,4.846,600
2020-08-04 09:36:45.140,4.846,3000
2020-08-04 09:36:45.550,4.846,100800
2020-08-04 09:36:45.640,4.846,200
2020-08-04 09:36:45.730,4.846,10000
2020-08-04 09:36:45.830,4.846,1000
2020-08-04 09:36:46.110,4.846,400
2020-08-04 09:36:47.280,4.846,1000
2020-08-04 09:36:47.380,4.846,10000
2020-08-04 09:36:48.520,4.846,5000
2020-08-04 09:36:48.810,4.846,3000
2020-08-04 09:36:48.930,4.847,1200
2020-08-04 09:36:48.990,4.846,4500
2020-08-04 09:36:49.180,4.846,100000
2020-08-04 09:36:49.310,4.846,1000
2020-08-04 09:36:49.400,4.847,35500
2020-08-04 09:36:49.900,4.846,800
2020-08-04 09:36:50.200,4.846,100
2020-08-04 09:36:50.490,4.847,10000
2020-08-04 09:36:50.520,4.846,1800
2020-08-04 09:36:50.970,4.846,5000
2020-08-04 09:36:51.030,4.846,4500
2020-08-04 09:36:51.790,4.846,17000
2020-08-04 09:36:52.160,4.846,45600
2020-08-04 09:36:52.160,4.846,2000
2020-08-04 09:36:52.640,4.845,11000
2020-08-04 09:36:52.700,4.846,4500
2020-08-04 09:36:53.060,4.847,9900
2020-08-04 09:36:53.260,4.847,500
2020-08-04 09:36:53.320,4.846,200
2020-08-04 09:36:53.640,4.847,16200
2020-08-04 09:36:53.640,4.847,400
2020-08-04 09:36:53.640,4.847,1900
2020-08-04 09:36:53.640,4.847,10000
2020-08-04 09:36:53.640,4.847,71500
2020-08-04 09:36:53.670,4.846,5000
2020-08-04 09:36:53.730,4.847,500
2020-08-04 09:36:54.080,4.846,19400
2020-08-04 09:36:54.080,4.846,500
2020-08-04 09:36:54.080,4.846,5000
2020-08-04 09:36:54.140,4.847,1000
2020-08-04 09:36:54.230,4.845,2500
2020-08-04 09:36:54.230,4.844,100
2020-08-04 09:36:54.230,4.844,1900
2020-08-04 09:36:55.040,4.846,8500
2020-08-04 09:36:55.040,4.846,1800
2020-08-04 09:36:55.280,4.846,3000
2020-08-04 09:36:55.750,4.844,100
2020-08-04 09:36:55.910,4.845,300
2020-08-04 09:36:56.730,4.845,3000
2020-08-04 09:36:58.230,4.845,6000
2020-08-04 09:36:58.370,4.845,400
2020-08-04 09:36:58.720,4.845,600
2020-08-04 09:36:59.100,4.845,300
2020-08-04 09:37:00.090,4.844,100
2020-08-04 09:37:00.910,4.844,2100
2020-08-04 09:37:01.130,4.844,200
2020-08-04 09:37:02.660,4.843,2000
2020-08-04 09:37:03.040,4.843,3000
2020-08-04 09:37:03.040,4.844,600
2020-08-04 09:37:03.570,4.843,300
2020-08-04 09:37:04.000,4.843,4100
2020-08-04 09:37:04.850,4.842,500
2020-08-04 09:37:05.760,4.842,5000
2020-08-04 09:37:06.130,4.842,9500
2020-08-04 09:37:06.700,4.843,1700
2020-08-04 09:37:06.700,4.843,3900
2020-08-04 09:37:06.700,4.843,56900
2020-08-04 09:37:06.700,4.843,5000
2020-08-04 09:37:07.250,4.843,10000
2020-08-04 09:37:07.250,4.844,7000
2020-08-04 09:37:07.860,4.844,1000
2020-08-04 09:37:07.860,4.845,189400
2020-08-04 09:37:07.860,4.845,20000
2020-08-04 09:37:07.860,4.845,6000
2020-08-04 09:37:07.860,4.845,300
2020-08-04 09:37:07.860,4.845,400
2020-08-04 09:37:07.860,4.845,2100
2020-08-04 09:37:07.860,4.845,10600
2020-08-04 09:37:07.860,4.845,49000
2020-08-04 09:37:08.100,4.845,1000
2020-08-04 09:37:08.480,4.845,900
2020-08-04 09:37:08.550,4.846,5200
2020-08-04 09:37:08.550,4.846,18000
2020-08-04 09:37:08.550,4.846,5000
2020-08-04 09:37:08.550,4.846,100
2020-08-04 09:37:08.550,4.846,400
2020-08-04 09:37:08.550,4.846,2600
2020-08-04 09:37:08.550,4.846,100
2020-08-04 09:37:08.550,4.846,300
2020-08-04 09:37:08.550,4.846,100
2020-08-04 09:37:08.550,4.846,8200
2020-08-04 09:37:08.550,4.845,400
2020-08-04 09:37:08.940,4.846,3800
2020-08-04 09:37:08.940,4.846,500
2020-08-04 09:37:08.940,4.846,1000
2020-08-04 09:37:08.940,4.846,1000
2020-08-04 09:37:09.970,4.846,11600
2020-08-04 09:37:10.070,4.846,1300
2020-08-04 09:37:10.420,4.846,10000
2020-08-04 09:37:10.420,4.846,6100
2020-08-04 09:37:10.850,4.846,5000
2020-08-04 09:37:11.210,4.846,500
2020-08-04 09:37:11.210,4.846,3000
2020-08-04 09:37:11.210,4.846,18300
2020-08-04 09:37:11.700,4.846,6000
2020-08-04 09:37:11.760,4.846,2500
2020-08-04 09:37:12.430,4.845,3000
2020-08-04 09:37:13.440,4.846,3000
2020-08-04 09:37:13.660,4.846,100
2020-08-04 09:37:13.660,4.846,10000
2020-08-04 09:37:13.660,4.846,100
2020-08-04 09:37:13.660,4.845,39800
2020-08-04 09:37:13.850,4.845,2000
2020-08-04 09:37:13.980,4.845,4000
2020-08-04 09:37:14.320,4.845,55000
2020-08-04 09:37:15.350,4.846,300
2020-08-04 09:37:15.540,4.846,200
2020-08-04 09:37:15.660,4.846,600
2020-08-04 09:37:15.750,4.846,4500
2020-08-04 09:37:15.750,4.846,200
2020-08-04 09:37:15.780,4.846,21100
2020-08-04 09:37:15.940,4.847,10300
2020-08-04 09:37:16.300,4.846,1000
2020-08-04 09:37:16.390,4.847,100
2020-08-04 09:37:17.060,4.846,21400
2020-08-04 09:37:17.150,4.846,5000
2020-08-04 09:37:17.230,4.846,5000
2020-08-04 09:37:17.470,4.846,4500
2020-08-04 09:37:17.990,4.846,3400
2020-08-04 09:37:17.990,4.847,7200
2020-08-04 09:37:18.400,4.846,400
2020-08-04 09:37:18.520,4.847,1000
2020-08-04 09:37:18.520,4.847,8400
2020-08-04 09:37:18.520,4.847,10000
2020-08-04 09:37:18.520,4.847,1000
2020-08-04 09:37:18.520,4.847,10000
2020-08-04 09:37:18.520,4.847,5000
2020-08-04 09:37:18.520,4.847,400
2020-08-04 09:37:18.520,4.847,1500
2020-08-04 09:37:18.520,4.847,3000
2020-08-04 09:37:18.520,4.847,100
2020-08-04 09:37:18.520,4.847,2000
2020-08-04 09:37:18.520,4.847,4900
2020-08-04 09:37:18.750,4.846,3000
2020-08-04 09:37:18.990,4.846,100000
2020-08-04 09:37:19.020,4.846,1000
2020-08-04 09:37:19.110,4.847,4200
2020-08-04 09:37:19.140,4.846,2400
2020-08-04 09:37:19.200,4.846,100
2020-08-04 09:37:20.050,4.846,2100
2020-08-04 09:37:20.050,4.846,4500
2020-08-04 09:37:22.190,4.846,1000
2020-08-04 09:37:22.350,4.846,1000
2020-08-04 09:37:22.960,4.846,500
2020-08-04 09:37:22.990,4.846,20900
2020-08-04 09:37:22.990,4.846,10000
2020-08-04 09:37:22.990,4.846,1000
2020-08-04 09:37:22.990,4.846,5000
2020-08-04 09:37:22.990,4.846,5000
2020-08-04 09:37:22.990,4.847,8100
2020-08-04 09:37:23.080,4.847,2800
2020-08-04 09:37:23.080,4.847,700
2020-08-04 09:37:23.880,4.847,1300
2020-08-04 09:37:23.880,4.847,1700
2020-08-04 09:37:23.880,4.847,3300
2020-08-04 09:37:23.880,4.847,100
2020-08-04 09:37:23.880,4.847,4700
2020-08-04 09:37:23.880,4.847,17000
2020-08-04 09:37:23.880,4.847,100
2020-08-04 09:37:23.880,4.847,500
2020-08-04 09:37:24.030,4.847,5000
2020-08-04 09:37:24.060,4.847,2000
2020-08-04 09:37:24.190,4.847,3500
2020-08-04 09:37:24.220,4.847,1000
2020-08-04 09:37:24.870,4.848,9000
2020-08-04 09:37:25.030,4.847,2000
2020-08-04 09:37:25.640,4.848,30000
2020-08-04 09:37:25.700,4.847,1500
2020-08-04 09:37:25.890,4.847,11400
2020-08-04 09:37:25.980,4.847,3900
2020-08-04 09:37:26.880,4.847,2300
2020-08-04 09:37:26.970,4.847,10000
2020-08-04 09:37:27.690,4.847,1300
2020-08-04 09:37:27.760,4.847,5000
2020-08-04 09:37:28.100,4.847,4900
2020-08-04 09:37:28.340,4.847,10000
2020-08-04 09:37:28.370,4.847,10500
2020-08-04 09:37:29.000,4.846,1000
2020-08-04 09:37:29.320,4.846,2300
2020-08-04 09:37:29.320,4.846,2000
2020-08-04 09:37:29.320,4.846,1000
2020-08-04 09:37:29.320,4.846,100
2020-08-04 09:37:29.320,4.846,300
2020-08-04 09:37:29.320,4.846,2000
2020-08-04 09:37:29.320,4.845,1500
2020-08-04 09:37:29.320,4.845,11100
2020-08-04 09:37:30.330,4.847,300
2020-08-04 09:37:31.790,4.846,1500
2020-08-04 09:37:31.790,4.847,1200
2020-08-04 09:37:31.790,4.847,5300
2020-08-04 09:37:33.070,4.846,100
2020-08-04 09:37:33.250,4.847,50000
2020-08-04 09:37:33.810,4.847,7200
2020-08-04 09:37:34.340,4.846,4600
2020-08-04 09:37:34.720,4.847,20000
2020-08-04 09:37:35.190,4.846,1200
2020-08-04 09:37:35.250,4.846,73500
2020-08-04 09:37:35.740,4.846,100
2020-08-04 09:37:37.150,4.845,200
2020-08-04 09:37:38.220,4.845,300
2020-08-04 09:37:38.340,4.846,16400
2020-08-04 09:37:38.340,4.846,5000
2020-08-04 09:37:38.340,4.846,2000
2020-08-04 09:37:38.340,4.846,200
2020-08-04 09:37:38.340,4.846,10000
2020-08-04 09:37:38.340,4.846,10000
2020-08-04 09:37:38.700,4.847,100
2020-08-04 09:37:38.950,4.846,1000
2020-08-04 09:37:39.070,4.846,5400
2020-08-04 09:37:39.370,4.846,14600
2020-08-04 09:37:40.220,4.846,10000
2020-08-04 09:37:41.190,4.846,10000
2020-08-04 09:37:42.440,4.846,1200
2020-08-04 09:37:42.440,4.846,500
2020-08-04 09:37:42.440,4.846,1500
2020-08-04 09:37:42.930,4.846,2600
2020-08-04 09:37:42.930,4.846,400
2020-08-04 09:37:42.930,4.845,52000
2020-08-04 09:37:43.110,4.847,3600
2020-08-04 09:37:43.200,4.846,100
2020-08-04 09:37:43.880,4.846,900
2020-08-04 09:37:43.880,4.846,2100
2020-08-04 09:37:44.340,4.845,5000
2020-08-04 09:37:44.870,4.846,500
2020-08-04 09:37:45.080,4.845,10400
2020-08-04 09:37:45.570,4.846,6400
2020-08-04 09:37:47.100,4.846,2000
2020-08-04 09:37:47.430,4.845,31100
2020-08-04 09:37:47.430,4.845,200
2020-08-04 09:37:47.430,4.845,100
2020-08-04 09:37:47.430,4.845,17600
2020-08-04 09:37:47.580,4.846,300
2020-08-04 09:37:47.670,4.846,20000
2020-08-04 09:37:47.930,4.845,400
2020-08-04 09:37:48.020,4.845,21500
2020-08-04 09:37:48.680,4.846,20500
2020-08-04 09:37:48.840,4.845,100
2020-08-04 09:37:48.870,4.846,3500
2020-08-04 09:37:49.480,4.845,5000
2020-08-04 09:37:49.760,4.845,5400
2020-08-04 09:37:49.760,4.845,50000
2020-08-04 09:37:49.760,4.845,500
2020-08-04 09:37:51.520,4.844,3000
2020-08-04 09:37:51.520,4.843,3500
2020-08-04 09:37:51.640,4.845,20000
2020-08-04 09:37:52.170,4.844,400
2020-08-04 09:37:52.320,4.844,3000
2020-08-04 09:37:52.410,4.844,2100
2020-08-04 09:37:52.500,4.844,500
2020-08-04 09:37:52.940,4.844,4000
2020-08-04 09:37:53.770,4.845,200
2020-08-04 09:37:54.030,4.844,9900
2020-08-04 09:37:54.380,4.845,3000
2020-08-04 09:37:55.870,4.844,5000
2020-08-04 09:37:56.300,4.844,9100
2020-08-04 09:37:58.880,4.843,2000
2020-08-04 09:37:59.050,4.845,1000
2020-08-04 09:37:59.830,4.845,2000
2020-08-04 09:37:59.860,4.843,500
2020-08-04 09:38:00.150,4.844,1500
2020-08-04 09:38:00.150,4.845,4100
2020-08-04 09:38:00.310,4.843,1200
2020-08-04 09:38:00.340,4.843,10000
2020-08-04 09:38:00.520,4.845,500
2020-08-04 09:38:01.120,4.844,1100
2020-08-04 09:38:01.590,4.844,1000
2020-08-04 09:38:02.150,4.845,6000
2020-08-04 09:38:02.440,4.845,60000
2020-08-04 09:38:03.070,4.845,3500
2020-08-04 09:38:03.440,4.844,5000
2020-08-04 09:38:05.140,4.844,1900
2020-08-04 09:38:06.150,4.845,8500
2020-08-04 09:38:06.500,4.844,20900
2020-08-04 09:38:06.810,4.844,5000
2020-08-04 09:38:07.200,4.844,500
2020-08-04 09:38:07.200,4.844,9500
2020-08-04 09:38:08.110,4.845,100
2020-08-04 09:38:08.380,4.844,4000
2020-08-04 09:38:08.900,4.844,300
2020-08-04 09:38:09.330,4.844,50000
2020-08-04 09:38:09.430,4.844,36200
2020-08-04 09:38:09.430,4.844,400
2020-08-04 09:38:09.430,4.844,10000
2020-08-04 09:38:09.430,4.844,200
2020-08-04 09:38:09.430,4.844,3000
2020-08-04 09:38:11.530,4.844,300
2020-08-04 09:38:11.920,4.843,32800
