ExChangeId,ChannelNo,SeqNo,SecurityID,Trade2_Order1,TradeDate,UpdateTime,Price,Volume,TrdMoney,OrdSide,OrdType,TrdBSFlag,TrdBuyNo,TrdSellNo
1,1,13181,510360,2,20200804,92500230,1.596000,1000,1596.000000,-,-,N,44152,230803
1,1,13182,510360,2,20200804,92500230,1.596000,100,159.600000,-,-,N,96394,230803
1,1,13183,510360,2,20200804,92500230,1.596000,100,159.600000,-,-,N,96397,230803
1,1,13184,510360,2,20200804,92500230,1.596000,300,478.800000,-,-,N,99401,230803
1,1,13185,510360,2,20200804,92500230,1.596000,200,319.200000,-,-,N,110016,230803
1,1,37046,510360,2,20200804,93000740,1.596000,500,798.000000,-,-,B,243749,230803
1,1,50581,510360,2,20200804,93003430,1.596000,800,1276.800000,-,-,B,279657,230803
1,1,53493,510360,2,20200804,93004000,1.596000,500,798.000000,-,-,B,287765,230803
1,1,69864,510360,2,20200804,93007710,1.596000,4500,7182.000000,-,-,B,332608,230803
1,1,123309,510360,2,20200804,93042970,1.597000,1900,3034.300000,-,-,B,431278,424513
1,1,134659,510360,2,20200804,93052710,1.597000,2600,4152.200000,-,-,S,444568,447255
1,1,160297,510360,2,20200804,93112740,1.597000,3000,4791.000000,-,-,S,444568,483468
1,1,177824,510360,2,20200804,93126350,1.600000,1600,2560.000000,-,-,B,510117,455359
1,1,179284,510360,2,20200804,93127440,1.600000,500,800.000000,-,-,S,510117,512475
1,1,193916,510360,2,20200804,93140110,1.600000,900,1440.000000,-,-,S,510117,535813
1,1,197109,510360,2,20200804,93142640,1.600000,1000,1600.000000,-,-,B,540695,535813
1,1,198653,510360,2,20200804,93144180,1.597000,32100,51263.700000,-,-,S,444568,543168
1,1,199265,510360,2,20200804,93144550,1.597000,32100,51263.700000,-,-,S,444568,544258
1,1,202238,510360,2,20200804,93147360,1.597000,30200,48229.400000,-,-,S,444568,549266
1,1,300478,510360,2,20200804,93316600,1.596000,2000,3192.000000,-,-,B,706302,629632
1,1,354841,510360,2,20200804,93412020,1.594000,900,1434.600000,-,-,S,733849,800829
1,1,371882,510360,2,20200804,93431890,1.597000,1100,1756.700000,-,-,B,830380,549266
1,1,379646,510360,2,20200804,93440270,1.597000,1000,1597.000000,-,-,S,830380,843378
1,1,383290,510360,2,20200804,93444610,1.597000,2900,4631.300000,-,-,S,830380,849898
1,1,388533,510360,2,20200804,93450420,1.598000,2000,3196.000000,-,-,B,858649,743880
1,1,400623,510360,2,20200804,93505410,1.594000,100,159.400000,-,-,S,733849,880100
1,1,400624,510360,2,20200804,93505410,1.594000,300,478.200000,-,-,S,752732,880100
1,1,407367,510360,2,20200804,93512340,1.598000,1000,1598.000000,-,-,B,890954,743880
1,1,437295,510360,2,20200804,93544760,1.598000,2000,3196.000000,-,-,B,940482,915799
1,1,446709,510360,2,20200804,93554730,1.598000,3000,4794.000000,-,-,B,955792,915799
1,1,446841,510360,2,20200804,93554920,1.598000,300,479.400000,-,-,B,956037,915799
1,1,449584,510360,2,20200804,93557940,1.598000,4700,7510.600000,-,-,B,961004,915799
1,1,470275,510360,2,20200804,93618560,1.600000,32000,51200.000000,-,-,B,995273,535813
1,1,470276,510360,2,20200804,93618560,1.600000,24200,38720.000000,-,-,B,995273,758166
1,1,485960,510360,2,20200804,93635620,1.601000,100,160.100000,-,-,B,1022826,256792
1,1,486273,510360,2,20200804,93636010,1.601000,100,160.100000,-,-,B,1023381,256792
1,1,486772,510360,2,20200804,93636400,1.601000,100,160.100000,-,-,B,1023946,256792
1,1,532859,510360,2,20200804,93728040,1.601000,200,320.200000,-,-,B,1100389,256792
1,1,532988,510360,2,20200804,93728230,1.601000,200,320.200000,-,-,B,1100646,256792
1,1,534420,510360,2,20200804,93729870,1.601000,5000,8005.000000,-,-,B,1103031,256792
1,1,537383,510360,2,20200804,93733430,1.600000,20000,32000.000000,-,-,S,995273,1108014
1,1,556323,510360,2,20200804,93756780,1.601000,4300,6884.300000,-,-,B,1139324,256792
1,1,556324,510360,2,20200804,93756780,1.601000,5700,9125.700000,-,-,B,1139324,770170
1,1,581277,510360,2,20200804,93828680,1.600000,1900,3040.000000,-,-,S,995705,1180832
1,1,586850,510360,2,20200804,93836180,1.600000,3100,4960.000000,-,-,S,995705,1190449
1,1,614717,510360,2,20200804,93913100,1.599000,1000,1599.000000,-,-,B,1236456,1210447
1,1,616450,510360,2,20200804,93915100,1.599000,1800,2878.200000,-,-,B,1238921,1210447
1,1,617760,510360,2,20200804,93917010,1.599000,1900,3038.100000,-,-,B,1241042,1210447
1,1,619194,510360,2,20200804,93918830,1.599000,1800,2878.200000,-,-,B,1243363,1210447
1,1,715486,510360,2,20200804,94120540,1.599000,100,159.900000,-,-,B,1392803,1210447
1,1,721835,510360,2,20200804,94128520,1.599000,2000,3198.000000,-,-,B,1402080,1210447
1,1,723699,510360,2,20200804,94130980,1.598000,300,479.400000,-,-,S,961004,1405159
1,1,723700,510360,2,20200804,94130980,1.598000,1000,1598.000000,-,-,S,1039606,1405159
1,1,758059,510360,2,20200804,94216400,1.596000,2000,3192.000000,-,-,S,1346147,1458158
1,1,809735,510360,2,20200804,94316550,1.593000,100,159.300000,-,-,S,755909,1532592
1,1,809736,510360,2,20200804,94316550,1.593000,200,318.600000,-,-,S,1481215,1532592
1,1,814309,510360,2,20200804,94322260,1.593000,1000,1593.000000,-,-,B,1539680,1532592
1,1,814837,510360,2,20200804,94323100,1.593000,1000,1593.000000,-,-,B,1540654,1532592
1,1,815890,510360,2,20200804,94324330,1.593000,900,1433.700000,-,-,B,1542368,1532592
1,1,816527,510360,2,20200804,94325080,1.592000,500,796.000000,-,-,S,658682,1543255
1,1,816618,510360,2,20200804,94325180,1.593000,900,1433.700000,-,-,B,1543383,1532592
1,1,817246,510360,2,20200804,94326050,1.593000,600,955.800000,-,-,B,1544440,1532592
1,1,817953,510360,2,20200804,94326790,1.593000,600,955.800000,-,-,B,1545397,1532592
1,1,818488,510360,2,20200804,94327480,1.593000,600,955.800000,-,-,B,1546277,1532592
1,1,819469,510360,2,20200804,94328990,1.593000,100,159.300000,-,-,B,1547948,1532592
1,1,820044,510360,2,20200804,94329670,1.593000,100,159.300000,-,-,B,1548917,1532592
1,1,824417,510360,2,20200804,94335790,1.593000,300,477.900000,-,-,B,1556734,1532592
1,1,826837,510360,2,20200804,94339000,1.593000,1200,1911.600000,-,-,B,1560555,1532592
1,1,827322,510360,2,20200804,94339950,1.593000,1300,2070.900000,-,-,B,1561546,1532592
1,1,895796,510360,2,20200804,94523970,1.593000,10000,15930.000000,-,-,S,1618587,1674381
1,1,902873,510360,2,20200804,94533810,1.593000,500,796.500000,-,-,S,1618587,1685696
1,1,909539,510360,2,20200804,94542630,1.593000,5000,7965.000000,-,-,S,1618587,1695805
1,1,946288,510360,2,20200804,94626960,1.595000,5000,7975.000000,-,-,B,1750141,1678958
1,1,946533,510360,2,20200804,94627360,1.593000,4500,7168.500000,-,-,S,1618587,1750549
1,1,946534,510360,2,20200804,94627360,1.593000,500,796.500000,-,-,S,1746998,1750549
1,1,954699,510360,2,20200804,94638610,1.593000,2400,3823.200000,-,-,B,1763963,1750549
1,1,955669,510360,2,20200804,94640250,1.593000,2700,4301.100000,-,-,B,1765720,1750549
1,1,955860,510360,2,20200804,94640580,1.593000,2100,3345.300000,-,-,B,1766006,1750549
1,1,956790,510360,2,20200804,94642010,1.593000,2200,3504.600000,-,-,B,1767762,1750549
1,1,956816,510360,2,20200804,94642100,1.593000,2700,4301.100000,-,-,B,1767833,1750549
1,1,957684,510360,2,20200804,94643690,1.593000,2100,3345.300000,-,-,B,1769514,1750549
1,1,957791,510360,2,20200804,94643810,1.593000,1600,2548.800000,-,-,B,1769646,1750549
1,1,958847,510360,2,20200804,94645370,1.593000,2200,3504.600000,-,-,B,1771655,1750549
1,1,958848,510360,2,20200804,94645370,1.593000,1500,2389.500000,-,-,B,1771656,1750549
1,1,959678,510360,2,20200804,94646750,1.593000,1100,1752.300000,-,-,B,1773157,1750549
1,1,972805,510360,2,20200804,94709940,1.593000,4400,7009.200000,-,-,B,1797959,1750549
1,1,1013346,510360,2,20200804,94828340,1.594000,5000,7970.000000,-,-,S,1856389,1871506
1,1,1029957,510360,2,20200804,94902940,1.593000,2000,3186.000000,-,-,S,1797959,1900867
1,1,1052659,510360,2,20200804,94950970,1.594000,400,637.600000,-,-,S,1928693,1939333
1,1,1102425,510360,2,20200804,95124780,1.596000,100,159.600000,-,-,S,2014984,2019389
1,1,1115121,510360,2,20200804,95147900,1.597000,800,1277.600000,-,-,B,2040251,1842301
1,1,1115122,510360,2,20200804,95147900,1.597000,4300,6867.100000,-,-,B,2040251,1919689
1,1,1130119,510360,2,20200804,95218710,1.598000,800,1278.400000,-,-,B,2065592,2051053
1,1,1155719,510360,2,20200804,95311560,1.598000,600,958.800000,-,-,B,2106189,2051053
1,1,1155787,510360,2,20200804,95311750,1.598000,4900,7830.200000,-,-,B,2106331,2051053
1,1,1155788,510360,2,20200804,95311750,1.598000,100,159.800000,-,-,B,2106331,2105748
1,1,1169317,510360,2,20200804,95335830,1.598000,900,1438.200000,-,-,B,2125974,2105748
1,1,1177836,510360,2,20200804,95354580,1.599000,100,159.900000,-,-,B,2139905,1210447
1,1,1188853,510360,2,20200804,95416510,1.599000,1500,2398.500000,-,-,B,2156223,1210447
1,1,1198702,510360,2,20200804,95436260,1.598000,18100,28923.800000,-,-,S,2125974,2171496
1,1,1198703,510360,2,20200804,95436260,1.597000,14900,23795.300000,-,-,S,2040251,2171496
1,1,1198704,510360,2,20200804,95436260,1.597000,200000,319400.000000,-,-,S,2165353,2171496
1,1,1198705,510360,2,20200804,95436260,1.596000,20000,31920.000000,-,-,S,2065953,2171496
1,1,1198706,510360,2,20200804,95436260,1.596000,200000,319200.000000,-,-,S,2072898,2171496
1,1,1198914,510360,2,20200804,95436760,1.596000,200000,319200.000000,-,-,B,2171814,2171496
1,1,1199102,510360,2,20200804,95437350,1.596000,200000,319200.000000,-,-,B,2172199,2171496
1,1,1199290,510360,2,20200804,95437790,1.596000,47000,75012.000000,-,-,B,2172517,2171496
1,1,1200521,510360,2,20200804,95440300,1.597000,200000,319400.000000,-,-,B,2174305,2173637
1,1,1200629,510360,2,20200804,95440650,1.597000,200000,319400.000000,-,-,B,2174503,2173637
1,1,1200938,510360,2,20200804,95441290,1.597000,200000,319400.000000,-,-,B,2174996,2173637
1,1,1201196,510360,2,20200804,95441770,1.597000,200000,319400.000000,-,-,B,2175373,2173637
1,1,1201412,510360,2,20200804,95442290,1.597000,100000,159700.000000,-,-,B,2175818,2173637
1,1,1246747,510360,2,20200804,95608740,1.598000,5300,8469.400000,-,-,S,2215897,2243361
1,1,1365648,510360,2,20200804,100015510,1.596000,900,1436.400000,-,-,B,2429737,2405638
1,1,1370728,510360,2,20200804,100026700,1.595000,100,159.500000,-,-,S,2161815,2438417
1,1,1425129,510360,2,20200804,100234620,1.596000,11000,17556.000000,-,-,S,2480447,2530221
1,1,1428280,510360,2,20200804,100241300,1.596000,16800,26812.800000,-,-,S,2480447,2534934
1,1,1433715,510360,2,20200804,100255360,1.597000,1000,1597.000000,-,-,B,2543679,2517070
1,1,1459459,510360,2,20200804,100334710,1.597000,300,479.100000,-,-,S,2543679,2576638
1,1,1461495,510360,2,20200804,100337200,1.597000,1200,1916.400000,-,-,S,2543679,2579014
1,1,1461690,510360,2,20200804,100337530,1.597000,2500,3992.500000,-,-,S,2543679,2579275
1,1,1496572,510360,2,20200804,100441300,1.595000,500,797.500000,-,-,S,2161815,2626486
1,1,1512473,510360,2,20200804,100511160,1.594000,1000,1594.000000,-,-,S,1977580,2648244
1,1,1512474,510360,2,20200804,100511160,1.594000,3000,4782.000000,-,-,S,2037089,2648244
1,1,1512475,510360,2,20200804,100511160,1.594000,10000,15940.000000,-,-,S,2538148,2648244
1,1,1576541,510360,2,20200804,100735420,1.593000,100,159.300000,-,-,S,1873519,2748647
1,1,1584395,510360,2,20200804,100757480,1.594000,5000,7970.000000,-,-,B,2762682,2666287
1,1,1585768,510360,2,20200804,100801240,1.593000,1900,3026.700000,-,-,S,1873519,2765080
1,1,1585769,510360,2,20200804,100801240,1.593000,400,637.200000,-,-,S,1913324,2765080
1,1,1585770,510360,2,20200804,100801240,1.593000,200,318.600000,-,-,S,1924565,2765080
1,1,1585771,510360,2,20200804,100801240,1.593000,10000,15930.000000,-,-,S,2206856,2765080
1,1,1585772,510360,2,20200804,100801240,1.593000,600,955.800000,-,-,S,2641150,2765080
1,1,1585773,510360,2,20200804,100801240,1.593000,36900,58781.700000,-,-,S,2748272,2765080
1,1,1600949,510360,2,20200804,100843870,1.594000,45000,71730.000000,-,-,B,2790513,2666287
1,1,1633061,510360,2,20200804,101017950,1.593000,1800,2867.400000,-,-,S,2748272,2845455
1,1,1646547,510360,2,20200804,101054970,1.594000,100,159.400000,-,-,B,2866681,2834139
1,1,1656165,510360,2,20200804,101123310,1.593000,3300,5256.900000,-,-,S,2748272,2882245
1,1,1675860,510360,2,20200804,101219040,1.594000,1000,1594.000000,-,-,B,2913550,2843019
1,1,1682638,510360,2,20200804,101234030,1.595000,200000,319000.000000,-,-,B,2924077,2891808
1,1,1682834,510360,2,20200804,101234510,1.595000,200000,319000.000000,-,-,B,2924347,2891808
1,1,1682974,510360,2,20200804,101235110,1.595000,167400,267003.000000,-,-,B,2924641,2891808
1,1,1682975,510360,2,20200804,101235110,1.595000,32600,51997.000000,-,-,B,2924641,2907935
1,1,1682981,510360,2,20200804,101235140,1.595000,100,159.500000,-,-,B,2924662,2907935
1,1,1683129,510360,2,20200804,101235530,1.595000,200000,319000.000000,-,-,B,2924888,2907935
1,1,1683629,510360,2,20200804,101237050,1.595000,200000,319000.000000,-,-,B,2925762,2907935
1,1,1683763,510360,2,20200804,101237410,1.595000,89100,142114.500000,-,-,B,2925957,2907935
1,1,1692424,510360,2,20200804,101257590,1.596000,5200,8299.200000,-,-,B,2937292,2929143
1,1,1692446,510360,2,20200804,101257660,1.595000,100,159.500000,-,-,S,2925957,2937321
1,1,1696729,510360,2,20200804,101310090,1.596000,200000,319200.000000,-,-,B,2944370,2929143
1,1,1696977,510360,2,20200804,101310990,1.596000,200000,319200.000000,-,-,B,2944812,2929143
1,1,1697531,510360,2,20200804,101312080,1.596000,114900,183380.400000,-,-,B,2945544,2929143
1,1,1715543,510360,2,20200804,101408050,1.596000,200000,319200.000000,-,-,S,2964172,2976607
1,1,1729680,510360,2,20200804,101448450,1.597000,25000,39925.000000,-,-,B,2999048,2993438
1,1,1737680,510360,2,20200804,101511900,1.597000,5200,8304.400000,-,-,S,2999048,3011811
1,1,1754682,510360,2,20200804,101559400,1.594000,2600,4144.400000,-,-,S,2998382,3038313
1,1,1765239,510360,2,20200804,101631340,1.593000,100,159.300000,-,-,S,2836238,3054557
1,1,1765240,510360,2,20200804,101631340,1.593000,900,1433.700000,-,-,S,2928550,3054557
1,1,1768926,510360,2,20200804,101641940,1.595000,600,957.000000,-,-,B,3059951,3059922
1,1,1805323,510360,2,20200804,101840480,1.593000,900,1433.700000,-,-,S,2928550,3119148
1,1,1820612,510360,2,20200804,101925400,1.595000,1000,1595.000000,-,-,B,3141099,3079170
1,1,1852706,510360,2,20200804,102037370,1.593000,100,159.300000,-,-,S,2928550,3182736
1,1,1855152,510360,2,20200804,102041840,1.593000,8100,12903.300000,-,-,S,2928550,3185575
1,1,1855153,510360,2,20200804,102041840,1.593000,10000,15930.000000,-,-,S,3106088,3185575
1,1,1868842,510360,2,20200804,102111480,1.592000,6300,10029.600000,-,-,S,2050849,3203478
1,1,1868843,510360,2,20200804,102111480,1.592000,500,796.000000,-,-,S,3059561,3203478
1,1,1868844,510360,2,20200804,102111480,1.592000,100,159.200000,-,-,S,3069447,3203478
1,1,1891215,510360,2,20200804,102158940,1.590000,10000,15900.000000,-,-,S,2019524,3233396
1,1,1891216,510360,2,20200804,102158940,1.590000,100,159.000000,-,-,S,2539975,3233396
1,1,1891217,510360,2,20200804,102158940,1.590000,100,159.000000,-,-,S,3193640,3233396
1,1,1891977,510360,2,20200804,102200920,1.590000,2700,4293.000000,-,-,B,3234648,3233396
1,1,1892175,510360,2,20200804,102201350,1.590000,1900,3021.000000,-,-,B,3234912,3233396
1,1,1892919,510360,2,20200804,102202630,1.590000,8700,13833.000000,-,-,B,3235731,3233396
1,1,1892955,510360,2,20200804,102202790,1.590000,6800,10812.000000,-,-,B,3235845,3233396
1,1,1893634,510360,2,20200804,102204020,1.590000,300,477.000000,-,-,B,3236670,3233396
1,1,1893713,510360,2,20200804,102204250,1.590000,55400,88086.000000,-,-,B,3236814,3233396
1,1,1893755,510360,2,20200804,102204350,1.591000,8800,14000.800000,-,-,B,3236874,3222701
1,1,1893887,510360,2,20200804,102204530,1.591000,6800,10818.800000,-,-,B,3236974,3222701
1,1,1896920,510360,2,20200804,102210370,1.589000,500,794.500000,-,-,S,816787,3240915
1,1,1896921,510360,2,20200804,102210370,1.589000,300,476.700000,-,-,S,3177822,3240915
1,1,1904735,510360,2,20200804,102227550,1.591000,5000,7955.000000,-,-,B,3252056,3222701
1,1,1921034,510360,2,20200804,102306290,1.589000,600,953.400000,-,-,S,3177822,3275513
1,1,1949788,510360,2,20200804,102420630,1.591000,100,159.100000,-,-,B,3320081,3297308
1,1,1950865,510360,2,20200804,102423260,1.591000,800,1272.800000,-,-,B,3321678,3297308
1,1,1956392,510360,2,20200804,102440040,1.590000,100,159.000000,-,-,S,3329913,3331498
1,1,1959020,510360,2,20200804,102447250,1.591000,13700,21796.700000,-,-,B,3335992,3315053
1,1,1960099,510360,2,20200804,102450340,1.591000,13700,21796.700000,-,-,B,3337851,3315053
1,1,1960726,510360,2,20200804,102451950,1.591000,10600,16864.600000,-,-,B,3338819,3315053
1,1,1965690,510360,2,20200804,102505440,1.591000,200000,318200.000000,-,-,B,3346935,3315053
1,1,1965899,510360,2,20200804,102506040,1.591000,200000,318200.000000,-,-,B,3347290,3315053
1,1,1966022,510360,2,20200804,102506450,1.591000,10100,16069.100000,-,-,B,3347509,3315053
1,1,1966023,510360,2,20200804,102506450,1.591000,189900,302130.900000,-,-,B,3347509,3333154
1,1,1966323,510360,2,20200804,102507390,1.591000,200000,318200.000000,-,-,B,3348036,3333154
1,1,1966426,510360,2,20200804,102507680,1.591000,110300,175487.300000,-,-,B,3348211,3333154
1,1,1979723,510360,2,20200804,102546140,1.592000,200,318.400000,-,-,B,3369493,3242588
1,1,1985366,510360,2,20200804,102602590,1.592000,300,477.600000,-,-,B,3377990,3242588
1,1,1995846,510360,2,20200804,102638900,1.592000,300,477.600000,-,-,B,3396534,3242588
1,1,2000715,510360,2,20200804,102655850,1.592000,200,318.400000,-,-,B,3404980,3242588
1,1,2004938,510360,2,20200804,102711370,1.593000,100,159.300000,-,-,B,3412212,3398405
1,1,2015603,510360,2,20200804,102752400,1.593000,100,159.300000,-,-,B,3430568,3412706
1,1,2018619,510360,2,20200804,102802820,1.592000,100,159.200000,-,-,S,3404980,3435365
1,1,2045315,510360,2,20200804,102935700,1.592000,100,159.200000,-,-,B,3477639,3435365
1,1,2045316,510360,2,20200804,102935700,1.592000,1400,2228.800000,-,-,B,3477639,3439973
1,1,2056498,510360,2,20200804,103013650,1.592000,2800,4457.600000,-,-,B,3495889,3439973
1,1,2062549,510360,2,20200804,103030960,1.592000,200,318.400000,-,-,S,3498200,3505668
1,1,2068616,510360,2,20200804,103048570,1.593000,10000,15930.000000,-,-,B,3515533,3431260
1,1,2068617,510360,2,20200804,103048570,1.593000,33000,52569.000000,-,-,B,3515533,3434239
1,1,2068618,510360,2,20200804,103048570,1.593000,22100,35205.300000,-,-,B,3515533,3496167
1,1,2100794,510360,2,20200804,103226720,1.592000,20000,31840.000000,-,-,S,3498200,3567522
1,1,2112008,510360,2,20200804,103303710,1.592000,3400,5412.800000,-,-,S,3498200,3584852
1,1,2118686,510360,2,20200804,103331310,1.592000,1000,1592.000000,-,-,S,3498200,3596169
1,1,2135025,510360,2,20200804,103431490,1.593000,2500,3982.500000,-,-,S,3615525,3621764
1,1,2150362,510360,2,20200804,103528480,1.595000,1000,1595.000000,-,-,B,3646342,3079170
1,1,2180522,510360,2,20200804,103716680,1.592000,100,159.200000,-,-,S,3519217,3694124
1,1,2181914,510360,2,20200804,103723120,1.595000,2000,3190.000000,-,-,B,3696793,3079170
1,1,2190881,510360,2,20200804,103757580,1.595000,1300,2073.500000,-,-,B,3710154,3079170
1,1,2192081,510360,2,20200804,103801380,1.595000,500,797.500000,-,-,B,3711616,3079170
1,1,2209249,510360,2,20200804,103910110,1.594000,50000,79700.000000,-,-,B,3737549,3727438
1,1,2234929,510360,2,20200804,104040110,1.594000,200000,318800.000000,-,-,B,3776110,3763347
1,1,2235060,510360,2,20200804,104040580,1.594000,102400,163225.600000,-,-,B,3776305,3763347
1,1,2240001,510360,2,20200804,104055760,1.594000,55300,88148.200000,-,-,S,3776305,3783280
1,1,2240883,510360,2,20200804,104058760,1.594000,1000,1594.000000,-,-,S,3776305,3784670
1,1,2255168,510360,2,20200804,104140070,1.595000,15600,24882.000000,-,-,B,3804720,3079170
1,1,2335973,510360,2,20200804,104554430,1.598000,5000,7990.000000,-,-,B,3932132,2292514
1,1,2337237,510360,2,20200804,104600170,1.595000,11800,18821.000000,-,-,S,3810413,3934490
1,1,2342122,510360,2,20200804,104617230,1.598000,5000,7990.000000,-,-,B,3942241,2292514
1,1,2342123,510360,2,20200804,104617230,1.598000,3000,4794.000000,-,-,B,3942241,2924041
1,1,2342124,510360,2,20200804,104617230,1.598000,2000,3196.000000,-,-,B,3942241,3303253
1,1,2351530,510360,2,20200804,104655930,1.595000,10000,15950.000000,-,-,S,3958064,3958357
1,1,2360388,510360,2,20200804,104735190,1.595000,2200,3509.000000,-,-,B,3973480,3972025
1,1,2415014,510360,2,20200804,105106320,1.598000,5200,8309.600000,-,-,B,4056124,3303253
1,1,2415015,510360,2,20200804,105106320,1.598000,32600,52094.800000,-,-,B,4056124,3927413
1,1,2429534,510360,2,20200804,105145250,1.599000,4800,7675.200000,-,-,B,4074205,1210447
1,1,2429535,510360,2,20200804,105145250,1.599000,6000,9594.000000,-,-,B,4074205,2688104
1,1,2439670,510360,2,20200804,105210510,1.599000,100,159.900000,-,-,S,4076140,4087239
1,1,2455305,510360,2,20200804,105253300,1.600000,300,480.000000,-,-,B,4110706,1279524
1,1,2456188,510360,2,20200804,105256390,1.600000,8000,12800.000000,-,-,B,4112229,1279524
1,1,2469543,510360,2,20200804,105336380,1.600000,1700,2720.000000,-,-,B,4131611,1279524
1,1,2469544,510360,2,20200804,105336380,1.600000,50000,80000.000000,-,-,B,4131611,2331998
1,1,2469545,510360,2,20200804,105336380,1.600000,100,160.000000,-,-,B,4131611,2974652
1,1,2469546,510360,2,20200804,105336380,1.600000,1100,1760.000000,-,-,B,4131611,3114039
1,1,2469547,510360,2,20200804,105336380,1.600000,4300,6880.000000,-,-,B,4131611,3361287
1,1,2469548,510360,2,20200804,105336380,1.600000,1000,1600.000000,-,-,B,4131611,3376702
1,1,2469549,510360,2,20200804,105336380,1.600000,1000,1600.000000,-,-,B,4131611,3788332
1,1,2476975,510360,2,20200804,105356460,1.600000,100,160.000000,-,-,S,4131611,4141592
1,1,2482805,510360,2,20200804,105412400,1.601000,11300,18091.300000,-,-,B,4149997,770170
1,1,2482806,510360,2,20200804,105412400,1.601000,500,800.500000,-,-,B,4149997,1113346
1,1,2482807,510360,2,20200804,105412400,1.601000,1000,1601.000000,-,-,B,4149997,1451928
1,1,2482808,510360,2,20200804,105412400,1.601000,1500,2401.500000,-,-,B,4149997,3261992
1,1,2503649,510360,2,20200804,105517260,1.602000,5500,8811.000000,-,-,B,4183246,1028025
1,1,2503650,510360,2,20200804,105517260,1.602000,2000,3204.000000,-,-,B,4183246,3985528
1,1,2505617,510360,2,20200804,105523680,1.602000,20300,32520.600000,-,-,S,4183246,4186373
1,1,2546951,510360,2,20200804,105701620,1.605000,500,802.500000,-,-,B,4239174,359638
1,1,2546952,510360,2,20200804,105701620,1.605000,5700,9148.500000,-,-,B,4239174,521654
1,1,2553396,510360,2,20200804,105714620,1.605000,13300,21346.500000,-,-,B,4248225,521654
1,1,2553397,510360,2,20200804,105714620,1.605000,3000,4815.000000,-,-,B,4248225,568828
1,1,2553398,510360,2,20200804,105714620,1.605000,18800,30174.000000,-,-,B,4248225,1455798
1,1,2553399,510360,2,20200804,105714620,1.605000,1200,1926.000000,-,-,B,4248225,2397831
1,1,2553400,510360,2,20200804,105714620,1.605000,900,1444.500000,-,-,B,4248225,4200116
1,1,2553401,510360,2,20200804,105714620,1.605000,24900,39964.500000,-,-,B,4248225,4227932
1,1,2558167,510360,2,20200804,105723880,1.605000,300,481.500000,-,-,S,4248225,4255232
1,1,2558366,510360,2,20200804,105724160,1.605000,1500,2407.500000,-,-,S,4248225,4255572
1,1,2561996,510360,2,20200804,105732430,1.606000,200,321.200000,-,-,B,4261325,33564
1,1,2561997,510360,2,20200804,105732430,1.606000,1500,2409.000000,-,-,B,4261325,1103692
1,1,2561998,510360,2,20200804,105732430,1.606000,2500,4015.000000,-,-,B,4261325,1577605
1,1,2561999,510360,2,20200804,105732430,1.606000,6000,9636.000000,-,-,B,4261325,2740129
1,1,2562021,510360,2,20200804,105732460,1.606000,13000,20878.000000,-,-,S,4261325,4261361
1,1,2562255,510360,2,20200804,105732900,1.606000,2600,4175.600000,-,-,S,4261325,4261763
1,1,2577987,510360,2,20200804,105818610,1.602000,2200,3524.400000,-,-,S,4183246,4288738
1,1,2577988,510360,2,20200804,105818610,1.602000,8400,13456.800000,-,-,S,4251782,4288738
1,1,2588163,510360,2,20200804,105851470,1.602000,400,640.800000,-,-,S,4251782,4305242
1,1,2598653,510360,2,20200804,105927440,1.602000,32000,51264.000000,-,-,S,4321863,4322734
1,1,2613204,510360,2,20200804,110006360,1.603000,30000,48090.000000,-,-,S,4336145,4342512
1,1,2619705,510360,2,20200804,110020580,1.604000,100,160.400000,-,-,S,4346267,4351307
1,1,2634670,510360,2,20200804,110051960,1.606000,700,1124.200000,-,-,B,4371483,4293133
1,1,2636086,510360,2,20200804,110054580,1.607000,1900,3053.300000,-,-,B,4373057,4369681
1,1,2636908,510360,2,20200804,110056780,1.606000,100,160.600000,-,-,S,4373563,4374418
1,1,2648346,510360,2,20200804,110117710,1.606000,10000,16060.000000,-,-,S,4373563,4387954
1,1,2658177,510360,2,20200804,110133070,1.607000,5000,8035.000000,-,-,B,4400446,4369681
1,1,2674196,510360,2,20200804,110157470,1.603000,100,160.300000,-,-,S,4404519,4421527
1,1,2678987,510360,2,20200804,110207270,1.603000,300,480.900000,-,-,S,4425836,4428666
1,1,2681482,510360,2,20200804,110212470,1.603000,1900,3045.700000,-,-,B,4432354,4429050
1,1,2722505,510360,2,20200804,110400980,1.602000,1900,3043.800000,-,-,S,4422370,4498378
1,1,2723079,510360,2,20200804,110402860,1.602000,100,160.200000,-,-,S,4422370,4499337
1,1,2730448,510360,2,20200804,110425680,1.602000,1800,2883.600000,-,-,B,4511224,4499337
1,1,2730449,510360,2,20200804,110425680,1.602000,800,1281.600000,-,-,B,4511224,4503862
1,1,2731616,510360,2,20200804,110429340,1.602000,1900,3043.800000,-,-,S,4511224,4512967
1,1,2732174,510360,2,20200804,110431130,1.602000,1900,3043.800000,-,-,S,4511224,4513903
1,1,2762119,510360,2,20200804,110608180,1.601000,200,320.200000,-,-,S,4555312,4561433
1,1,2762120,510360,2,20200804,110608180,1.600000,100,160.000000,-,-,S,4165198,4561433
1,1,2770263,510360,2,20200804,110635310,1.600000,200,320.000000,-,-,S,4165198,4574210
1,1,2776241,510360,2,20200804,110655500,1.600000,5700,9120.000000,-,-,S,4165198,4583579
1,1,2776242,510360,2,20200804,110655500,1.600000,2000,3200.000000,-,-,S,4450156,4583579
1,1,2776243,510360,2,20200804,110655500,1.600000,42300,67680.000000,-,-,S,4582681,4583579
1,1,2838863,510360,2,20200804,111018940,1.599000,1300,2078.700000,-,-,B,4678019,4658201
1,1,2855114,510360,2,20200804,111115590,1.599000,15200,24304.800000,-,-,B,4703674,4686734
1,1,2879931,510360,2,20200804,111239240,1.598000,200,319.600000,-,-,S,4561646,4741043
1,1,2912310,510360,2,20200804,111428450,1.595000,200,319.000000,-,-,S,4563431,4787045
1,1,2912311,510360,2,20200804,111428450,1.595000,2900,4625.500000,-,-,S,4721080,4787045
1,1,2935363,510360,2,20200804,111537370,1.595000,1000,1595.000000,-,-,S,4759568,4817442
1,1,2949334,510360,2,20200804,111606980,1.593000,800,1274.400000,-,-,S,3906585,4832799
1,1,2961782,510360,2,20200804,111637190,1.593000,2300,3663.900000,-,-,S,3906585,4847950
1,1,2994920,510360,2,20200804,111802680,1.592000,200,318.400000,-,-,S,3519217,4892184
1,1,2994921,510360,2,20200804,111802680,1.592000,200,318.400000,-,-,S,4565388,4892184
1,1,3008190,510360,2,20200804,111835570,1.591000,10000,15910.000000,-,-,S,3436215,4909317
1,1,3008191,510360,2,20200804,111835570,1.590000,10600,16854.000000,-,-,S,3423567,4909317
1,1,3008192,510360,2,20200804,111835570,1.590000,100,159.000000,-,-,S,4659545,4909317
1,1,3014434,510360,2,20200804,111855630,1.589000,300,476.700000,-,-,S,3316648,4919028
1,1,3014494,510360,2,20200804,111855640,1.590000,100,159.000000,-,-,B,4919053,4909317
1,1,3017356,510360,2,20200804,111904400,1.590000,1500,2385.000000,-,-,B,4923570,4909317
1,1,3027788,510360,2,20200804,111937090,1.591000,200000,318200.000000,-,-,B,4941350,4910255
1,1,3027870,510360,2,20200804,111937430,1.591000,200000,318200.000000,-,-,B,4941509,4910255
1,1,3028086,510360,2,20200804,111938140,1.591000,80700,128393.700000,-,-,B,4941818,4910255
1,1,3028087,510360,2,20200804,111938140,1.591000,119300,189806.300000,-,-,B,4941818,4925369
1,1,3028200,510360,2,20200804,111938560,1.591000,200000,318200.000000,-,-,B,4942036,4925369
1,1,3028383,510360,2,20200804,111939040,1.591000,107400,170873.400000,-,-,B,4942292,4925369
1,1,3034973,510360,2,20200804,112001150,1.592000,200000,318400.000000,-,-,B,4954137,4942543
1,1,3035306,510360,2,20200804,112002380,1.592000,200000,318400.000000,-,-,B,4954791,4942543
1,1,3035579,510360,2,20200804,112003120,1.592000,25000,39800.000000,-,-,B,4955298,4942543
1,1,3041389,510360,2,20200804,112017370,1.593000,300,477.900000,-,-,B,4963702,4957847
1,1,3043309,510360,2,20200804,112022100,1.593000,200000,318600.000000,-,-,B,4967012,4957847
1,1,3043400,510360,2,20200804,112022430,1.593000,200000,318600.000000,-,-,B,4967218,4957847
1,1,3043597,510360,2,20200804,112023080,1.593000,156700,249623.100000,-,-,B,4967562,4957847
1,1,3048206,510360,2,20200804,112037840,1.594000,200000,318800.000000,-,-,S,4975693,4976017
1,1,3048287,510360,2,20200804,112038290,1.594000,196600,313380.400000,-,-,B,4976228,4976017
1,1,3049616,510360,2,20200804,112043170,1.596000,15700,25057.200000,-,-,B,4978723,4820242
1,1,3049805,510360,2,20200804,112044170,1.596000,300,478.800000,-,-,S,4978723,4979186
1,1,3050191,510360,2,20200804,112045780,1.596000,1900,3032.400000,-,-,S,4978723,4980017
1,1,3050664,510360,2,20200804,112047480,1.596000,1300,2074.800000,-,-,S,4978723,4980785
1,1,3052833,510360,2,20200804,112056520,1.597000,100,159.700000,-,-,B,4984823,4980320
1,1,3055663,510360,2,20200804,112107500,1.596000,800,1276.800000,-,-,S,4978723,4989884
1,1,3076646,510360,2,20200804,112237180,1.596000,5500,8778.000000,-,-,B,5026474,5015231
1,1,3088171,510360,2,20200804,112332720,1.596000,3300,5266.800000,-,-,B,5045962,5026548
1,1,3099148,510360,2,20200804,112415580,1.597000,300,479.100000,-,-,B,5061108,4985249
1,1,3099193,510360,2,20200804,112415920,1.597000,4500,7186.500000,-,-,B,5061202,4985249
1,1,3099194,510360,2,20200804,112415920,1.597000,295500,471913.500000,-,-,B,5061202,5047578
1,1,3099268,510360,2,20200804,112416200,1.597000,163900,261748.300000,-,-,B,5061319,5047578
1,1,3099269,510360,2,20200804,112416200,1.597000,36100,57651.700000,-,-,B,5061319,5057884
1,1,3099355,510360,2,20200804,112416460,1.597000,300000,479100.000000,-,-,B,5061397,5057884
1,1,3099399,510360,2,20200804,112416590,1.597000,58900,94063.300000,-,-,B,5061443,5057884
1,1,3122883,510360,2,20200804,112606050,1.597000,20000,31940.000000,-,-,S,5061574,5099132
1,1,3128101,510360,2,20200804,112633090,1.598000,100,159.800000,-,-,B,5107463,5100271
1,1,3166282,510360,2,20200804,112958740,1.595000,200,319.000000,-,-,S,5128909,5166278
1,1,3180487,510360,2,20200804,130002860,1.595000,100,159.500000,-,-,S,5128909,5202110
1,1,3182644,510360,2,20200804,130003280,1.595000,600,957.000000,-,-,S,5128909,5207651
1,1,3183921,510360,2,20200804,130003510,1.595000,118700,189326.500000,-,-,S,5128909,5210574
1,1,3191122,510360,2,20200804,130005770,1.597000,300,479.100000,-,-,B,5231563,5206080
1,1,3193543,510360,2,20200804,130007380,1.597000,300,479.100000,-,-,S,5231563,5237332
1,1,3215771,510360,2,20200804,130107650,1.597000,2400,3832.800000,-,-,S,5231563,5265244
1,1,3282916,510360,2,20200804,130541060,1.595000,200,319.000000,-,-,S,5206877,5366552
1,1,3284659,510360,2,20200804,130545660,1.595000,300,478.500000,-,-,S,5206877,5368599
1,1,3284660,510360,2,20200804,130545660,1.595000,1300,2073.500000,-,-,S,5333747,5368599
1,1,3304721,510360,2,20200804,130642410,1.593000,100,159.300000,-,-,S,4976659,5393507
1,1,3316824,510360,2,20200804,130716730,1.593000,100,159.300000,-,-,S,4976659,5409171
1,1,3332933,510360,2,20200804,130804220,1.593000,2800,4460.400000,-,-,S,4976659,5431605
1,1,3337110,510360,2,20200804,130816370,1.591000,100,159.100000,-,-,S,5285403,5437757
1,1,3354836,510360,2,20200804,130913180,1.591000,8000,12728.000000,-,-,S,5285403,5466934
1,1,3384922,510360,2,20200804,131041190,1.591000,11900,18932.900000,-,-,S,5285403,5509450
1,1,3384923,510360,2,20200804,131041190,1.591000,7700,12250.700000,-,-,S,5398385,5509450
1,1,3384924,510360,2,20200804,131041190,1.591000,200,318.200000,-,-,S,5442781,5509450
1,1,3391888,510360,2,20200804,131059240,1.591000,200,318.200000,-,-,B,5518540,5509450
1,1,3407506,510360,2,20200804,131132270,1.590000,10000,15900.000000,-,-,S,4973695,5535814
1,1,3407507,510360,2,20200804,131132270,1.590000,3000,4770.000000,-,-,S,5228887,5535814
1,1,3412835,510360,2,20200804,131143640,1.589000,1100,1747.900000,-,-,S,3722050,5542021
1,1,3412836,510360,2,20200804,131143640,1.589000,500,794.500000,-,-,S,5175282,5542021
1,1,3412837,510360,2,20200804,131143640,1.588000,400,635.200000,-,-,S,3293588,5542021
1,1,3423531,510360,2,20200804,131203970,1.590000,1000,1590.000000,-,-,B,5552873,5546585
1,1,3449668,510360,2,20200804,131306210,1.588000,100,158.800000,-,-,S,3293588,5587405
1,1,3450592,510360,2,20200804,131308670,1.588000,1900,3017.200000,-,-,B,5588792,5587405
1,1,3451415,510360,2,20200804,131310630,1.588000,1900,3017.200000,-,-,B,5589948,5587405
1,1,3452251,510360,2,20200804,131312610,1.588000,1900,3017.200000,-,-,B,5590997,5587405
1,1,3453139,510360,2,20200804,131314290,1.588000,600,952.800000,-,-,B,5592031,5587405
1,1,3488758,510360,2,20200804,131443350,1.590000,7000,11130.000000,-,-,B,5647784,5646168
1,1,3498978,510360,2,20200804,131518100,1.590000,1900,3021.000000,-,-,S,5647784,5667311
1,1,3501402,510360,2,20200804,131526500,1.591000,5400,8591.400000,-,-,S,5669532,5671561
1,1,3501403,510360,2,20200804,131526500,1.590000,1000,1590.000000,-,-,S,5647784,5671561
1,1,3515887,510360,2,20200804,131617060,1.590000,20000,31800.000000,-,-,S,5647784,5695416
1,1,3531069,510360,2,20200804,131701000,1.591000,20000,31820.000000,-,-,S,5711908,5715241
1,1,3535615,510360,2,20200804,131717670,1.593000,1200,1911.600000,-,-,B,5722766,5691993
1,1,3538510,510360,2,20200804,131728630,1.593000,300,477.900000,-,-,S,5722766,5727423
1,1,3543476,510360,2,20200804,131749000,1.591000,20000,31820.000000,-,-,S,5711908,5736009
1,1,3560214,510360,2,20200804,131849500,1.593000,2100,3345.300000,-,-,B,5762613,5727423
1,1,3573989,510360,2,20200804,131944550,1.593000,1000,1593.000000,-,-,B,5785492,5727423
1,1,3625692,510360,2,20200804,132239760,1.591000,4000,6364.000000,-,-,S,5744866,5864069
1,1,3665571,510360,2,20200804,132505800,1.591000,8900,14159.900000,-,-,S,5744866,5928025
1,1,3675965,510360,2,20200804,132544400,1.592000,9700,15442.400000,-,-,S,5942711,5944221
1,1,3689303,510360,2,20200804,132635820,1.592000,190300,302957.600000,-,-,S,5942711,5966106
1,1,3689304,510360,2,20200804,132635820,1.592000,9700,15442.400000,-,-,S,5944967,5966106
1,1,3689443,510360,2,20200804,132636220,1.592000,9700,15442.400000,-,-,B,5966237,5966106
1,1,3689552,510360,2,20200804,132636790,1.592000,200000,318400.000000,-,-,B,5966462,5966106
1,1,3689821,510360,2,20200804,132637630,1.592000,200000,318400.000000,-,-,B,5966841,5966106
1,1,3689901,510360,2,20200804,132638140,1.592000,200000,318400.000000,-,-,B,5967017,5966106
1,1,3689988,510360,2,20200804,132638630,1.592000,190300,302957.600000,-,-,B,5967202,5966106
1,1,3690883,510360,2,20200804,132641710,1.593000,400,637.200000,-,-,B,5968424,5727423
1,1,3836851,510360,2,20200804,133717720,1.595000,200,319.000000,-,-,B,6213003,5391712
1,1,3842060,510360,2,20200804,133738890,1.595000,4800,7656.000000,-,-,B,6221214,5391712
1,1,3842061,510360,2,20200804,133738890,1.595000,25000,39875.000000,-,-,B,6221214,5983738
1,1,3842062,510360,2,20200804,133738890,1.595000,9000,14355.000000,-,-,B,6221214,6188045
1,1,3850825,510360,2,20200804,133812020,1.595000,100,159.500000,-,-,S,6221214,6234592
1,1,3851514,510360,2,20200804,133815200,1.596000,426100,680055.600000,-,-,B,6235808,6211665
1,1,3859011,510360,2,20200804,133830870,1.597000,142000,226774.000000,-,-,B,6242182,6221185
1,1,3859012,510360,2,20200804,133830870,1.597000,431900,689744.300000,-,-,B,6242182,6223453
1,1,3859013,510360,2,20200804,133830870,1.597000,151300,241626.100000,-,-,B,6242183,6223453
1,1,3861539,510360,2,20200804,133841610,1.597000,4500,7186.500000,-,-,S,6242183,6246375
1,1,3864923,510360,2,20200804,133854180,1.598000,225000,359550.000000,-,-,B,6251586,6233243
1,1,3864924,510360,2,20200804,133854180,1.598000,369500,590461.000000,-,-,B,6251586,6235698
1,1,3865561,510360,2,20200804,133856960,1.598000,1900,3036.200000,-,-,S,6251586,6252777
1,1,3865947,510360,2,20200804,133858890,1.598000,1900,3036.200000,-,-,S,6251586,6253601
1,1,3871571,510360,2,20200804,133919020,1.598000,300,479.400000,-,-,S,6252181,6262406
1,1,3877876,510360,2,20200804,133941110,1.598000,300,479.400000,-,-,B,6273058,6262406
1,1,3897311,510360,2,20200804,134110330,1.596000,6500,10374.000000,-,-,S,6249069,6307860
1,1,3901389,510360,2,20200804,134129910,1.598000,6500,10387.000000,-,-,B,6314422,6289050
1,1,3901390,510360,2,20200804,134129910,1.598000,500,799.000000,-,-,B,6314422,6296154
1,1,3909645,510360,2,20200804,134207640,1.599000,245900,393194.100000,-,-,B,6327242,6307478
1,1,3909646,510360,2,20200804,134207640,1.599000,5100,8154.900000,-,-,B,6327243,6307478
1,1,3909647,510360,2,20200804,134207640,1.599000,175500,280624.500000,-,-,B,6327243,6317675
1,1,3909648,510360,2,20200804,134207640,1.599000,431000,689169.000000,-,-,B,6327243,6319936
1,1,3909831,510360,2,20200804,134208350,1.599000,1900,3038.100000,-,-,S,6327243,6327485
1,1,3910035,510360,2,20200804,134209100,1.599000,202500,323797.500000,-,-,S,6327243,6327751
1,1,3910330,510360,2,20200804,134210340,1.599000,1900,3038.100000,-,-,S,6327243,6328162
1,1,3911134,510360,2,20200804,134212350,1.599000,3200,5116.800000,-,-,S,6327243,6328881
1,1,3911927,510360,2,20200804,134215660,1.599000,20100,32139.900000,-,-,S,6327243,6330018
1,1,3913651,510360,2,20200804,134220410,1.599000,19800,31660.200000,-,-,S,6327243,6332014
1,1,3913980,510360,2,20200804,134221100,1.599000,139000,222261.000000,-,-,S,6327243,6332420
1,1,3914841,510360,2,20200804,134223170,1.598000,3000,4794.000000,-,-,S,6314422,6333741
1,1,3921647,510360,2,20200804,134242570,1.596000,16800,26812.800000,-,-,S,6249069,6343611
1,1,3937112,510360,2,20200804,134338970,1.596000,6700,10693.200000,-,-,S,6249069,6365596
1,1,3937113,510360,2,20200804,134338970,1.596000,2000,3192.000000,-,-,S,6352236,6365596
1,1,3956092,510360,2,20200804,134508130,1.595000,11400,18183.000000,-,-,B,6397169,6396202
1,1,3959972,510360,2,20200804,134528180,1.595000,74000,118030.000000,-,-,B,6403806,6401753
1,1,3969599,510360,2,20200804,134614760,1.594000,17300,27576.200000,-,-,S,6358819,6419405
1,1,3980231,510360,2,20200804,134701690,1.594000,10000,15940.000000,-,-,S,6358819,6435753
1,1,3993176,510360,2,20200804,134754290,1.596000,25000,39900.000000,-,-,B,6455188,6438058
1,1,3993643,510360,2,20200804,134756090,1.596000,23500,37506.000000,-,-,B,6455994,6438058
1,1,3995177,510360,2,20200804,134802450,1.596000,109000,173964.000000,-,-,B,6458470,6438058
1,1,3995178,510360,2,20200804,134802450,1.596000,152900,244028.400000,-,-,B,6458470,6448550
1,1,3995179,510360,2,20200804,134802450,1.596000,738100,1178007.600000,-,-,B,6458470,6451014
1,1,3995180,510360,2,20200804,134802450,1.596000,261900,417992.400000,-,-,B,6458471,6451014
1,1,3999171,510360,2,20200804,134820840,1.597000,177100,282828.700000,-,-,B,6465252,6461186
1,1,4014696,510360,2,20200804,134932500,1.598000,1200,1917.600000,-,-,B,6490724,6471694
1,1,4017621,510360,2,20200804,134945690,1.598000,100,159.800000,-,-,B,6495167,6482451
1,1,4033884,510360,2,20200804,135035260,1.599000,185400,296454.600000,-,-,B,6514384,6493114
1,1,4033885,510360,2,20200804,135035260,1.599000,248200,396871.800000,-,-,B,6514384,6504068
1,1,4038885,510360,2,20200804,135053060,1.599000,151400,242088.600000,-,-,B,6521818,6515931
1,1,4049984,510360,2,20200804,135124230,1.600000,1100,1760.000000,-,-,B,6534978,4952522
1,1,4049985,510360,2,20200804,135124230,1.600000,200,320.000000,-,-,B,6534978,5216995
1,1,4049986,510360,2,20200804,135124230,1.600000,25000,40000.000000,-,-,B,6534978,5994995
1,1,4049987,510360,2,20200804,135124230,1.600000,30000,48000.000000,-,-,B,6534978,6259126
1,1,4049988,510360,2,20200804,135124230,1.600000,700,1120.000000,-,-,B,6534978,6276962
1,1,4049989,510360,2,20200804,135124230,1.600000,919000,1470400.000000,-,-,B,6534978,6517491
1,1,4066835,510360,2,20200804,135224710,1.600000,81000,129600.000000,-,-,B,6560616,6517491
1,1,4066836,510360,2,20200804,135224710,1.600000,919000,1470400.000000,-,-,B,6560616,6517492
1,1,4066837,510360,2,20200804,135224710,1.600000,81000,129600.000000,-,-,B,6560617,6517492
1,1,4066838,510360,2,20200804,135224710,1.600000,919000,1470400.000000,-,-,B,6560617,6517493
1,1,4066839,510360,2,20200804,135224710,1.600000,81000,129600.000000,-,-,B,6560618,6517493
1,1,4066840,510360,2,20200804,135224710,1.600000,25000,40000.000000,-,-,B,6560618,6525364
1,1,4066841,510360,2,20200804,135224710,1.600000,5700,9120.000000,-,-,B,6560618,6534213
1,1,4074811,510360,2,20200804,135248290,1.601000,200,320.200000,-,-,B,6571638,6553880
1,1,4075596,510360,2,20200804,135250950,1.601000,258700,414178.700000,-,-,B,6572817,6553880
1,1,4075597,510360,2,20200804,135250950,1.601000,300,480.300000,-,-,B,6572817,6565652
1,1,4103458,510360,2,20200804,135425720,1.603000,200,320.600000,-,-,B,6616446,4470526
1,1,4103459,510360,2,20200804,135425720,1.603000,5000,8015.000000,-,-,B,6616446,4500040
1,1,4103460,510360,2,20200804,135425720,1.603000,1000,1603.000000,-,-,B,6616446,4540401
1,1,4103461,510360,2,20200804,135425720,1.603000,200,320.600000,-,-,B,6616446,4616348
1,1,4103462,510360,2,20200804,135425720,1.603000,3000,4809.000000,-,-,B,6616446,4669262
1,1,4103463,510360,2,20200804,135425720,1.603000,619900,993699.700000,-,-,B,6616446,6577252
1,1,4132968,510360,2,20200804,135628400,1.600000,8600,13760.000000,-,-,S,6562278,6667745
1,1,4144120,510360,2,20200804,135722650,1.600000,19100,30560.000000,-,-,S,6687011,6687397
1,1,4160530,510360,2,20200804,135845380,1.601000,100,160.100000,-,-,B,6714741,6703005
1,1,4174339,510360,2,20200804,135949490,1.600000,19100,30560.000000,-,-,B,6735353,6734921
1,1,4178263,510360,2,20200804,140005550,1.600000,30900,49440.000000,-,-,B,6740610,6734921
1,1,4180310,510360,2,20200804,140013550,1.600000,100,160.000000,-,-,S,6742306,6743750
1,1,4185160,510360,2,20200804,140034600,1.601000,6500,10406.500000,-,-,B,6752123,6711971
1,1,4185161,510360,2,20200804,140034600,1.601000,1000,1601.000000,-,-,B,6752123,6724725
1,1,4185162,510360,2,20200804,140034600,1.601000,168000,268968.000000,-,-,B,6752123,6732175
1,1,4185163,510360,2,20200804,140034600,1.601000,24500,39224.500000,-,-,B,6752123,6742031
1,1,4185278,510360,2,20200804,140034900,1.601000,31000,49631.000000,-,-,B,6752323,6742031
1,1,4185392,510360,2,20200804,140035530,1.601000,103800,166183.800000,-,-,B,6752589,6742031
1,1,4193606,510360,2,20200804,140102540,1.602000,200000,320400.000000,-,-,B,6763887,6654185
1,1,4193611,510360,2,20200804,140102570,1.602000,800000,1281600.000000,-,-,B,6763901,6654185
1,1,4193612,510360,2,20200804,140102570,1.602000,100000,160200.000000,-,-,B,6763901,6754180
1,1,4193685,510360,2,20200804,140102850,1.602000,120500,193041.000000,-,-,B,6764019,6754180
1,1,4211374,510360,2,20200804,140158530,1.603000,200000,320600.000000,-,-,B,6789369,6577252
1,1,4211501,510360,2,20200804,140158950,1.603000,180100,288700.300000,-,-,B,6789526,6577252
1,1,4211502,510360,2,20200804,140158950,1.603000,19900,31899.700000,-,-,B,6789526,6577253
1,1,4211666,510360,2,20200804,140159550,1.603000,200000,320600.000000,-,-,B,6789792,6577253
1,1,4212647,510360,2,20200804,140202600,1.603000,200000,320600.000000,-,-,B,6791140,6577253
1,1,4212698,510360,2,20200804,140202910,1.603000,200000,320600.000000,-,-,B,6791251,6577253
1,1,4212885,510360,2,20200804,140203540,1.603000,200000,320600.000000,-,-,B,6791539,6577253
1,1,4213156,510360,2,20200804,140204510,1.603000,180100,288700.300000,-,-,B,6791930,6577253
1,1,4213157,510360,2,20200804,140204510,1.603000,19900,31899.700000,-,-,B,6791930,6577254
1,1,4213295,510360,2,20200804,140204840,1.603000,200000,320600.000000,-,-,B,6792140,6577254
1,1,4213476,510360,2,20200804,140205590,1.603000,200000,320600.000000,-,-,B,6792471,6577254
1,1,4213570,510360,2,20200804,140205950,1.603000,200000,320600.000000,-,-,B,6792612,6577254
1,1,4213763,510360,2,20200804,140206500,1.603000,200000,320600.000000,-,-,B,6792879,6577254
1,1,4214045,510360,2,20200804,140207220,1.603000,180100,288700.300000,-,-,B,6793250,6577254
1,1,4214046,510360,2,20200804,140207220,1.603000,31500,50494.500000,-,-,B,6793250,6706419
1,1,4214047,510360,2,20200804,140207220,1.603000,114700,183864.100000,-,-,B,6793250,6767285
1,1,4248194,510360,2,20200804,140345710,1.603000,100,160.300000,-,-,S,6793403,6838616
1,1,4252265,510360,2,20200804,140357290,1.604000,100,160.400000,-,-,B,6844150,4412492
1,1,4252266,510360,2,20200804,140357290,1.604000,9600,15398.400000,-,-,B,6844150,5237211
1,1,4264502,510360,2,20200804,140432090,1.603000,500,801.500000,-,-,S,6793403,6861759
1,1,4311389,510360,2,20200804,140702850,1.603000,100,160.300000,-,-,B,6939247,6916587
1,1,4312235,510360,2,20200804,140705380,1.603000,100,160.300000,-,-,S,6939247,6940327
1,1,4312305,510360,2,20200804,140705530,1.603000,1800,2885.400000,-,-,S,6939247,6940399
1,1,4349831,510360,2,20200804,140936070,1.602000,100,160.200000,-,-,B,6999918,6991930
1,1,4357728,510360,2,20200804,141009110,1.602000,7200,11534.400000,-,-,B,7013062,6991930
1,1,4358036,510360,2,20200804,141010340,1.602000,1700,2723.400000,-,-,S,7013062,7013521
1,1,4358362,510360,2,20200804,141011360,1.602000,1200,1922.400000,-,-,S,7013062,7014001
1,1,4358419,510360,2,20200804,141011580,1.602000,1900,3043.800000,-,-,S,7013062,7014091
1,1,4358447,510360,2,20200804,141011640,1.602000,1500,2403.000000,-,-,S,7013062,7014125
1,1,4358471,510360,2,20200804,141011800,1.602000,1200,1922.400000,-,-,S,7013062,7014192
1,1,4358512,510360,2,20200804,141011950,1.602000,1700,2723.400000,-,-,S,7013062,7014274
1,1,4358621,510360,2,20200804,141012370,1.602000,1200,1922.400000,-,-,S,7013062,7014450
1,1,4358758,510360,2,20200804,141012890,1.602000,1200,1922.400000,-,-,S,7013062,7014685
1,1,4358843,510360,2,20200804,141013300,1.602000,1200,1922.400000,-,-,S,7013062,7014857
1,1,4358881,510360,2,20200804,141013420,1.602000,1200,1922.400000,-,-,S,7013062,7014934
1,1,4358882,510360,2,20200804,141013420,1.598000,300,479.400000,-,-,S,7014175,7014934
1,1,4358936,510360,2,20200804,141013610,1.598000,600,958.800000,-,-,S,7014175,7015040
1,1,4359014,510360,2,20200804,141013790,1.598000,1200,1917.600000,-,-,S,7014175,7015135
1,1,4365239,510360,2,20200804,141037100,1.597000,12600,20122.200000,-,-,S,6997413,7024320
1,1,4382127,510360,2,20200804,141136890,1.598000,1000,1598.000000,-,-,S,7024705,7049200
1,1,4386864,510360,2,20200804,141154800,1.596000,50000,79800.000000,-,-,S,7015151,7056226
1,1,4395915,510360,2,20200804,141231910,1.597000,2800,4471.600000,-,-,B,7070952,7066062
1,1,4398533,510360,2,20200804,141244060,1.598000,357900,571924.200000,-,-,B,7075813,7060873
1,1,4398534,510360,2,20200804,141244060,1.598000,2800,4474.400000,-,-,B,7075813,7072718
1,1,4398535,510360,2,20200804,141244060,1.598000,302200,482915.600000,-,-,B,7075813,7072834
1,1,4410649,510360,2,20200804,141335040,1.599000,10000,15990.000000,-,-,B,7095519,7084610
1,1,4414357,510360,2,20200804,141349220,1.599000,5000,7995.000000,-,-,B,7100949,7084610
1,1,4441207,510360,2,20200804,141543090,1.599000,101100,161658.900000,-,-,B,7141417,7128541
1,1,4441208,510360,2,20200804,141543090,1.599000,256300,409823.700000,-,-,B,7141418,7128541
1,1,4454919,510360,2,20200804,141647790,1.599000,330600,528629.400000,-,-,B,7163697,7160046
1,1,4461603,510360,2,20200804,141715380,1.599000,283800,453796.200000,-,-,B,7172793,7170025
1,1,4466799,510360,2,20200804,141740350,1.599000,129300,206750.700000,-,-,B,7180886,7179821
1,1,4498682,510360,2,20200804,141949720,1.598000,1000,1598.000000,-,-,B,7225791,7210429
1,1,4500052,510360,2,20200804,141954890,1.598000,1000,1598.000000,-,-,B,7227802,7210429
1,1,4521258,510360,2,20200804,142105300,1.597000,1000,1597.000000,-,-,B,7256533,7245496
1,1,4526135,510360,2,20200804,142122990,1.597000,3100,4950.700000,-,-,B,7263633,7245496
1,1,4548992,510360,2,20200804,142251080,1.597000,13800,22038.600000,-,-,B,7298383,7281167
1,1,4549558,510360,2,20200804,142252820,1.597000,300,479.100000,-,-,B,7299152,7281167
1,1,4550576,510360,2,20200804,142256140,1.597000,5100,8144.700000,-,-,B,7300800,7281167
1,1,4551097,510360,2,20200804,142257840,1.597000,1500,2395.500000,-,-,B,7301553,7281167
1,1,4551778,510360,2,20200804,142300160,1.597000,1600,2555.200000,-,-,B,7302585,7281167
1,1,4552177,510360,2,20200804,142301650,1.597000,1600,2555.200000,-,-,B,7303176,7281167
1,1,4552814,510360,2,20200804,142303280,1.597000,1200,1916.400000,-,-,B,7304031,7281167
1,1,4553367,510360,2,20200804,142305010,1.597000,1300,2076.100000,-,-,B,7304759,7281167
1,1,4553884,510360,2,20200804,142306620,1.597000,1200,1916.400000,-,-,B,7305516,7281167
1,1,4554390,510360,2,20200804,142308190,1.597000,1300,2076.100000,-,-,B,7306202,7281167
1,1,4554800,510360,2,20200804,142309800,1.597000,1500,2395.500000,-,-,B,7306816,7292635
1,1,4555208,510360,2,20200804,142311170,1.597000,1600,2555.200000,-,-,B,7307420,7292635
1,1,4555709,510360,2,20200804,142312790,1.597000,1200,1916.400000,-,-,B,7308030,7292635
1,1,4556236,510360,2,20200804,142314650,1.597000,1300,2076.100000,-,-,B,7308724,7292635
1,1,4556871,510360,2,20200804,142316210,1.597000,1200,1916.400000,-,-,B,7309296,7292635
1,1,4557321,510360,2,20200804,142317710,1.597000,1300,2076.100000,-,-,B,7309919,7292635
1,1,4559365,510360,2,20200804,142324710,1.597000,1200,1916.400000,-,-,B,7312511,7292635
1,1,4574162,510360,2,20200804,142428910,1.598000,1000,1598.000000,-,-,B,7335905,7317164
1,1,4590927,510360,2,20200804,142537990,1.597000,1000,1597.000000,-,-,B,7359749,7348672
1,1,4602780,510360,2,20200804,142626570,1.597000,1300,2076.100000,-,-,B,7377347,7359410
1,1,4606598,510360,2,20200804,142638160,1.596000,2000,3192.000000,-,-,S,7341277,7381725
1,1,4618555,510360,2,20200804,142716150,1.596000,300,478.800000,-,-,B,7397537,7381725
1,1,4627359,510360,2,20200804,142737820,1.595000,4000,6380.000000,-,-,S,7245156,7406533
1,1,4660227,510360,2,20200804,142907740,1.593000,10000,15930.000000,-,-,S,7225469,7446035
1,1,4663978,510360,2,20200804,142916690,1.593000,13700,21824.100000,-,-,B,7450411,7446035
1,1,4665258,510360,2,20200804,142918720,1.593000,13800,21983.400000,-,-,B,7451339,7446035
1,1,4667093,510360,2,20200804,142923210,1.593000,1000,1593.000000,-,-,B,7453528,7446035
1,1,4670839,510360,2,20200804,142934070,1.593000,340400,542257.200000,-,-,B,7458668,7446035
1,1,4671148,510360,2,20200804,142934860,1.594000,1000,1594.000000,-,-,B,7459038,7432352
1,1,4672085,510360,2,20200804,142937580,1.593000,276200,439986.600000,-,-,S,7458668,7460284
1,1,4675556,510360,2,20200804,142947720,1.597000,1000,1597.000000,-,-,B,7464985,7463423
1,1,4680435,510360,2,20200804,143002870,1.598000,1000,1598.000000,-,-,B,7472481,7464760
1,1,4687954,510360,2,20200804,143019660,1.594000,1500,2391.000000,-,-,B,7483522,7474866
1,1,4689118,510360,2,20200804,143022220,1.594000,300,478.200000,-,-,B,7485165,7474866
1,1,4690089,510360,2,20200804,143024420,1.594000,10000,15940.000000,-,-,B,7486709,7474866
1,1,4690110,510360,2,20200804,143024490,1.594000,13700,21837.800000,-,-,B,7486750,7474866
1,1,4690277,510360,2,20200804,143025030,1.594000,1200,1912.800000,-,-,B,7487031,7474866
1,1,4690776,510360,2,20200804,143026090,1.594000,300,478.200000,-,-,B,7487739,7474866
1,1,4691618,510360,2,20200804,143028320,1.594000,200000,318800.000000,-,-,B,7489013,7474866
1,1,4691678,510360,2,20200804,143028540,1.594000,1200,1912.800000,-,-,B,7489114,7474866
1,1,4691882,510360,2,20200804,143028760,1.594000,77100,122897.400000,-,-,B,7489377,7474866
1,1,4696813,510360,2,20200804,143042320,1.596000,10000,15960.000000,-,-,B,7496941,7494599
1,1,4700018,510360,2,20200804,143053800,1.596000,10000,15960.000000,-,-,B,7502564,7494599
1,1,4702740,510360,2,20200804,143102490,1.595000,4700,7496.500000,-,-,S,7500012,7506968
1,1,4702741,510360,2,20200804,143102490,1.594000,45300,72208.200000,-,-,S,7489377,7506968
1,1,4705944,510360,2,20200804,143112310,1.596000,10000,15960.000000,-,-,B,7511790,7494599
1,1,4710398,510360,2,20200804,143129580,1.596000,5000,7980.000000,-,-,B,7519853,7494599
1,1,4720382,510360,2,20200804,143211230,1.596000,5000,7980.000000,-,-,B,7536753,7535225
1,1,4746355,510360,2,20200804,143401920,1.596000,500,798.000000,-,-,B,7578698,7570192
1,1,4751150,510360,2,20200804,143420230,1.596000,3000,4788.000000,-,-,B,7585839,7570192
1,1,4762102,510360,2,20200804,143502610,1.598000,100,159.800000,-,-,B,7601957,7590789
1,1,4775558,510360,2,20200804,143551820,1.595000,3000,4785.000000,-,-,B,7622019,7604120
1,1,4787281,510360,2,20200804,143634380,1.597000,100,159.700000,-,-,B,7639422,7620559
1,1,4798034,510360,2,20200804,143712010,1.595000,161000,256795.000000,-,-,B,7654686,7641263
1,1,4836228,510360,2,20200804,143944220,1.595000,3000,4785.000000,-,-,S,7655167,7711723
1,1,4869684,510360,2,20200804,144141930,1.595000,2000,3190.000000,-,-,S,7671803,7761603
1,1,4892209,510360,2,20200804,144302360,1.596000,100000,159600.000000,-,-,B,7794463,7725650
1,1,4987855,510360,2,20200804,144731140,1.595000,3800,6061.000000,-,-,S,7671803,7920700
1,1,5000222,510360,2,20200804,144759900,1.595000,10000,15950.000000,-,-,S,7745241,7935684
1,1,5009855,510360,2,20200804,144820480,1.595000,3800,6061.000000,-,-,S,7745241,7946693
1,1,5018236,510360,2,20200804,144839960,1.595000,6200,9889.000000,-,-,S,7745241,7956522
1,1,5018237,510360,2,20200804,144839960,1.595000,100,159.500000,-,-,S,7894156,7956522
1,1,5041677,510360,2,20200804,144927640,1.595000,100,159.500000,-,-,B,7983207,7956522
1,1,5070599,510360,2,20200804,145026750,1.592000,1000,1592.000000,-,-,S,7586366,8021079
1,1,5070600,510360,2,20200804,145026750,1.592000,10000,15920.000000,-,-,S,7935766,8021079
1,1,5072124,510360,2,20200804,145030540,1.592000,1900,3024.800000,-,-,B,8023521,8021079
1,1,5072740,510360,2,20200804,145031960,1.592000,300,477.600000,-,-,B,8024421,8021079
1,1,5072896,510360,2,20200804,145032200,1.592000,1800,2865.600000,-,-,B,8024573,8021079
1,1,5073021,510360,2,20200804,145032480,1.595000,300,478.500000,-,-,B,8024819,7972929
1,1,5103160,510360,2,20200804,145153880,1.595000,100,159.500000,-,-,B,8071682,7972929
1,1,5107831,510360,2,20200804,145206640,1.593000,7400,11788.200000,-,-,S,8067038,8078615
1,1,5111570,510360,2,20200804,145217220,1.595000,300,478.500000,-,-,B,8084111,7972929
1,1,5111571,510360,2,20200804,145217220,1.595000,1000,1595.000000,-,-,B,8084111,7989712
1,1,5117217,510360,2,20200804,145233560,1.595000,1000,1595.000000,-,-,S,8084111,8092451
1,1,5133726,510360,2,20200804,145319420,1.594000,1300,2072.200000,-,-,S,8097152,8116694
1,1,5155747,510360,2,20200804,145420100,1.595000,2000,3190.000000,-,-,S,8120463,8148629
1,1,5205646,510360,2,20200804,145619470,1.595000,86300,137648.500000,-,-,B,8215755,8148629
1,1,5209370,510360,2,20200804,145627350,1.596000,1000,1596.000000,-,-,B,8220205,7725650
1,1,5225032,510360,2,20200804,145806680,1.596000,2000,3192.000000,-,-,B,8265090,7725650
1,1,5226044,510360,2,20200804,145849740,1.596000,600,957.600000,-,-,B,8277827,7725650
1,1,5226045,510360,2,20200804,145849740,1.596000,700,1117.200000,-,-,B,8277827,7876806
1,1,5226929,510360,2,20200804,145928200,1.596000,100,159.600000,-,-,B,8288401,7876806
