Datetime,Lastprice,Volume,Precloseprice,AvgPrice,Iopv,Netvalue,Bid[0],BidQty[0],Bid[1],BidQty[1],Bid[2],BidQty[2],Bid[3],BidQty[3],Bid[4],BidQty[4],Bid[5],BidQty[5],Bid[6],BidQty[6],Bid[7],BidQty[7],Bid[8],BidQty[8],Bid[9],BidQty[9],Ask[0],AskQty[0],Ask[1],AskQty[1],Ask[2],AskQty[2],Ask[3],AskQty[3],Ask[4],AskQty[4],Ask[5],AskQty[5],Ask[6],AskQty[6],Ask[7],AskQty[7],Ask[8],AskQty[8],Ask[9],AskQty[9]
2020-08-04 09:25:00.230,2.94,2900.0,2.929,2.94,2.935,2.935,2.93,20400,2.926,5700,2.922,9900,2.92,4000,2.901,400,2.9,2400,2.883,2400,2.87,1000,2.842,700,2.668,1500,2.94,11800,2.945,500,2.969,5000,2.997,3000,3.0,2100,3.015,2100,3.02,10000,3.06,2000,3.08,10000,3.12,2000
2020-08-04 09:30:05.630,2.94,11000.0,2.929,2.9394240000000003,2.948,2.935,2.932,1000,2.931,33300,2.93,20400,2.926,5700,2.922,9900,2.92,4000,2.907,2200,2.901,10400,2.9,2400,2.883,2400,2.94,2300,2.943,2000,2.945,1600,2.947,30000,2.969,5500,2.99,8000,2.997,3500,3.0,4600,3.011,1800,3.015,2100
2020-08-04 09:30:11.660,2.94,2300.0,2.929,2.939506,2.948,2.935,2.94,7700,2.932,1000,2.931,33300,2.93,20400,2.926,5700,2.923,2000,2.922,9900,2.92,4000,2.915,500,2.907,2200,2.943,2000,2.945,14300,2.947,30000,2.959,30000,2.968,1000,2.969,5500,2.99,8000,2.997,3500,3.0,4600,3.011,1800
2020-08-04 09:30:35.400,2.94,600.0,2.929,2.939524,2.943,2.935,2.94,7100,2.933,30000,2.932,1000,2.931,33300,2.93,20400,2.926,5700,2.923,2000,2.922,9900,2.92,4000,2.915,500,2.943,2000,2.945,1000,2.947,30000,2.959,30000,2.968,1000,2.969,5500,2.99,8000,2.997,3500,3.0,4600,3.011,1800
2020-08-04 09:30:42.140,2.94,7100.0,2.929,2.939665,2.942,2.935,2.933,30000,2.932,1000,2.931,33300,2.93,20400,2.926,5700,2.923,2000,2.922,9900,2.92,4000,2.915,500,2.907,2200,2.94,6200,2.943,2000,2.945,1000,2.947,30000,2.959,30000,2.969,5500,2.99,8000,2.997,3500,3.0,4600,3.011,1800
2020-08-04 09:31:05.330,2.933,500.0,2.929,2.9395290000000003,2.937,2.935,2.933,29500,2.932,1000,2.931,33300,2.93,20400,2.926,5700,2.923,2000,2.922,9900,2.92,4000,2.915,500,2.907,2200,2.94,7200,2.943,2000,2.945,1000,2.947,30000,2.959,30000,2.969,5500,2.99,8000,2.997,3500,3.0,4600,3.011,1800
2020-08-04 09:31:45.300,2.933,6200.0,2.929,2.938206,2.942,2.935,2.933,23300,2.932,1000,2.931,33300,2.93,20400,2.926,5700,2.923,2000,2.922,9900,2.92,4000,2.915,500,2.907,2200,2.939,1000,2.94,1200,2.943,2000,2.945,1000,2.947,30000,2.959,30000,2.969,5500,2.99,8000,2.997,3500,3.0,4600
2020-08-04 09:32:09.530,2.932,1000.0,2.929,2.938009,2.941,2.935,2.931,33300,2.93,20400,2.926,5700,2.923,2000,2.922,9900,2.915,500,2.907,2200,2.901,45600,2.9,2400,2.893,500,2.932,9000,2.939,1000,2.94,2200,2.943,2000,2.945,1000,2.947,30000,2.959,30000,2.969,5500,2.99,8000,2.997,3500
2020-08-04 09:32:13.240,2.932,300.0,2.929,2.937953,2.941,2.935,2.931,33300,2.93,20400,2.926,5700,2.923,2000,2.922,9900,2.915,500,2.907,2200,2.901,45600,2.9,2400,2.893,500,2.932,8700,2.939,1000,2.94,2200,2.943,2000,2.945,1000,2.947,30000,2.959,30000,2.969,5500,2.99,8000,2.997,3500
2020-08-04 09:32:19.900,2.931,900.0,2.929,2.9377619999999998,2.939,2.935,2.931,32400,2.93,20400,2.926,5700,2.923,2000,2.922,9900,2.915,500,2.907,2200,2.901,45600,2.9,2400,2.893,500,2.932,8700,2.939,1000,2.94,2200,2.943,2000,2.945,1000,2.947,30000,2.959,30000,2.969,5500,2.99,8000,2.997,3500
2020-08-04 09:32:30.300,2.931,500.0,2.929,2.937661,2.937,2.935,2.931,31900,2.93,25300,2.926,5700,2.923,2000,2.922,9900,2.915,500,2.907,2200,2.901,45600,2.9,2400,2.893,500,2.932,8700,2.939,1000,2.94,2200,2.943,2000,2.945,1000,2.947,30000,2.959,30000,2.969,5500,2.99,8000,2.997,3500
2020-08-04 09:32:57.150,2.931,3000.0,2.929,2.9371099999999997,2.936,2.935,2.931,28900,2.93,29300,2.926,5700,2.923,2000,2.922,9900,2.915,500,2.907,2200,2.901,45600,2.9,2400,2.893,500,2.932,8700,2.938,1800,2.939,1000,2.94,2200,2.943,2000,2.945,1000,2.947,30000,2.959,30000,2.969,5500,2.99,8000
2020-08-04 09:33:11.570,2.931,4000.0,2.929,2.9365040000000002,2.939,2.935,2.931,24900,2.93,29300,2.926,5700,2.923,2000,2.922,9900,2.915,500,2.907,2200,2.901,45600,2.9,2400,2.893,500,2.932,8700,2.939,1000,2.94,2200,2.943,2000,2.944,1000,2.945,6000,2.947,30000,2.95,500,2.959,30000,2.969,5500
2020-08-04 09:33:58.730,2.932,8700.0,2.929,2.935704,2.943,2.935,2.932,1300,2.931,24900,2.93,29300,2.926,5700,2.923,2000,2.922,9900,2.915,500,2.907,2200,2.901,45600,2.9,2400,2.933,12100,2.936,2000,2.939,1000,2.94,2200,2.944,1000,2.945,5500,2.947,30000,2.95,500,2.959,30000,2.969,5000
2020-08-04 09:34:00.380,2.931,2000.0,2.929,2.9355450000000003,2.943,2.935,2.931,24200,2.93,29300,2.926,5700,2.923,6800,2.922,9900,2.915,500,2.907,2200,2.901,45600,2.9,2400,2.893,500,2.933,12100,2.936,2000,2.939,1000,2.94,2200,2.944,1000,2.945,5500,2.947,30000,2.95,500,2.959,30000,2.969,5000
2020-08-04 09:34:28.290,2.931,300.0,2.929,2.9355189999999998,2.944,2.935,2.931,23900,2.93,29300,2.926,5700,2.923,2000,2.922,9900,2.919,3500,2.915,500,2.907,2200,2.901,45600,2.9,2400,2.932,2000,2.933,12100,2.936,2000,2.939,1000,2.94,2200,2.944,1000,2.945,5500,2.95,500,2.959,30000,2.969,5000
2020-08-04 09:34:40.750,2.932,2000.0,2.929,2.9353860000000003,2.943,2.935,2.931,23900,2.93,29300,2.926,5700,2.923,2000,2.922,9900,2.919,3500,2.915,500,2.907,2200,2.901,45600,2.9,2400,2.933,12100,2.936,2000,2.939,1000,2.94,2200,2.944,1000,2.945,5500,2.95,500,2.959,30000,2.969,5000,2.99,8000
2020-08-04 09:34:59.670,2.932,7300.0,2.929,2.9349790000000002,2.944,2.935,2.932,2700,2.931,23900,2.93,29300,2.926,5700,2.923,2000,2.922,9900,2.919,3500,2.915,500,2.907,2200,2.901,45600,2.933,12100,2.939,1000,2.94,2200,2.944,1000,2.945,5500,2.95,500,2.959,30000,2.969,5000,2.99,8000,2.997,3000
2020-08-04 09:35:05.580,2.933,12100.0,2.929,2.9346490000000003,2.944,2.935,2.932,2700,2.931,23900,2.93,29300,2.926,5700,2.923,2000,2.922,9900,2.919,3500,2.915,500,2.907,2200,2.901,45600,2.939,1000,2.94,4200,2.944,1000,2.945,5500,2.95,500,2.959,30000,2.969,5000,2.99,8000,2.997,3000,3.0,4100
2020-08-04 09:35:31.110,2.933,2000.0,2.929,2.934605,2.945,2.935,2.933,28000,2.932,4700,2.931,23900,2.93,24400,2.926,5700,2.923,2000,2.922,9900,2.919,3500,2.915,500,2.907,2200,2.939,1000,2.94,4200,2.944,1000,2.945,5500,2.95,500,2.958,2000,2.959,30000,2.969,5000,2.99,8000,2.997,3000
2020-08-04 09:35:46.640,2.939,1000.0,2.929,2.934663,2.945,2.935,2.939,1000,2.933,28000,2.932,2700,2.931,23900,2.93,20400,2.926,5700,2.923,2000,2.922,9900,2.919,3500,2.915,500,2.94,4200,2.944,1500,2.945,5500,2.95,500,2.958,2000,2.959,30000,2.969,5000,2.99,8000,2.997,3000,3.0,4100
2020-08-04 09:36:04.310,2.94,4200.0,2.929,2.9349439999999998,2.949,2.935,2.94,700,2.939,1000,2.933,32000,2.932,2700,2.931,23900,2.93,20400,2.926,5700,2.923,2000,2.922,9900,2.919,3500,2.944,1500,2.945,5500,2.95,500,2.958,2000,2.959,30000,2.969,5000,2.997,3000,3.0,4100,3.011,1800,3.015,2100
2020-08-04 09:36:05.040,2.939,1700.0,2.929,2.935037,2.949,2.935,2.933,32000,2.932,2700,2.931,23900,2.93,20400,2.926,5700,2.923,2000,2.922,9900,2.919,3500,2.915,500,2.907,2200,2.939,300,2.944,1500,2.945,5500,2.95,500,2.958,2000,2.959,30000,2.969,5000,2.997,3000,3.0,4100,3.011,1800
2020-08-04 09:36:20.790,2.939,300.0,2.929,2.9350509999999996,2.953,2.935,2.935,1200,2.933,28000,2.932,2700,2.931,23900,2.93,20400,2.926,5700,2.923,2000,2.922,9900,2.919,3500,2.915,500,2.944,1500,2.945,5500,2.95,500,2.958,2000,2.959,30000,2.969,5000,2.997,3000,3.0,4100,3.011,1800,3.015,2100
2020-08-04 09:36:50.020,2.939,1300.0,2.929,2.9351130000000003,2.954,2.935,2.935,12500,2.933,28000,2.932,2700,2.931,23900,2.93,20400,2.926,5700,2.923,2000,2.922,9900,2.919,3500,2.915,500,2.944,1500,2.945,5500,2.95,500,2.958,2600,2.959,30000,2.969,5000,2.997,3000,3.0,4100,3.011,1800,3.015,2100
2020-08-04 09:37:07.860,2.939,3100.0,2.929,2.935253,2.954,2.935,2.936,16500,2.935,12500,2.933,28000,2.932,2700,2.931,23900,2.93,20400,2.926,5700,2.923,2000,2.922,9900,2.919,3500,2.939,7400,2.94,300,2.944,1500,2.945,5500,2.95,4900,2.958,2600,2.959,30000,2.969,5000,2.997,5000,3.0,4100
2020-08-04 09:37:10.640,2.939,3700.0,2.929,2.935407,2.954,2.935,2.936,16500,2.935,12500,2.933,28000,2.932,2700,2.931,23900,2.93,20400,2.926,5700,2.923,2000,2.922,9900,2.919,3500,2.939,3700,2.94,300,2.944,1500,2.945,5500,2.95,4900,2.958,2600,2.959,30000,2.969,5000,2.997,5000,3.0,4100
2020-08-04 09:37:26.430,2.939,200.0,2.929,2.9354150000000003,2.954,2.935,2.936,21300,2.935,12500,2.933,28000,2.932,2700,2.931,23900,2.93,20400,2.926,5700,2.923,2000,2.922,9900,2.919,3500,2.939,5200,2.94,2300,2.944,1500,2.945,5500,2.95,4900,2.958,2600,2.959,30000,2.969,5000,2.997,5000,3.0,4100
2020-08-04 09:37:29.940,2.939,5200.0,2.929,2.93561,2.955,2.935,2.939,500,2.936,21300,2.935,12500,2.933,28000,2.932,2700,2.931,23900,2.93,20400,2.926,5700,2.923,2000,2.922,9900,2.94,2300,2.944,1500,2.945,5500,2.95,4900,2.958,2600,2.959,30000,2.969,5000,2.997,5000,3.0,4100,3.011,1800
2020-08-04 09:38:34.200,2.939,500.0,2.929,2.935628,2.953,2.935,2.936,21300,2.935,12500,2.933,28000,2.932,2700,2.931,23900,2.93,20400,2.926,5700,2.923,2000,2.922,9900,2.919,3500,2.939,4100,2.94,3300,2.943,5400,2.944,1000,2.945,5500,2.95,4900,2.958,2600,2.959,30000,2.969,5000,2.99,2000
2020-08-04 09:39:27.700,2.936,8900.0,2.929,2.935659,2.949,2.935,2.936,12400,2.935,2200,2.933,28000,2.932,2700,2.93,20400,2.926,5700,2.923,2000,2.922,9900,2.919,3500,2.915,500,2.938,15000,2.939,11100,2.94,3300,2.944,1500,2.945,5500,2.95,4900,2.958,2600,2.969,5000,2.99,2000,2.997,5000
2020-08-04 09:40:11.780,2.936,5000.0,2.929,2.935675,2.947,2.935,2.936,7400,2.935,2200,2.933,28000,2.932,7700,2.93,20400,2.926,5700,2.923,2000,2.922,9900,2.919,3500,2.915,500,2.938,15000,2.939,11100,2.94,3300,2.944,1500,2.945,6000,2.95,4900,2.958,2600,2.964,6200,2.969,5000,2.99,2000
2020-08-04 09:40:13.470,2.936,2900.0,2.929,2.935683,2.947,2.935,2.936,4500,2.935,2200,2.933,28000,2.932,7700,2.93,20400,2.926,5700,2.923,2000,2.922,9900,2.919,3500,2.915,500,2.938,15000,2.939,11100,2.94,3300,2.944,1500,2.945,6000,2.95,4900,2.958,2600,2.964,6200,2.969,5000,2.99,2000
2020-08-04 09:40:22.860,2.936,1100.0,2.929,2.935686,2.947,2.935,2.936,3400,2.935,2200,2.933,28000,2.932,7700,2.93,20400,2.926,5700,2.923,2000,2.922,9900,2.919,3500,2.915,500,2.939,11100,2.94,4300,2.944,1500,2.945,26000,2.95,4900,2.958,2600,2.959,5000,2.964,6200,2.969,5000,2.99,2000
2020-08-04 09:40:38.200,2.939,2000.0,2.929,2.9357439999999997,2.949,2.935,2.936,3400,2.935,2200,2.933,28000,2.932,7700,2.93,25400,2.926,5700,2.923,2000,2.922,9900,2.919,3500,2.915,500,2.939,9100,2.94,4300,2.944,1500,2.945,26000,2.95,4900,2.958,2600,2.959,5000,2.964,6200,2.969,5000,2.99,2000
2020-08-04 09:41:09.020,2.936,100.0,2.929,2.9357439999999997,2.95,2.935,2.936,3300,2.935,2200,2.933,28000,2.932,7700,2.93,30400,2.926,5700,2.923,2000,2.922,9900,2.919,3500,2.915,500,2.939,9100,2.94,4300,2.944,1500,2.945,26000,2.95,4900,2.958,2600,2.959,5000,2.964,6200,2.969,5000,2.99,2000
2020-08-04 09:41:42.450,2.936,3300.0,2.929,2.9357509999999998,2.949,2.935,2.935,2200,2.933,28000,2.932,7700,2.93,30400,2.929,800,2.926,5700,2.923,2000,2.922,9900,2.919,3500,2.915,500,2.938,10000,2.939,9100,2.94,4300,2.944,1500,2.945,26000,2.95,4900,2.958,2600,2.959,5000,2.964,6200,2.969,5000
2020-08-04 09:41:56.890,2.933,14900.0,2.929,2.935478,2.948,2.935,2.933,15300,2.932,7700,2.93,30400,2.929,800,2.926,5700,2.923,2000,2.922,9900,2.919,3500,2.915,500,2.907,2200,2.938,10000,2.939,9100,2.94,4300,2.944,1500,2.945,46000,2.95,4900,2.958,2600,2.959,5000,2.964,6200,2.969,5000
2020-08-04 09:42:05.010,2.933,6900.0,2.929,2.9353569999999998,2.948,2.935,2.933,8400,2.932,7700,2.93,30400,2.929,800,2.926,5700,2.923,2000,2.922,9900,2.919,3500,2.915,500,2.907,2200,2.935,200,2.938,10000,2.939,9100,2.94,4300,2.944,1500,2.945,46000,2.95,4900,2.958,2600,2.959,5000,2.964,6200
2020-08-04 09:42:09.740,2.933,2400.0,2.929,2.935317,2.946,2.935,2.933,6000,2.932,7700,2.93,30400,2.929,800,2.926,5700,2.923,2000,2.922,9900,2.919,3500,2.915,500,2.907,2200,2.935,200,2.938,10000,2.939,9100,2.94,4300,2.944,1500,2.945,46000,2.95,4900,2.958,2600,2.959,5000,2.964,6200
2020-08-04 09:42:43.030,2.932,7700.0,2.929,2.935148,2.943,2.935,2.93,30400,2.929,800,2.926,5700,2.923,2000,2.922,9900,2.919,3500,2.915,500,2.907,2200,2.901,45600,2.9,2400,2.932,300,2.935,200,2.938,10000,2.939,2200,2.94,4300,2.944,1500,2.945,46000,2.95,4900,2.958,2600,2.959,5000
2020-08-04 09:43:12.180,2.93,1000.0,2.929,2.935114,2.942,2.935,2.93,29400,2.929,800,2.926,5700,2.923,2000,2.922,9900,2.919,3500,2.915,500,2.907,2200,2.901,45600,2.9,2400,2.932,5300,2.935,200,2.938,10000,2.939,2200,2.94,4300,2.944,1500,2.945,46000,2.95,4900,2.958,2600,2.959,5000
2020-08-04 09:43:47.780,2.932,5000.0,2.929,2.935015,2.943,2.935,2.932,25000,2.931,30000,2.93,29400,2.929,800,2.927,3400,2.926,5700,2.923,2000,2.922,9900,2.919,3500,2.915,500,2.935,200,2.939,2200,2.94,4300,2.944,1500,2.945,46000,2.95,4900,2.958,2600,2.959,5000,2.964,6200,2.969,5000
2020-08-04 09:43:56.100,2.931,11700.0,2.929,2.9347369999999997,2.943,2.935,2.931,18300,2.93,29400,2.929,800,2.927,3400,2.926,5700,2.923,2000,2.922,9900,2.919,3500,2.915,500,2.907,2200,2.935,200,2.939,2200,2.94,4300,2.944,1500,2.945,46000,2.95,4900,2.958,2600,2.959,5000,2.964,6200,2.969,5000
2020-08-04 09:44:09.510,2.931,1400.0,2.929,2.9347060000000003,2.942,2.935,2.931,16900,2.93,31400,2.929,800,2.927,3400,2.926,5700,2.923,2000,2.922,9900,2.919,3500,2.915,500,2.907,2200,2.935,200,2.939,2200,2.94,4300,2.944,1500,2.945,46000,2.95,4900,2.958,2600,2.959,5000,2.964,6200,2.969,5000
2020-08-04 09:44:51.100,2.931,1000.0,2.929,2.934685,2.941,2.935,2.93,31400,2.929,800,2.927,3400,2.926,5700,2.923,2000,2.922,9900,2.919,3500,2.915,500,2.907,2200,2.901,45600,2.931,3900,2.935,200,2.939,2200,2.94,4300,2.944,1500,2.945,46000,2.95,4900,2.958,2600,2.959,5000,2.964,6200
2020-08-04 09:45:46.180,2.93,100.0,2.929,2.934682,2.94,2.935,2.93,31300,2.929,800,2.927,3400,2.926,5700,2.923,2000,2.922,9900,2.919,3500,2.915,500,2.907,2200,2.901,45600,2.931,18900,2.935,200,2.938,500,2.939,2200,2.94,4300,2.944,1500,2.945,45500,2.95,4900,2.958,2600,2.959,5000
2020-08-04 09:46:31.190,2.931,18900.0,2.929,2.934316,2.944,2.935,2.93,31300,2.929,800,2.927,3400,2.926,5700,2.923,2000,2.922,9900,2.919,3500,2.915,500,2.907,2200,2.901,45600,2.935,200,2.938,500,2.939,2200,2.94,4300,2.944,1500,2.945,45500,2.95,4900,2.958,2600,2.959,5000,2.964,6200
2020-08-04 09:46:32.900,2.93,1000.0,2.929,2.934293,2.944,2.935,2.93,30300,2.929,800,2.927,3400,2.926,6200,2.923,2000,2.922,9900,2.919,3500,2.915,500,2.907,2200,2.901,45600,2.935,200,2.938,500,2.939,2200,2.94,4300,2.944,1500,2.945,45500,2.95,4900,2.958,2600,2.959,5000,2.964,6200
2020-08-04 09:46:48.050,2.93,1000.0,2.929,2.934271,2.945,2.935,2.93,33900,2.929,800,2.927,3400,2.926,6800,2.923,2000,2.922,9900,2.919,3500,2.915,500,2.907,2200,2.901,45600,2.935,200,2.938,500,2.939,2200,2.94,4300,2.944,1500,2.945,45500,2.95,4900,2.958,2600,2.959,5000,2.964,6200
2020-08-04 09:49:52.990,2.934,1000.0,2.929,2.93427,2.945,2.935,2.932,5000,2.931,30300,2.93,45700,2.929,900,2.928,200,2.927,3400,2.926,5700,2.923,2000,2.922,9900,2.919,3500,2.935,200,2.938,2500,2.939,2200,2.94,4300,2.944,1500,2.945,45500,2.95,4900,2.952,7100,2.958,2600,2.959,5000
2020-08-04 09:50:10.930,2.932,5000.0,2.929,2.934212,2.945,2.935,2.931,30300,2.93,45100,2.929,900,2.928,200,2.927,3400,2.926,5700,2.923,2000,2.922,9900,2.919,3500,2.918,12000,2.932,4000,2.935,200,2.938,2500,2.939,2200,2.94,4300,2.944,1500,2.945,45500,2.95,4900,2.952,7100,2.958,2600
2020-08-04 09:50:15.770,2.932,4000.0,2.929,2.934169,2.946,2.935,2.932,26000,2.931,30300,2.93,45100,2.929,900,2.928,200,2.927,3400,2.926,5700,2.923,2000,2.922,9900,2.919,3500,2.935,200,2.938,2500,2.939,2200,2.94,4300,2.944,1500,2.945,45500,2.95,4900,2.952,7100,2.958,2600,2.959,5000
2020-08-04 09:50:36.060,2.932,8000.0,2.929,2.934086,2.947,2.935,2.932,22000,2.931,300,2.93,45100,2.929,900,2.928,200,2.927,3400,2.926,5700,2.923,2000,2.922,9900,2.919,3500,2.934,1000,2.935,200,2.938,2500,2.939,2200,2.94,4300,2.944,1500,2.945,45500,2.95,4900,2.952,7100,2.958,2600
2020-08-04 09:50:48.260,2.934,1000.0,2.929,2.934086,2.947,2.935,2.934,3000,2.932,22000,2.931,4300,2.93,45100,2.929,900,2.928,200,2.927,3400,2.926,5700,2.923,2000,2.922,9900,2.935,200,2.938,2500,2.939,2200,2.94,4300,2.944,1500,2.945,45500,2.95,4900,2.952,7100,2.958,2600,2.959,5000
2020-08-04 09:52:25.110,2.934,4500.0,2.929,2.934084,2.946,2.935,2.934,25500,2.933,3400,2.932,22000,2.931,6300,2.93,35800,2.929,900,2.928,200,2.927,3400,2.926,5700,2.923,2000,2.935,200,2.938,2500,2.939,2200,2.94,4300,2.943,4000,2.944,1500,2.945,71600,2.95,4900,2.952,7100,2.958,2600
2020-08-04 09:52:33.880,2.933,28900.0,2.929,2.9340599999999997,2.946,2.935,2.932,22000,2.931,6300,2.93,35800,2.929,900,2.928,200,2.927,3400,2.926,5700,2.923,2000,2.919,3500,2.918,12000,2.933,1100,2.935,200,2.938,2500,2.939,2200,2.94,4300,2.943,4000,2.944,1500,2.945,71100,2.95,4900,2.952,7100
2020-08-04 09:52:35.480,2.933,200.0,2.929,2.934059,2.946,2.935,2.932,22000,2.931,6300,2.93,35800,2.929,900,2.928,200,2.927,3400,2.926,5700,2.923,2000,2.919,3500,2.918,12000,2.933,900,2.934,1000,2.935,200,2.938,2500,2.939,2200,2.94,4300,2.943,4000,2.944,1500,2.945,71100,2.95,4900
2020-08-04 09:52:44.850,2.933,900.0,2.929,2.934055,2.947,2.935,2.933,29100,2.932,22000,2.931,6300,2.93,35800,2.929,900,2.928,200,2.927,3400,2.926,5700,2.923,2000,2.919,3500,2.934,1000,2.935,200,2.938,2500,2.939,2200,2.94,4300,2.943,4000,2.944,1500,2.945,71100,2.95,4900,2.952,7100
2020-08-04 09:52:58.240,2.935,1200.0,2.929,2.934056,2.947,2.935,2.933,29700,2.932,22000,2.931,6300,2.93,38000,2.929,900,2.928,200,2.927,3400,2.926,5700,2.923,2000,2.919,3500,2.938,2500,2.939,2200,2.94,4800,2.943,4000,2.944,1500,2.945,71100,2.95,4900,2.952,7100,2.958,2600,2.959,5000
2020-08-04 09:53:53.870,2.933,5000.0,2.929,2.9340349999999997,2.948,2.935,2.933,24700,2.932,22000,2.931,6300,2.93,38000,2.929,900,2.928,200,2.927,3400,2.926,5700,2.923,2000,2.919,3500,2.938,2500,2.939,2200,2.94,8200,2.943,4500,2.944,1000,2.945,71100,2.95,4900,2.952,7100,2.958,2600,2.959,5000
2020-08-04 09:54:23.480,2.933,200.0,2.929,2.934034,2.948,2.935,2.933,24500,2.932,22000,2.931,6300,2.93,39000,2.929,900,2.928,200,2.927,3400,2.926,5700,2.923,2000,2.919,3500,2.938,2500,2.939,2200,2.94,8200,2.943,4500,2.944,1000,2.945,71100,2.95,4900,2.952,7100,2.958,2600,2.959,5000
2020-08-04 09:54:26.500,2.933,2900.0,2.929,2.934022,2.948,2.935,2.933,21600,2.932,22000,2.931,6300,2.93,39000,2.929,900,2.928,200,2.927,3400,2.926,5700,2.923,2000,2.919,3500,2.938,2500,2.939,2200,2.94,8200,2.943,4500,2.944,1000,2.945,71100,2.95,4900,2.952,7100,2.958,2600,2.959,5000
2020-08-04 09:56:10.660,2.933,5000.0,2.929,2.934016,2.948,2.935,2.933,26300,2.932,22000,2.931,6300,2.93,39000,2.929,900,2.928,200,2.927,3400,2.926,5700,2.923,2000,2.919,3500,2.938,2500,2.939,2200,2.94,8200,2.943,4500,2.944,1000,2.945,71100,2.95,4900,2.952,7100,2.958,2600,2.959,5000
2020-08-04 09:57:14.990,2.934,100.0,2.929,2.934016,2.943,2.935,2.934,900,2.933,6900,2.932,22000,2.931,6000,2.93,39000,2.929,900,2.928,200,2.927,3400,2.926,5700,2.923,2000,2.938,2500,2.939,2200,2.94,8200,2.943,4500,2.944,1000,2.945,71100,2.95,4900,2.952,7100,2.958,2600,2.959,5000
2020-08-04 09:58:20.650,2.934,900.0,2.929,2.934016,2.941,2.935,2.933,6900,2.932,4000,2.931,6000,2.93,39000,2.929,900,2.928,200,2.927,3400,2.926,5700,2.923,2000,2.919,3500,2.934,9100,2.937,200,2.938,2500,2.939,2200,2.94,8200,2.943,4500,2.944,1000,2.945,71100,2.95,4900,2.952,7100
2020-08-04 09:58:46.400,2.934,500.0,2.929,2.934016,2.94,2.935,2.933,6900,2.932,4000,2.931,6000,2.93,39000,2.929,900,2.928,200,2.927,3400,2.926,5700,2.923,2000,2.919,3500,2.934,8600,2.937,2000,2.938,2500,2.939,2200,2.94,8200,2.943,4500,2.944,1000,2.945,71100,2.95,4900,2.952,7100
2020-08-04 09:59:37.690,2.933,1700.0,2.929,2.934009,2.94,2.935,2.933,5200,2.932,4000,2.931,6000,2.93,39000,2.929,900,2.928,200,2.927,3400,2.926,5700,2.923,2000,2.919,3500,2.934,8600,2.937,4000,2.938,2500,2.939,2200,2.94,7900,2.943,4500,2.944,1000,2.945,71100,2.95,4900,2.952,7100
2020-08-04 09:59:42.520,2.933,300.0,2.929,2.9340080000000004,2.94,2.935,2.933,4900,2.932,4000,2.931,6000,2.93,39000,2.929,900,2.928,200,2.927,3400,2.926,5700,2.923,2000,2.919,3500,2.934,8600,2.937,4000,2.938,2500,2.939,2200,2.94,7900,2.943,4500,2.944,1000,2.945,71100,2.95,4900,2.952,7100
2020-08-04 10:00:23.650,2.933,100.0,2.929,2.9340080000000004,2.938,2.935,2.933,26800,2.932,4000,2.931,6000,2.93,39000,2.929,900,2.928,200,2.927,3400,2.926,5700,2.923,2000,2.919,3500,2.934,8600,2.937,4000,2.938,2500,2.939,2200,2.94,7900,2.943,4500,2.944,1000,2.945,71100,2.95,4900,2.952,7100
2020-08-04 10:01:43.140,2.934,400.0,2.929,2.9340080000000004,2.942,2.935,2.933,26800,2.932,4000,2.931,6000,2.93,39000,2.929,900,2.928,200,2.927,3400,2.926,5700,2.923,2000,2.919,3500,2.934,8200,2.937,4000,2.938,2500,2.939,2200,2.94,7900,2.943,4500,2.944,1000,2.945,71100,2.95,4900,2.952,7100
2020-08-04 10:02:01.520,2.933,9400.0,2.929,2.933973,2.942,2.935,2.933,17400,2.932,4000,2.931,6000,2.93,39000,2.929,900,2.928,200,2.927,3400,2.926,5700,2.923,2000,2.919,3500,2.934,8200,2.937,4000,2.938,2500,2.939,2200,2.94,7900,2.943,4500,2.944,1000,2.945,71100,2.95,4900,2.952,7100
2020-08-04 10:02:01.620,2.933,100.0,2.929,2.933973,2.943,2.935,2.933,17300,2.932,4000,2.931,6000,2.93,39000,2.929,900,2.928,200,2.927,3400,2.926,6700,2.923,2000,2.919,3500,2.934,8200,2.937,4000,2.938,2500,2.939,2200,2.94,7900,2.943,4500,2.944,1000,2.945,71100,2.95,4900,2.952,7100
2020-08-04 10:02:40.040,2.933,200.0,2.929,2.9339720000000002,2.942,2.935,2.933,17100,2.932,4000,2.931,6000,2.93,39000,2.929,900,2.928,200,2.927,3400,2.926,6700,2.923,2000,2.919,3500,2.934,8200,2.937,4000,2.938,2500,2.939,2200,2.94,7900,2.943,4500,2.944,1000,2.945,71100,2.95,4900,2.952,7100
2020-08-04 10:03:27.500,2.933,5200.0,2.929,2.933954,2.94,2.935,2.933,11900,2.932,4000,2.931,6000,2.93,39000,2.929,900,2.928,200,2.927,3400,2.926,6700,2.919,3500,2.916,2000,2.934,8200,2.937,4000,2.938,2500,2.939,2200,2.94,7900,2.943,4500,2.944,1000,2.945,71100,2.95,4900,2.952,7100
2020-08-04 10:03:46.720,2.933,300.0,2.929,2.933953,2.939,2.935,2.933,11600,2.932,4000,2.931,6000,2.93,49000,2.929,900,2.928,200,2.927,3400,2.926,6700,2.92,2000,2.919,3500,2.934,8200,2.937,4000,2.938,2500,2.939,2200,2.94,7900,2.943,4500,2.944,1000,2.945,71100,2.949,1200,2.95,4900
2020-08-04 10:04:33.240,2.933,11600.0,2.929,2.9339150000000003,2.936,2.935,2.932,4500,2.931,6000,2.93,49000,2.929,900,2.928,200,2.927,3400,2.926,6700,2.92,2000,2.919,3500,2.916,2000,2.933,2400,2.934,8200,2.937,4000,2.938,2500,2.939,2200,2.94,7900,2.943,4500,2.944,1000,2.945,71100,2.949,1200
2020-08-04 10:04:47.960,2.932,4500.0,2.929,2.933886,2.935,2.935,2.931,6000,2.93,49000,2.929,900,2.928,200,2.926,6700,2.92,2000,2.919,3500,2.916,2000,2.915,500,2.907,2200,2.933,2400,2.934,8200,2.937,4000,2.938,2500,2.939,2200,2.94,7900,2.943,4500,2.944,1000,2.945,71100,2.949,1200
2020-08-04 10:04:49.550,2.933,300.0,2.929,2.933885,2.935,2.935,2.931,6000,2.93,49000,2.929,900,2.928,200,2.926,6700,2.92,2000,2.919,3500,2.916,2000,2.915,500,2.907,2200,2.933,2100,2.934,8200,2.937,4000,2.938,2500,2.939,2200,2.94,7900,2.943,4500,2.944,1000,2.945,71100,2.949,1200
2020-08-04 10:05:28.430,2.933,600.0,2.929,2.9338830000000002,2.934,2.935,2.93,39000,2.929,900,2.928,200,2.927,10000,2.926,6800,2.92,2000,2.919,3500,2.916,2000,2.915,500,2.907,2200,2.933,20200,2.934,8200,2.937,4000,2.938,2500,2.939,2200,2.94,7900,2.943,4500,2.944,1000,2.945,71100,2.949,1200
2020-08-04 10:05:59.520,2.93,1000.0,2.929,2.93387,2.935,2.935,2.93,38000,2.929,900,2.928,200,2.927,10000,2.926,6800,2.92,2000,2.919,3500,2.916,2000,2.915,500,2.907,2200,2.933,20200,2.934,8200,2.937,4000,2.938,2500,2.939,2200,2.94,7900,2.943,4500,2.944,1000,2.945,71100,2.949,1200
2020-08-04 10:06:16.790,2.93,8000.0,2.929,2.933768,2.935,2.935,2.93,29000,2.929,900,2.928,200,2.927,10000,2.926,6800,2.92,2000,2.919,3500,2.916,2000,2.915,500,2.907,2200,2.933,20200,2.934,8200,2.937,4000,2.938,2500,2.939,2200,2.94,7900,2.943,4500,2.944,1000,2.945,71100,2.949,1200
2020-08-04 10:06:23.890,2.93,3000.0,2.929,2.933732,2.935,2.935,2.93,26000,2.929,900,2.928,200,2.927,10000,2.926,6800,2.92,2000,2.919,3500,2.916,2000,2.915,500,2.907,2200,2.933,20200,2.934,8200,2.937,4000,2.938,2500,2.939,2200,2.94,7900,2.943,4500,2.944,1000,2.945,71100,2.949,1200
2020-08-04 10:06:42.330,2.933,400.0,2.929,2.9337310000000003,2.935,2.935,2.93,26000,2.929,900,2.928,200,2.927,10000,2.926,6800,2.92,2000,2.919,3500,2.916,2000,2.915,500,2.907,2200,2.933,19800,2.934,8200,2.937,4000,2.938,2500,2.939,2200,2.94,7900,2.943,4500,2.944,1000,2.945,71100,2.949,1200
2020-08-04 10:08:04.750,2.93,8400.0,2.929,2.933632,2.936,2.935,2.93,17800,2.929,10900,2.928,10200,2.927,10000,2.926,6800,2.92,2000,2.919,3500,2.916,2000,2.915,500,2.907,2200,2.933,49800,2.934,8200,2.937,4000,2.938,2500,2.939,2200,2.94,7900,2.943,4000,2.944,1000,2.945,71100,2.949,1200
2020-08-04 10:09:45.510,2.93,2600.0,2.929,2.933602,2.936,2.935,2.93,20500,2.929,900,2.928,10200,2.927,10000,2.926,6800,2.92,2000,2.919,3500,2.916,2000,2.915,500,2.907,2200,2.933,54700,2.934,12200,2.937,4000,2.938,2500,2.939,2200,2.94,7900,2.944,1000,2.945,71100,2.949,1200,2.95,4900
2020-08-04 10:09:46.320,2.93,500.0,2.929,2.9335970000000002,2.936,2.935,2.93,20000,2.929,900,2.928,10200,2.927,10000,2.926,6800,2.92,2000,2.919,3500,2.916,2000,2.915,500,2.907,2200,2.933,54700,2.934,12200,2.937,4000,2.938,2500,2.939,2200,2.94,7900,2.944,1000,2.945,71100,2.949,1200,2.95,4900
2020-08-04 10:09:56.480,2.93,2400.0,2.929,2.93357,2.936,2.935,2.93,17600,2.929,900,2.928,10200,2.927,10000,2.926,6800,2.92,2000,2.919,3500,2.916,2000,2.915,500,2.907,2200,2.933,24700,2.934,12200,2.937,4000,2.938,2500,2.939,2200,2.94,7900,2.944,1000,2.945,71100,2.949,1200,2.95,4900
2020-08-04 10:12:10.540,2.931,5000.0,2.929,2.9335310000000003,2.937,2.935,2.931,25000,2.93,27600,2.929,10900,2.928,10200,2.926,6800,2.92,2000,2.919,3500,2.918,100,2.916,2000,2.915,500,2.932,1200,2.933,24700,2.934,12200,2.937,3800,2.938,2500,2.939,2500,2.94,7900,2.944,1000,2.945,71100,2.949,1200
2020-08-04 10:12:27.500,2.934,30000.0,2.929,2.933494,2.94,2.935,2.931,25000,2.93,27600,2.929,10900,2.928,10200,2.926,6800,2.92,2000,2.919,3500,2.918,100,2.916,2000,2.915,500,2.934,8100,2.937,3800,2.938,2500,2.939,2500,2.94,7900,2.944,1000,2.945,71100,2.949,1200,2.95,4900,2.952,7100
2020-08-04 10:12:28.540,2.934,8100.0,2.929,2.933505,2.941,2.935,2.934,21900,2.932,1200,2.931,25000,2.93,27600,2.929,10900,2.928,10200,2.926,6800,2.92,2000,2.919,3500,2.918,100,2.937,3800,2.938,2500,2.939,2500,2.94,7900,2.944,1000,2.945,71100,2.949,1200,2.95,4900,2.952,7100,2.958,2600
2020-08-04 10:13:42.090,2.934,800.0,2.929,2.933507,2.941,2.935,2.934,9200,2.933,10000,2.932,31200,2.93,24600,2.929,900,2.928,200,2.926,1000,2.92,2000,2.919,3500,2.918,100,2.937,33800,2.938,2500,2.939,2500,2.94,7900,2.944,1500,2.945,71100,2.949,1200,2.95,4900,2.952,7100,2.958,2600
2020-08-04 10:14:55.420,2.933,1000.0,2.929,2.933505,2.942,2.935,2.933,9000,2.932,31200,2.93,24600,2.929,900,2.928,200,2.926,1000,2.92,2000,2.919,3500,2.918,100,2.916,2000,2.937,33800,2.938,2500,2.939,2500,2.94,7900,2.944,1500,2.945,71100,2.949,1200,2.95,4900,2.952,7100,2.958,2600
2020-08-04 10:17:30.990,2.933,300.0,2.929,2.933505,2.938,2.935,2.931,44000,2.93,28600,2.929,900,2.928,200,2.927,400,2.926,1000,2.92,2000,2.919,3500,2.918,100,2.916,2000,2.933,5100,2.935,3500,2.937,3800,2.938,2500,2.939,2500,2.94,7900,2.944,1500,2.945,71100,2.949,1200,2.95,4900
2020-08-04 10:18:16.200,2.933,600.0,2.929,2.933504,2.938,2.935,2.931,34000,2.93,28600,2.929,10900,2.928,200,2.927,400,2.926,1000,2.92,2000,2.919,3500,2.918,100,2.916,2000,2.933,4500,2.935,3500,2.937,3800,2.938,2500,2.939,2500,2.94,7900,2.944,1500,2.945,71100,2.949,1200,2.95,4900
2020-08-04 10:18:20.730,2.931,5000.0,2.929,2.9334700000000002,2.938,2.935,2.931,29000,2.93,28600,2.929,10900,2.928,200,2.926,1000,2.925,1000,2.92,2000,2.919,3500,2.918,100,2.916,2000,2.933,4500,2.935,3500,2.937,3800,2.938,2500,2.939,2500,2.94,7900,2.944,1500,2.945,71100,2.949,1200,2.95,4900
2020-08-04 10:20:35.890,2.931,28700.0,2.929,2.933294,2.936,2.935,2.931,10300,2.93,28600,2.929,10900,2.928,200,2.926,1000,2.925,1000,2.92,2000,2.919,3500,2.918,100,2.916,2000,2.933,4700,2.935,3500,2.937,3800,2.938,2500,2.939,2500,2.94,7900,2.943,5000,2.944,1500,2.945,71100,2.949,1200
2020-08-04 10:20:43.950,2.931,300.0,2.929,2.933292,2.936,2.935,2.93,18600,2.929,10900,2.928,200,2.926,1000,2.925,1000,2.92,2000,2.919,3500,2.918,100,2.916,2000,2.915,500,2.931,3200,2.933,4700,2.937,3800,2.938,2500,2.939,2500,2.94,7900,2.943,5000,2.944,1500,2.945,71100,2.949,1200
2020-08-04 10:21:01.230,2.93,3500.0,2.929,2.933264,2.935,2.935,2.93,15100,2.929,10900,2.928,10200,2.926,1000,2.925,1000,2.92,2000,2.919,3500,2.918,100,2.916,2000,2.915,500,2.931,3200,2.933,4700,2.937,3800,2.938,2500,2.939,2500,2.94,7900,2.943,5000,2.944,1500,2.945,71100,2.949,1200
2020-08-04 10:21:16.340,2.931,400.0,2.929,2.933262,2.935,2.935,2.93,15100,2.929,10900,2.928,10200,2.926,1000,2.925,1000,2.92,2000,2.919,3500,2.918,100,2.916,2000,2.915,500,2.931,2800,2.933,4700,2.937,3800,2.938,2500,2.939,2500,2.94,7900,2.943,5000,2.944,1500,2.945,71100,2.949,1200
2020-08-04 10:24:44.280,2.93,15100.0,2.929,2.933145,2.936,2.935,2.929,10900,2.928,10200,2.926,1000,2.925,1000,2.92,2000,2.919,3500,2.918,100,2.916,2000,2.915,500,2.907,2200,2.93,14900,2.931,2800,2.933,4700,2.935,81300,2.937,3800,2.938,2500,2.939,3500,2.94,7900,2.943,5000,2.944,3000
2020-08-04 10:24:51.330,2.93,14900.0,2.929,2.933037,2.936,2.935,2.93,15100,2.929,10900,2.928,10200,2.926,1000,2.925,1000,2.92,2000,2.919,3500,2.918,100,2.916,2000,2.915,500,2.931,2800,2.933,4700,2.935,81300,2.937,3800,2.938,2500,2.939,3500,2.94,7900,2.943,5000,2.944,3000,2.945,71100
2020-08-04 10:25:08.200,2.931,2800.0,2.929,2.933024,2.937,2.935,2.93,15100,2.929,10900,2.928,10200,2.926,1000,2.925,1000,2.92,2000,2.919,3500,2.918,100,2.916,2000,2.915,500,2.933,4700,2.935,81300,2.937,3800,2.938,2500,2.939,3500,2.94,7900,2.943,5000,2.944,3000,2.945,71100,2.949,1200
2020-08-04 10:27:53.450,2.931,1000.0,2.929,2.93302,2.938,2.935,2.93,17000,2.929,10900,2.928,10200,2.926,1000,2.92,2500,2.919,3500,2.918,100,2.916,2000,2.915,500,2.907,2200,2.931,1000,2.933,7200,2.935,78000,2.937,3800,2.938,500,2.939,3500,2.94,7900,2.943,5000,2.944,3000,2.945,71100
2020-08-04 10:28:25.910,2.93,100.0,2.929,2.933019,2.938,2.935,2.93,16900,2.929,10900,2.928,10200,2.926,1000,2.92,2500,2.919,3500,2.918,100,2.916,2000,2.915,500,2.907,2200,2.931,1000,2.933,7200,2.935,78000,2.937,3800,2.938,500,2.939,3500,2.94,7900,2.943,5000,2.944,3000,2.945,71100
2020-08-04 10:29:12.870,2.93,2000.0,2.929,2.933005,2.938,2.935,2.93,4900,2.929,10900,2.928,10200,2.926,1000,2.92,2500,2.919,3500,2.918,100,2.916,2000,2.915,500,2.907,2200,2.931,1000,2.933,7200,2.935,95200,2.937,3800,2.938,5500,2.939,3500,2.94,7900,2.943,5000,2.944,3000,2.945,71100
2020-08-04 10:30:07.960,2.93,1100.0,2.929,2.932998,2.938,2.935,2.93,4600,2.929,10900,2.928,10200,2.926,1000,2.92,2500,2.919,3500,2.918,100,2.916,2000,2.915,500,2.907,2200,2.931,1000,2.933,7200,2.935,95200,2.937,3800,2.938,5500,2.939,3500,2.94,7900,2.943,5000,2.944,3000,2.945,71100
2020-08-04 10:30:25.400,2.931,1000.0,2.929,2.932993,2.939,2.935,2.931,29000,2.93,14600,2.929,10900,2.928,10200,2.926,1000,2.92,2500,2.919,3500,2.918,100,2.916,2000,2.915,500,2.933,7200,2.935,95200,2.937,3800,2.938,5500,2.939,3500,2.94,7900,2.943,5000,2.944,3000,2.945,71100,2.949,1200
2020-08-04 10:30:34.660,2.931,900.0,2.929,2.932989,2.94,2.935,2.931,28100,2.93,14600,2.929,10900,2.928,10200,2.926,1000,2.92,2500,2.919,3500,2.918,100,2.916,2000,2.915,500,2.933,7200,2.935,95200,2.937,3800,2.938,5500,2.939,3500,2.94,7900,2.943,5000,2.944,3000,2.945,71100,2.949,1200
2020-08-04 10:31:04.800,2.931,20000.0,2.929,2.932904,2.94,2.935,2.931,18300,2.93,13800,2.929,10900,2.928,200,2.926,1000,2.92,2500,2.919,3500,2.918,100,2.916,2000,2.915,500,2.933,7200,2.935,95200,2.937,3800,2.938,5500,2.939,3500,2.94,7900,2.943,5000,2.944,3000,2.945,71100,2.949,1200
2020-08-04 10:31:15.780,2.933,800.0,2.929,2.932904,2.94,2.935,2.931,18300,2.93,13800,2.929,20900,2.928,200,2.926,1000,2.92,2500,2.919,3500,2.918,100,2.916,2000,2.915,500,2.933,6400,2.935,95200,2.937,3800,2.938,5500,2.939,3500,2.94,7900,2.943,5000,2.944,3000,2.945,71100,2.949,1200
2020-08-04 10:31:54.110,2.931,3600.0,2.929,2.932889,2.939,2.935,2.931,4700,2.93,13800,2.929,20900,2.928,200,2.926,1000,2.92,2500,2.919,3500,2.918,100,2.916,2000,2.915,500,2.933,6400,2.935,95200,2.937,3800,2.938,5500,2.939,3500,2.94,7900,2.943,5000,2.944,3000,2.945,71100,2.949,1200
2020-08-04 10:32:50.510,2.931,4700.0,2.929,2.932871,2.939,2.935,2.93,3800,2.929,20900,2.928,200,2.926,1000,2.92,2500,2.919,3500,2.918,100,2.916,2000,2.915,500,2.907,2200,2.931,300,2.933,6400,2.935,95200,2.937,3800,2.938,5500,2.939,3500,2.94,7900,2.943,5000,2.944,3000,2.945,71100
2020-08-04 10:34:42.670,2.931,300.0,2.929,2.93287,2.94,2.935,2.93,13800,2.929,20900,2.928,200,2.926,1000,2.92,2500,2.919,3500,2.918,100,2.916,2000,2.915,500,2.907,2200,2.933,6400,2.935,95200,2.937,3800,2.938,5500,2.939,3500,2.94,7900,2.943,5000,2.944,3000,2.945,71100,2.949,1200
2020-08-04 10:35:45.070,2.932,300.0,2.929,2.9328689999999997,2.941,2.935,2.932,9700,2.931,30000,2.93,13800,2.929,10900,2.928,200,2.926,1000,2.92,7500,2.919,3500,2.918,100,2.916,2000,2.933,6400,2.935,95200,2.937,3800,2.938,5500,2.939,3500,2.94,7900,2.943,5000,2.944,3000,2.945,71100,2.949,1200
2020-08-04 10:36:04.440,2.933,2000.0,2.929,2.93287,2.941,2.935,2.932,9700,2.931,30000,2.93,13800,2.929,10900,2.928,200,2.926,1000,2.92,7500,2.919,3500,2.918,100,2.916,2000,2.933,4400,2.935,95200,2.937,3800,2.938,5500,2.939,3500,2.94,7900,2.943,5000,2.944,3000,2.945,71100,2.949,1200
2020-08-04 10:38:14.860,2.93,2000.0,2.929,2.932858,2.94,2.935,2.93,1800,2.929,20900,2.928,200,2.926,1000,2.92,7500,2.919,3500,2.918,100,2.916,2000,2.915,500,2.912,500,2.933,6200,2.935,95200,2.937,2000,2.938,5500,2.939,3500,2.94,7900,2.943,5000,2.944,3000,2.945,71100,2.949,1200
2020-08-04 10:38:18.210,2.93,1800.0,2.929,2.932847,2.939,2.935,2.929,20900,2.928,200,2.926,1000,2.92,7500,2.919,3500,2.918,100,2.916,2000,2.915,500,2.912,500,2.907,2200,2.93,1200,2.933,6200,2.935,95200,2.937,2000,2.938,5500,2.939,3500,2.94,12300,2.943,5000,2.944,3000,2.945,71100
2020-08-04 10:38:25.530,2.93,1200.0,2.929,2.93284,2.939,2.935,2.93,8800,2.929,20900,2.928,200,2.926,1000,2.92,7500,2.919,3500,2.918,100,2.916,2000,2.915,500,2.912,500,2.933,6200,2.935,95200,2.937,2000,2.938,5500,2.939,3500,2.94,12300,2.943,5000,2.944,3000,2.945,71100,2.949,1200
2020-08-04 10:39:22.980,2.93,100.0,2.929,2.932839,2.939,2.935,2.93,8700,2.929,20900,2.928,200,2.926,1000,2.92,7500,2.919,3500,2.918,100,2.916,2000,2.915,500,2.912,500,2.933,6200,2.935,95200,2.937,2000,2.938,5500,2.939,3500,2.94,12300,2.943,5000,2.944,3000,2.945,71100,2.949,1200
2020-08-04 10:40:55.480,2.933,6200.0,2.929,2.932841,2.941,2.935,2.932,10000,2.931,30000,2.93,18700,2.929,10900,2.928,200,2.926,1000,2.92,7500,2.919,3500,2.918,100,2.916,2000,2.935,95200,2.937,2000,2.938,5500,2.939,6300,2.94,12300,2.943,5000,2.944,3000,2.945,71100,2.949,1200,2.95,500
2020-08-04 10:41:36.320,2.932,700.0,2.929,2.93284,2.942,2.935,2.932,9300,2.931,30000,2.93,28700,2.929,10900,2.928,200,2.926,1000,2.92,7500,2.919,3500,2.918,100,2.916,2000,2.935,95200,2.937,2000,2.938,5500,2.939,6300,2.94,12300,2.943,5000,2.944,3000,2.945,71100,2.949,1200,2.95,500
2020-08-04 10:42:25.810,2.935,44200.0,2.929,2.933019,2.944,2.935,2.932,9300,2.931,30000,2.93,28700,2.929,10900,2.928,200,2.926,1000,2.92,7500,2.919,3500,2.918,100,2.916,2000,2.935,51000,2.937,2000,2.938,5500,2.939,6300,2.94,12300,2.943,5000,2.944,3000,2.945,71100,2.949,1200,2.95,500
2020-08-04 10:42:29.050,2.935,51000.0,2.929,2.933192,2.944,2.935,2.935,178200,2.932,9300,2.931,30000,2.93,28700,2.929,10900,2.928,200,2.926,1000,2.92,7500,2.919,3500,2.918,100,2.937,2000,2.938,5500,2.939,6300,2.94,12300,2.943,5000,2.944,3000,2.945,71100,2.949,1200,2.95,500,2.952,7100
2020-08-04 10:43:24.370,2.935,10000.0,2.929,2.933223,2.945,2.935,2.931,30000,2.93,20100,2.929,10900,2.928,200,2.926,1000,2.92,7500,2.919,3500,2.918,100,2.916,2000,2.915,500,2.935,20000,2.937,2000,2.938,5500,2.939,6300,2.94,12300,2.943,5500,2.944,2500,2.945,71100,2.949,1200,2.95,500
2020-08-04 10:43:30.350,2.935,10000.0,2.929,2.933252,2.945,2.935,2.931,30000,2.93,20100,2.929,10900,2.928,200,2.926,1000,2.92,7500,2.919,3500,2.918,100,2.916,2000,2.915,500,2.935,10000,2.937,2000,2.938,5500,2.939,6300,2.94,12300,2.943,5500,2.944,2500,2.945,71100,2.949,1200,2.95,500
2020-08-04 10:43:30.980,2.935,10000.0,2.929,2.93328,2.945,2.935,2.935,50000,2.931,30000,2.93,20100,2.929,10900,2.928,200,2.926,1000,2.92,7500,2.919,3500,2.918,100,2.916,2000,2.937,2000,2.938,5500,2.939,6300,2.94,12300,2.943,5500,2.944,2500,2.945,71100,2.949,1200,2.95,500,2.952,7100
2020-08-04 10:44:00.930,2.937,2000.0,2.929,2.933293,2.946,2.935,2.935,50000,2.931,30000,2.93,20100,2.929,10900,2.928,200,2.926,1000,2.92,7500,2.919,3500,2.918,100,2.916,2000,2.938,5500,2.939,6300,2.94,17300,2.943,5500,2.944,2500,2.945,71100,2.949,1200,2.95,500,2.952,7100,2.958,2600
2020-08-04 10:44:45.460,2.936,500.0,2.929,2.933295,2.945,2.935,2.936,9500,2.935,51000,2.931,30000,2.93,20100,2.929,10900,2.928,200,2.926,1000,2.92,7500,2.919,3500,2.918,100,2.938,5500,2.939,6300,2.94,17300,2.943,5500,2.944,2500,2.945,71100,2.949,1200,2.95,500,2.952,7100,2.958,2600
2020-08-04 10:46:31.870,2.935,500.0,2.929,2.933296,2.945,2.935,2.935,10500,2.93,23100,2.929,10900,2.928,200,2.926,1000,2.92,7500,2.919,3500,2.918,100,2.916,2000,2.915,500,2.936,2000,2.938,15900,2.939,6300,2.94,17300,2.943,5500,2.944,2500,2.945,71100,2.949,1200,2.95,500,2.952,7100
2020-08-04 10:46:41.400,2.936,1000.0,2.929,2.9333,2.944,2.935,2.935,500,2.931,30000,2.93,23100,2.929,10900,2.928,200,2.926,1000,2.92,7500,2.919,3500,2.918,100,2.916,2000,2.936,1000,2.938,5500,2.939,6300,2.94,17300,2.943,5500,2.944,2500,2.945,71100,2.949,1200,2.95,500,2.952,7100
2020-08-04 10:46:57.060,2.935,500.0,2.929,2.933302,2.944,2.935,2.934,10000,2.931,30000,2.93,23100,2.929,10900,2.928,200,2.926,1000,2.92,7500,2.919,3500,2.918,100,2.916,2000,2.935,9900,2.936,1000,2.938,5500,2.939,6300,2.94,17300,2.943,5500,2.944,2500,2.945,71100,2.949,1200,2.95,500
2020-08-04 10:47:14.430,2.934,10000.0,2.929,2.933313,2.944,2.935,2.931,30000,2.93,23100,2.929,10900,2.928,200,2.926,1000,2.92,7500,2.919,3500,2.918,100,2.916,2000,2.915,500,2.934,2500,2.935,9900,2.936,1000,2.938,5500,2.939,6300,2.94,17300,2.943,5000,2.944,2500,2.945,71100,2.949,1200
2020-08-04 10:47:24.030,2.934,2500.0,2.929,2.933316,2.944,2.935,2.934,7500,2.931,30000,2.93,23100,2.929,10900,2.928,200,2.926,1000,2.92,7500,2.919,3500,2.918,100,2.916,2000,2.935,9900,2.936,1000,2.938,5500,2.939,6300,2.94,17300,2.943,5000,2.944,2500,2.945,71100,2.949,1200,2.95,500
2020-08-04 10:47:54.810,2.934,1000.0,2.929,2.9333169999999997,2.944,2.935,2.934,6500,2.932,30000,2.93,23100,2.929,10900,2.928,200,2.926,1000,2.92,7500,2.919,3500,2.918,100,2.916,2000,2.935,9900,2.936,1000,2.938,5500,2.939,6300,2.94,17300,2.943,5000,2.944,2500,2.945,71100,2.949,1200,2.95,500
2020-08-04 10:48:18.980,2.934,6500.0,2.929,2.9333240000000003,2.943,2.935,2.932,30000,2.93,23100,2.929,10900,2.928,200,2.926,1000,2.92,7500,2.919,3500,2.918,100,2.916,2000,2.915,500,2.934,3400,2.936,1000,2.938,5500,2.939,6300,2.94,17300,2.943,5000,2.944,2500,2.945,71100,2.949,1200,2.95,500
2020-08-04 10:48:35.140,2.934,1000.0,2.929,2.933325,2.943,2.935,2.932,30000,2.93,23100,2.929,10900,2.928,200,2.926,1000,2.92,7500,2.919,3500,2.918,100,2.916,2000,2.915,500,2.934,2400,2.936,1000,2.938,5500,2.939,6300,2.94,17300,2.943,5000,2.944,2500,2.945,71100,2.949,1200,2.95,500
2020-08-04 10:49:13.830,2.934,2400.0,2.929,2.9333270000000002,2.943,2.935,2.935,2600,2.933,10000,2.931,30000,2.93,23100,2.929,10900,2.928,200,2.926,1000,2.92,7500,2.919,3500,2.918,100,2.936,1000,2.938,5500,2.939,6300,2.94,17300,2.943,5000,2.944,2500,2.945,71100,2.949,1200,2.95,500,2.952,7100
2020-08-04 10:50:22.730,2.936,1000.0,2.929,2.933331,2.945,2.935,2.936,29000,2.935,12600,2.934,10000,2.933,10000,2.931,30000,2.93,23100,2.929,10900,2.928,200,2.926,1000,2.92,7500,2.938,5500,2.939,6300,2.94,17300,2.943,5000,2.944,2500,2.945,71100,2.949,1200,2.95,500,2.952,7100,2.958,2600
2020-08-04 10:50:43.860,2.938,5500.0,2.929,2.9333709999999997,2.947,2.935,2.938,24500,2.937,10000,2.936,29000,2.935,12600,2.934,10000,2.933,10000,2.931,30000,2.93,23100,2.929,10900,2.928,200,2.939,6300,2.94,17300,2.943,5000,2.944,2500,2.945,71100,2.949,1200,2.95,500,2.952,7100,2.958,2600,2.959,14800
2020-08-04 10:50:53.600,2.94,23600.0,2.929,2.933594,2.947,2.935,2.94,6400,2.938,24500,2.937,10000,2.936,29000,2.935,12600,2.934,10000,2.933,10000,2.931,30000,2.93,23100,2.929,10900,2.943,5000,2.944,2500,2.945,71100,2.949,1200,2.95,500,2.952,7100,2.958,2600,2.959,14800,2.962,25000,2.964,6200
2020-08-04 10:51:42.980,2.943,5000.0,2.929,2.933664,2.952,2.935,2.94,6400,2.939,6300,2.938,24500,2.937,10000,2.936,29000,2.935,2600,2.933,5000,2.931,30000,2.93,23100,2.929,10900,2.944,2500,2.945,71100,2.949,1200,2.95,500,2.952,7100,2.958,2600,2.959,14800,2.962,25000,2.964,6200,2.969,5000
2020-08-04 10:52:14.260,2.944,2500.0,2.929,2.9337020000000003,2.953,2.935,2.94,6400,2.939,6300,2.938,24500,2.937,10000,2.936,29000,2.935,2600,2.933,5000,2.931,30000,2.93,23100,2.929,10900,2.944,11900,2.945,71100,2.949,1200,2.95,500,2.952,7100,2.958,2600,2.959,14800,2.962,25000,2.964,6200,2.969,5000
2020-08-04 10:52:45.040,2.945,30000.0,2.929,2.9341630000000003,2.953,2.935,2.94,6400,2.939,6300,2.938,24500,2.937,10000,2.936,29000,2.935,2600,2.933,5000,2.93,23100,2.929,10900,2.928,200,2.945,53000,2.949,1200,2.95,500,2.952,7100,2.958,2600,2.959,14800,2.962,25000,2.964,6200,2.969,5000,2.99,2000
2020-08-04 10:52:47.900,2.945,53000.0,2.929,2.934916,2.953,2.935,2.945,7000,2.944,11900,2.94,6400,2.939,6300,2.938,24500,2.937,10000,2.936,29000,2.935,2600,2.933,5000,2.93,23100,2.949,1200,2.95,500,2.952,7100,2.958,2600,2.959,14800,2.962,25000,2.964,6200,2.969,5000,2.99,2000,2.997,5000
2020-08-04 10:52:56.460,2.949,1200.0,2.929,2.9349380000000003,2.954,2.935,2.949,9000,2.945,7000,2.944,11900,2.94,6400,2.939,6300,2.938,24500,2.937,10000,2.936,29000,2.935,2600,2.933,5000,2.95,500,2.952,7100,2.958,2600,2.959,14800,2.962,25000,2.964,6200,2.969,5000,2.99,2000,2.997,5000,2.999,10000
2020-08-04 10:54:08.290,2.949,200.0,2.929,2.934942,2.958,2.935,2.949,20500,2.948,10000,2.945,7000,2.94,16400,2.938,24500,2.936,29000,2.935,2600,2.933,5000,2.93,20100,2.929,10900,2.95,500,2.952,7100,2.958,2700,2.959,14800,2.962,25000,2.964,6200,2.968,4900,2.969,5000,2.99,2000,2.997,5000
2020-08-04 10:54:26.460,2.95,500.0,2.929,2.934952,2.959,2.935,2.949,20500,2.948,10000,2.945,7000,2.94,16400,2.938,24500,2.936,29000,2.935,2600,2.933,5000,2.93,20100,2.929,10900,2.952,7100,2.958,2700,2.959,14800,2.962,26200,2.964,6200,2.968,4900,2.969,5000,2.99,2000,2.997,5000,2.999,10000
2020-08-04 10:54:40.880,2.952,7100.0,2.929,2.935109,2.958,2.935,2.952,62000,2.949,20500,2.948,10000,2.945,7000,2.94,16400,2.938,24500,2.936,29000,2.935,2600,2.933,5000,2.93,20100,2.958,2700,2.959,14800,2.962,26200,2.964,6200,2.968,4900,2.969,5000,2.99,2000,2.997,5000,2.999,10000,3.0,11300
2020-08-04 10:54:55.110,2.952,300.0,2.929,2.935115,2.958,2.935,2.952,61700,2.949,20500,2.948,10000,2.945,7000,2.94,16400,2.938,24500,2.936,29000,2.935,2600,2.933,5000,2.93,20100,2.958,32700,2.959,14800,2.962,26200,2.964,6200,2.968,4900,2.969,5000,2.99,2000,2.997,5000,2.999,10000,3.0,11300
2020-08-04 10:56:41.070,2.958,3600.0,2.929,2.935222,2.966,2.935,2.958,300,2.957,1800,2.953,30000,2.952,73700,2.949,10500,2.945,17000,2.94,26400,2.938,24500,2.936,29000,2.935,2600,2.959,9800,2.962,26200,2.964,6200,2.968,4900,2.969,5000,2.99,2000,2.997,5000,2.999,10000,3.0,11300,3.011,1800
2020-08-04 10:57:10.680,2.958,3000.0,2.929,2.935309,2.967,2.935,2.957,1800,2.953,30000,2.952,63700,2.949,1700,2.945,17000,2.94,26400,2.938,24500,2.936,29000,2.935,2600,2.933,5000,2.958,8100,2.959,9800,2.962,26200,2.964,6200,2.968,4900,2.969,5000,2.99,2000,2.997,5000,2.999,10000,3.0,11300
2020-08-04 10:57:18.530,2.958,100.0,2.929,2.9353119999999997,2.967,2.935,2.957,1800,2.953,30000,2.952,63700,2.949,1700,2.945,17000,2.94,26400,2.938,24500,2.936,29000,2.935,2600,2.933,5000,2.958,8000,2.959,9800,2.962,26200,2.964,6200,2.968,4900,2.969,5000,2.99,2000,2.997,5000,2.999,10000,3.0,11300
2020-08-04 10:57:19.720,2.959,9800.0,2.929,2.935597,2.967,2.935,2.957,1800,2.953,30000,2.952,63700,2.949,1700,2.945,17000,2.94,26400,2.938,24500,2.936,29000,2.935,2600,2.933,5000,2.959,8000,2.962,26200,2.964,6200,2.968,4900,2.969,5000,2.99,2000,2.997,5000,2.999,10000,3.0,11300,3.011,1800
2020-08-04 10:57:24.750,2.957,200.0,2.929,2.935602,2.967,2.935,2.957,1600,2.953,30000,2.952,63700,2.949,1700,2.945,17000,2.94,26400,2.938,24500,2.936,29000,2.935,2600,2.933,5000,2.959,8000,2.962,26200,2.964,6200,2.968,4900,2.969,5000,2.99,2000,2.997,5000,2.999,10000,3.0,11300,3.011,1800
2020-08-04 10:57:44.860,2.957,2000.0,2.929,2.9356560000000003,2.965,2.935,2.957,2300,2.953,30000,2.952,61700,2.949,1700,2.945,20000,2.94,26400,2.938,24500,2.936,29000,2.935,2600,2.933,5000,2.959,8400,2.961,2000,2.962,26200,2.964,6200,2.965,1000,2.968,4900,2.969,5000,2.99,2000,2.997,5000,2.999,10000
2020-08-04 10:58:09.660,2.959,2000.0,2.929,2.935715,2.963,2.935,2.957,2300,2.956,10000,2.953,30000,2.952,61700,2.949,1700,2.945,20000,2.94,26400,2.938,24500,2.936,29000,2.935,2600,2.959,6400,2.961,2000,2.962,26200,2.964,6200,2.965,1000,2.968,4900,2.969,5000,2.99,2000,2.997,5000,2.999,10000
2020-08-04 10:58:21.050,2.957,2300.0,2.929,2.935777,2.963,2.935,2.956,10000,2.952,61700,2.949,1700,2.945,13000,2.94,20000,2.935,2600,2.933,5000,2.93,20000,2.929,10800,2.928,200,2.957,400,2.958,1800,2.959,6400,2.961,2000,2.962,26200,2.964,6200,2.965,1000,2.969,5000,2.99,2000,2.997,5000
2020-08-04 10:58:29.840,2.956,2000.0,2.929,2.935827,2.963,2.935,2.956,8000,2.952,61700,2.949,1700,2.945,13000,2.94,20000,2.935,2600,2.933,5000,2.93,20000,2.929,10800,2.928,200,2.957,10400,2.958,1800,2.959,14600,2.961,2000,2.962,26200,2.964,6200,2.965,1000,2.969,5000,2.976,200,2.99,2000
2020-08-04 10:58:32.400,2.957,10400.0,2.929,2.9361,2.964,2.935,2.957,21000,2.956,8000,2.953,30000,2.952,61700,2.949,1700,2.945,13000,2.94,20000,2.935,2600,2.933,5000,2.93,20000,2.958,1800,2.959,14600,2.961,2000,2.962,26200,2.964,6200,2.965,1000,2.969,5000,2.976,200,2.99,2000,2.997,5000
2020-08-04 10:58:37.830,2.957,10000.0,2.929,2.936356,2.965,2.935,2.957,18700,2.956,8000,2.953,30000,2.952,61700,2.949,1700,2.945,13000,2.94,20000,2.935,2600,2.933,5000,2.93,20000,2.958,12400,2.959,14600,2.961,2000,2.962,26200,2.964,6200,2.965,1000,2.969,5000,2.976,200,2.99,2000,2.997,5000
2020-08-04 10:58:41.670,2.958,12400.0,2.929,2.9366790000000003,2.964,2.935,2.958,7600,2.957,18700,2.956,8000,2.953,30000,2.952,61700,2.949,1700,2.945,13000,2.94,20000,2.935,2600,2.933,5000,2.959,14600,2.961,2000,2.962,26200,2.964,6200,2.965,1000,2.969,5000,2.976,200,2.99,2000,2.997,5000,2.999,10000
2020-08-04 10:58:52.340,2.959,200.0,2.929,2.9366849999999998,2.964,2.935,2.958,7600,2.957,28700,2.956,8000,2.953,30000,2.952,61700,2.949,1700,2.945,13000,2.94,20000,2.935,2600,2.933,5000,2.959,14400,2.961,2000,2.962,26200,2.964,6200,2.965,1000,2.969,5000,2.976,200,2.99,2000,2.997,5000,2.999,10000
2020-08-04 10:58:55.730,2.958,100.0,2.929,2.936687,2.964,2.935,2.958,7500,2.957,28700,2.956,8000,2.953,30000,2.952,61700,2.949,1700,2.945,13000,2.94,20000,2.935,2600,2.933,5000,2.959,14400,2.961,2000,2.962,26200,2.964,6200,2.965,1000,2.969,5000,2.976,200,2.99,2000,2.997,5000,2.999,10000
2020-08-04 10:59:01.070,2.958,7500.0,2.929,2.936878,2.964,2.935,2.957,28700,2.956,8000,2.953,30000,2.952,61700,2.949,1700,2.945,13000,2.94,20000,2.935,2600,2.933,5000,2.93,20000,2.958,10500,2.959,14400,2.961,2000,2.962,26200,2.964,6200,2.965,1000,2.969,5000,2.976,200,2.99,2000,2.997,5000
2020-08-04 10:59:10.150,2.957,300.0,2.929,2.936886,2.963,2.935,2.957,20700,2.956,8000,2.953,30000,2.952,61700,2.949,1700,2.945,13000,2.94,20000,2.935,2600,2.933,5000,2.93,20000,2.958,18500,2.959,14400,2.961,6900,2.962,26200,2.964,6200,2.965,1000,2.969,5000,2.976,200,2.99,2000,2.997,5000
2020-08-04 10:59:13.750,2.958,7700.0,2.929,2.937078,2.964,2.935,2.957,20700,2.956,8000,2.953,30000,2.952,61700,2.949,1700,2.945,13000,2.94,20000,2.935,2600,2.933,5000,2.93,20000,2.958,10800,2.959,14400,2.961,6900,2.962,26200,2.964,6200,2.965,1000,2.969,5000,2.976,200,2.99,2000,2.997,5000
2020-08-04 10:59:19.390,2.958,400.0,2.929,2.937088,2.964,2.935,2.957,20700,2.956,8000,2.953,30000,2.952,61700,2.949,1700,2.945,13000,2.94,20000,2.935,2600,2.933,5000,2.93,20000,2.958,10400,2.959,14400,2.961,6900,2.962,26200,2.964,6200,2.965,1000,2.969,5000,2.976,200,2.99,2000,2.997,5000
2020-08-04 10:59:31.240,2.958,7000.0,2.929,2.937259,2.964,2.935,2.957,20700,2.956,8000,2.953,30000,2.952,61700,2.949,1700,2.945,13000,2.94,20000,2.935,2600,2.933,5000,2.93,20000,2.958,3400,2.959,14400,2.961,6900,2.962,26200,2.964,6200,2.965,1000,2.969,5000,2.976,200,2.99,2000,2.997,5000
2020-08-04 10:59:39.870,2.957,17000.0,2.929,2.9376450000000003,2.964,2.935,2.957,3700,2.956,8000,2.953,30000,2.952,61700,2.949,1700,2.945,13000,2.94,20000,2.935,2600,2.933,5000,2.93,20000,2.958,3400,2.959,6200,2.961,6900,2.962,26200,2.964,6200,2.965,1000,2.969,5000,2.976,200,2.99,2000,2.997,5000
2020-08-04 10:59:49.270,2.958,3400.0,2.929,2.9377240000000002,2.967,2.935,2.957,3700,2.956,8000,2.953,30000,2.952,61700,2.949,1700,2.945,13000,2.94,20000,2.935,2600,2.933,5000,2.93,20000,2.959,6200,2.961,6900,2.962,26200,2.964,6200,2.965,1000,2.969,5000,2.976,200,2.99,2000,2.997,5000,2.999,10000
2020-08-04 11:00:02.080,2.958,8000.0,2.929,2.937909,2.969,2.935,2.957,3700,2.956,8000,2.953,30000,2.952,61700,2.949,1700,2.945,13000,2.94,20000,2.935,2600,2.933,5000,2.93,20000,2.958,1600,2.959,6200,2.961,6900,2.962,26200,2.964,6200,2.965,1000,2.969,5000,2.976,200,2.99,2000,2.997,5000
2020-08-04 11:00:04.310,2.959,7800.0,2.929,2.9380919999999997,2.97,2.935,2.959,23800,2.958,28400,2.957,3700,2.956,8000,2.953,30000,2.952,61700,2.949,1700,2.945,13000,2.94,20000,2.935,2600,2.961,6900,2.962,26200,2.964,6200,2.965,1000,2.969,5000,2.976,200,2.99,2000,2.997,5000,2.998,4000,2.999,10000
2020-08-04 11:00:09.890,2.961,6900.0,2.929,2.938268,2.971,2.935,2.961,23100,2.959,23800,2.958,28400,2.957,3700,2.956,8000,2.953,30000,2.952,61700,2.949,1700,2.945,13000,2.94,20000,2.962,26200,2.964,6200,2.965,1000,2.969,5000,2.976,200,2.99,2000,2.997,5000,2.998,4000,2.999,10000,3.0,11300
2020-08-04 11:00:15.870,2.961,200.0,2.929,2.938273,2.972,2.935,2.961,22900,2.959,24700,2.958,28400,2.957,3700,2.956,8000,2.953,30000,2.952,61700,2.949,1700,2.945,13000,2.94,20000,2.962,26200,2.964,6200,2.965,1000,2.969,5000,2.976,200,2.99,2000,2.997,5000,2.998,4000,2.999,10000,3.0,11300
2020-08-04 11:00:27.260,2.962,26200.0,2.929,2.938947,2.972,2.935,2.962,3800,2.961,29800,2.959,24700,2.958,28400,2.957,3700,2.956,8000,2.953,30000,2.952,61700,2.949,1700,2.945,13000,2.965,14300,2.969,5000,2.976,200,2.99,2000,2.997,5000,2.998,4000,2.999,10000,3.0,11300,3.011,1800,3.014,3000
2020-08-04 11:00:30.830,2.961,63600.0,2.929,2.940404,2.973,2.935,2.959,24700,2.958,28400,2.957,3700,2.956,8000,2.953,30000,2.952,61700,2.949,1700,2.945,13000,2.94,20000,2.935,2600,2.961,26700,2.965,14300,2.969,5000,2.976,200,2.99,2000,2.997,5000,2.998,4000,2.999,10000,3.0,11300,3.011,1800
2020-08-04 11:00:35.790,2.961,26700.0,2.929,2.940947,2.973,2.935,2.962,273300,2.959,24700,2.958,28400,2.957,3700,2.956,8000,2.953,30000,2.952,61700,2.949,1700,2.945,13000,2.94,20000,2.965,14300,2.969,5000,2.976,200,2.99,2000,2.997,5000,2.998,4000,2.999,10000,3.0,11300,3.011,1800,3.014,3000
2020-08-04 11:00:41.840,2.965,15000.0,2.929,2.9412979999999997,2.974,2.935,2.965,258300,2.961,35700,2.959,26700,2.958,28400,2.957,3700,2.956,8000,2.953,30000,2.952,61700,2.949,1700,2.945,13000,2.969,5000,2.976,200,2.99,2000,2.997,5000,2.998,4000,2.999,10000,3.0,11300,3.011,1800,3.014,3000,3.015,2100
2020-08-04 11:00:51.010,2.969,5000.0,2.929,2.941433,2.974,2.935,2.97,5000,2.965,258300,2.961,35700,2.959,26700,2.958,28400,2.957,3700,2.956,8000,2.953,30000,2.952,61700,2.949,1700,2.976,200,2.99,2000,2.997,5000,2.998,4000,2.999,10000,3.0,11300,3.011,1800,3.014,3000,3.015,2100,3.02,10000
2020-08-04 11:00:55.770,2.97,300.0,2.929,2.941441,2.974,2.935,2.97,4700,2.969,10000,2.965,258300,2.961,35700,2.959,25800,2.958,28400,2.957,3700,2.956,8000,2.953,30000,2.952,61700,2.976,200,2.99,2000,2.997,5000,2.998,4000,2.999,10000,3.0,11300,3.011,1800,3.014,3000,3.015,2100,3.02,10000
2020-08-04 11:01:00.290,2.976,200.0,2.929,2.941447,2.974,2.935,2.976,200,2.97,4700,2.969,10000,2.965,258300,2.961,35700,2.959,25800,2.958,28400,2.957,3700,2.956,8000,2.953,30000,2.99,2000,2.997,5000,2.998,4000,2.999,15000,3.0,11300,3.011,1800,3.014,3000,3.015,2100,3.02,10000,3.06,2000
2020-08-04 11:01:11.130,2.99,2000.0,2.929,2.941541,2.976,2.935,2.977,10000,2.976,200,2.97,4700,2.969,10000,2.961,45700,2.959,25800,2.958,28400,2.957,3700,2.956,8000,2.953,30000,2.997,5000,2.998,4000,2.999,15000,3.0,11300,3.011,1800,3.014,3000,3.015,2100,3.02,10000,3.06,2000,3.062,3200
2020-08-04 11:01:12.750,2.977,300.0,2.929,2.941552,2.976,2.935,2.977,9700,2.976,200,2.97,4700,2.969,10000,2.961,45700,2.959,25800,2.958,28400,2.957,3700,2.956,8000,2.953,30000,2.997,5000,2.998,4000,2.999,15000,3.0,11300,3.011,1800,3.014,3000,3.015,2100,3.02,10000,3.06,2000,3.062,3200
2020-08-04 11:01:20.160,2.997,35400.0,2.929,2.943389,2.976,2.935,2.977,9700,2.976,1100,2.97,4700,2.969,10000,2.961,45700,2.959,23800,2.958,28400,2.956,8000,2.953,30000,2.952,61700,2.99,3600,2.999,15000,3.0,20300,3.011,1800,3.014,3000,3.015,2100,3.02,10000,3.06,2000,3.062,3200,3.08,15900
2020-08-04 11:01:22.730,2.99,3600.0,2.929,2.943546,2.976,2.935,2.99,4400,2.977,9700,2.976,1100,2.97,4700,2.969,10000,2.961,45700,2.959,23800,2.958,28400,2.953,30000,2.952,61700,2.999,15000,3.0,20300,3.011,1800,3.014,3000,3.015,2100,3.02,10000,3.06,2000,3.062,3200,3.08,15900,3.09,14900
2020-08-04 11:01:29.800,2.997,3500.0,2.929,2.9437189999999998,2.974,2.935,2.997,4100,2.99,4400,2.977,9700,2.976,1100,2.97,4700,2.961,36700,2.959,31800,2.958,28400,2.953,30000,2.952,61700,2.998,30000,2.999,15000,3.0,20300,3.011,1800,3.014,3000,3.015,2100,3.02,10000,3.06,2000,3.062,3200,3.08,15900
2020-08-04 11:01:30.280,2.997,700.0,2.929,2.943754,2.974,2.935,2.997,3400,2.99,4400,2.976,200,2.97,4700,2.961,36700,2.959,31800,2.958,28400,2.953,30000,2.952,61700,2.95,20000,2.998,30000,2.999,15000,3.0,20300,3.005,800,3.011,1800,3.014,3000,3.015,2100,3.02,10000,3.06,2000,3.062,3200
2020-08-04 11:01:35.220,2.997,3400.0,2.929,2.943921,2.973,2.935,2.99,4400,2.976,200,2.97,4700,2.961,36700,2.959,31800,2.958,28400,2.953,30000,2.952,61700,2.95,20000,2.949,1700,2.997,26600,2.998,30000,2.999,15000,3.0,20300,3.005,800,3.011,1800,3.014,3000,3.015,2100,3.02,10000,3.06,2000
2020-08-04 11:01:37.110,2.99,4400.0,2.929,2.9441080000000004,2.973,2.935,2.976,200,2.97,4700,2.961,36700,2.959,31800,2.958,28400,2.953,30000,2.952,61700,2.95,20000,2.949,1700,2.945,13000,2.99,14000,2.997,26600,2.998,30000,2.999,15000,3.0,18300,3.005,800,3.011,1800,3.014,3000,3.015,2100,3.02,10000
2020-08-04 11:01:44.370,2.997,17600.0,2.929,2.944862,2.972,2.935,2.976,200,2.97,4700,2.961,36700,2.959,31800,2.958,28400,2.953,30000,2.952,61700,2.95,20000,2.949,1700,2.945,13000,2.989,30000,2.997,23000,2.998,30000,2.999,15000,3.0,18300,3.005,800,3.009,10000,3.011,1800,3.014,3000,3.015,2100
2020-08-04 11:01:51.740,2.989,2000.0,2.929,2.9449419999999997,2.97,2.935,2.976,200,2.97,4700,2.961,36700,2.959,31800,2.958,28400,2.953,30000,2.952,61700,2.95,20000,2.949,1700,2.945,13000,2.989,28000,2.997,24500,2.998,30000,2.999,15000,3.0,18300,3.009,10000,3.011,1800,3.014,3000,3.015,2100,3.02,10000
2020-08-04 11:01:56.230,2.989,900.0,2.929,2.944978,2.969,2.935,2.976,200,2.97,4700,2.961,36700,2.959,31800,2.958,28400,2.953,30000,2.952,61700,2.95,20000,2.949,1700,2.945,13000,2.989,27100,2.997,24500,2.998,30000,2.999,15000,3.0,18300,3.009,10000,3.011,1800,3.014,3000,3.015,2100,3.02,10000
2020-08-04 11:02:08.950,2.989,26500.0,2.929,2.946005,2.968,2.935,2.976,200,2.97,9700,2.961,36700,2.959,31800,2.958,28400,2.953,30000,2.952,61700,2.95,20000,2.949,1700,2.945,13000,2.989,2400,2.997,24500,2.998,30000,2.999,15000,3.0,21700,3.009,10000,3.011,1800,3.014,3000,3.015,2100,3.02,10000
2020-08-04 11:02:11.490,2.989,2400.0,2.929,2.946096,2.968,2.935,2.989,2600,2.976,200,2.97,9700,2.961,36700,2.959,31800,2.958,28400,2.953,30000,2.952,61700,2.95,20000,2.949,1700,2.997,24500,2.998,30000,2.999,15000,3.0,26000,3.009,10000,3.011,1800,3.014,3000,3.015,2100,3.02,10000,3.06,2000
2020-08-04 11:02:14.520,2.989,7200.0,2.929,2.946366,2.967,2.935,2.976,200,2.97,9700,2.961,36700,2.959,31800,2.958,28400,2.953,30000,2.952,61700,2.95,20000,2.949,1700,2.945,13000,2.989,23200,2.997,24500,2.998,30000,2.999,15000,3.0,26000,3.009,10000,3.011,1800,3.014,3000,3.015,2100,3.02,10000
2020-08-04 11:02:37.430,2.987,2100.0,2.929,2.946441,2.966,2.935,2.976,200,2.97,13700,2.961,10000,2.959,31800,2.958,28400,2.953,30000,2.952,61700,2.95,20000,2.949,1700,2.945,10000,2.986,6100,2.987,27900,2.988,10000,2.989,37500,2.997,1500,2.998,30000,2.999,15000,3.0,26400,3.005,2000,3.009,10000
2020-08-04 11:02:40.210,2.986,3400.0,2.929,2.946558,2.966,2.935,2.976,200,2.97,12700,2.961,10000,2.959,31800,2.958,28400,2.953,30000,2.952,61700,2.95,20000,2.949,1700,2.945,10000,2.985,30000,2.986,2700,2.987,27900,2.988,10000,2.989,37500,2.997,1500,2.998,30000,2.999,15000,3.0,26400,3.005,2000
2020-08-04 11:02:44.710,2.985,100.0,2.929,2.946561,2.966,2.935,2.976,200,2.97,12700,2.961,10000,2.959,31800,2.958,28400,2.953,30000,2.952,61700,2.95,20000,2.949,1700,2.945,10000,2.985,29900,2.986,2700,2.987,27900,2.988,10000,2.989,14700,2.997,1500,2.998,30000,2.999,15000,3.0,26400,3.005,2000
2020-08-04 11:02:51.160,2.976,200.0,2.929,2.946567,2.966,2.935,2.97,12700,2.961,10000,2.959,31800,2.958,28400,2.953,30000,2.952,61700,2.95,20000,2.949,1700,2.945,10000,2.94,20000,2.976,1100,2.985,29900,2.986,2700,2.987,27900,2.988,10000,2.989,14700,2.997,1500,2.999,15000,3.0,26400,3.005,2000
2020-08-04 11:02:59.100,2.976,6300.0,2.929,2.946727,2.965,2.935,2.976,9700,2.97,12700,2.961,10000,2.959,31800,2.958,28400,2.953,30000,2.952,61700,2.95,20000,2.949,1700,2.945,10000,2.985,29900,2.986,2700,2.987,27900,2.988,10000,2.989,14700,2.997,1500,2.999,15000,3.0,26400,3.005,2000,3.009,10000
2020-08-04 11:03:01.840,2.976,3700.0,2.929,2.946821,2.965,2.935,2.976,6000,2.97,12700,2.961,10000,2.959,31800,2.958,28400,2.953,30000,2.952,61700,2.95,20000,2.949,1700,2.945,10000,2.985,29900,2.986,2700,2.987,27900,2.988,10000,2.989,14700,2.997,1500,2.999,15000,3.0,26400,3.005,2000,3.009,10000
2020-08-04 11:03:03.300,2.97,6900.0,2.929,2.946989,2.965,2.935,2.97,8800,2.961,10000,2.959,31800,2.958,28400,2.953,30000,2.952,61700,2.95,20000,2.949,1700,2.945,10000,2.94,20000,2.985,29900,2.986,2700,2.987,27900,2.988,10000,2.989,14700,2.997,1500,2.999,15000,3.0,26400,3.005,2000,3.009,10000
2020-08-04 11:03:08.070,2.97,1000.0,2.929,2.9470080000000003,2.965,2.935,2.97,7800,2.961,10000,2.959,31800,2.958,28400,2.953,30000,2.952,61700,2.95,20000,2.949,1700,2.945,10000,2.94,20000,2.985,29900,2.986,2700,2.987,27900,2.988,10000,2.989,4700,2.997,1500,2.999,15000,3.0,26400,3.005,2000,3.009,10000
2020-08-04 11:03:14.270,2.976,7600.0,2.929,2.947196,2.965,2.935,2.976,5200,2.97,7800,2.961,10000,2.959,31800,2.958,28400,2.953,30000,2.952,61700,2.95,20000,2.949,1700,2.945,10000,2.985,29900,2.986,2700,2.987,27900,2.988,10000,2.989,4700,2.997,1500,2.999,15000,3.0,26400,3.005,2000,3.009,10000
2020-08-04 11:03:15.200,2.976,2000.0,2.929,2.947245,2.965,2.935,2.976,3200,2.97,7800,2.961,10000,2.959,31800,2.958,28400,2.953,30000,2.952,61700,2.95,20000,2.949,1700,2.945,10000,2.985,29900,2.986,2700,2.987,27900,2.988,10000,2.989,4700,2.997,1500,2.999,15000,3.0,26400,3.005,2000,3.009,10000
2020-08-04 11:03:23.060,2.976,13300.0,2.929,2.947644,2.965,2.935,2.976,100,2.971,5000,2.97,7800,2.961,10000,2.959,31800,2.958,28400,2.953,30000,2.952,61700,2.95,20000,2.949,1700,2.985,19700,2.986,2700,2.987,27900,2.988,10000,2.989,400,2.997,1500,2.999,15000,3.0,26400,3.005,2000,3.009,10000
2020-08-04 11:03:31.400,2.976,3200.0,2.929,2.94772,2.964,2.935,2.976,1100,2.971,5000,2.97,8300,2.961,10000,2.959,31800,2.958,28400,2.953,30000,2.952,61700,2.95,20000,2.949,1700,2.985,49700,2.986,2700,2.987,27900,2.988,10000,2.989,400,2.997,1500,2.999,15000,3.0,26400,3.005,2000,3.009,10000
2020-08-04 11:03:36.380,2.985,69700.0,2.929,2.949778,2.964,2.935,2.985,52900,2.976,1100,2.971,5000,2.97,5500,2.961,10000,2.959,31800,2.958,28400,2.955,3000,2.953,30000,2.952,61700,2.987,27900,2.988,10000,2.989,400,2.997,1500,2.999,15000,3.0,26400,3.005,2000,3.009,10000,3.01,800,3.011,1800
2020-08-04 11:03:41.030,2.985,52900.0,2.929,2.9511939999999997,2.964,2.935,2.979,5000,2.976,1100,2.971,5000,2.97,5500,2.961,10000,2.959,31800,2.958,28400,2.955,3000,2.953,30000,2.952,61700,2.983,11100,2.987,27900,2.988,10000,2.989,400,2.997,1500,2.999,15000,3.0,26400,3.005,2000,3.009,10000,3.01,800
2020-08-04 11:03:44.520,2.979,300.0,2.929,2.9512009999999997,2.964,2.935,2.979,4700,2.976,1100,2.971,5000,2.97,5500,2.961,10000,2.959,31800,2.958,28400,2.955,3000,2.953,30000,2.952,61700,2.983,11100,2.987,27900,2.988,10000,2.989,400,2.997,1500,2.999,15000,3.0,26400,3.005,2000,3.009,10000,3.01,800
2020-08-04 11:03:54.750,2.979,200.0,2.929,2.951205,2.963,2.935,2.979,4500,2.976,1100,2.97,5500,2.961,10000,2.96,10000,2.959,31800,2.958,28400,2.955,3000,2.953,30000,2.952,61700,2.983,11100,2.987,27900,2.988,10000,2.989,400,2.995,20000,2.997,1500,2.999,15000,3.0,26400,3.005,2000,3.009,10000
2020-08-04 11:04:13.730,2.979,4500.0,2.929,2.9513,2.964,2.935,2.976,1100,2.97,5500,2.961,10000,2.96,10000,2.959,31800,2.958,28400,2.955,3000,2.953,30000,2.952,61700,2.95,20000,2.983,41100,2.988,10000,2.989,400,2.991,7600,2.995,20000,2.997,1500,2.998,3000,2.999,15000,3.0,26400,3.005,2000
2020-08-04 11:04:31.470,2.979,5000.0,2.929,2.951404,2.966,2.935,2.976,1100,2.97,5500,2.961,10000,2.96,10000,2.959,31800,2.958,28400,2.955,3000,2.953,30000,2.952,61700,2.95,20000,2.979,5000,2.983,41100,2.988,10000,2.989,400,2.991,7600,2.995,20000,2.997,1500,2.998,3000,2.999,15000,3.0,26400
2020-08-04 11:04:40.570,2.979,5000.0,2.929,2.951508,2.966,2.935,2.976,1100,2.97,5500,2.961,10000,2.96,10000,2.959,31800,2.958,28400,2.955,3000,2.953,30000,2.952,61700,2.95,20000,2.983,41100,2.988,10000,2.989,400,2.991,7600,2.995,20000,2.997,1500,2.998,3000,2.999,15000,3.0,38300,3.003,300
2020-08-04 11:05:17.510,2.98,100.0,2.929,2.95151,2.967,2.935,2.97,5500,2.961,10000,2.96,10000,2.959,31800,2.958,28400,2.955,3000,2.953,30000,2.952,61700,2.95,20000,2.949,1700,2.983,41100,2.989,400,2.991,11600,2.994,5000,2.995,20000,2.997,1500,2.998,3000,2.999,15000,3.0,38300,3.003,300
2020-08-04 11:05:34.290,2.97,1100.0,2.929,2.951525,2.966,2.935,2.98,1400,2.97,14400,2.961,10000,2.96,10000,2.959,31800,2.958,28400,2.953,30000,2.952,61700,2.95,20000,2.949,1700,2.983,41100,2.989,400,2.991,11600,2.994,5000,2.995,20000,2.997,1500,2.998,3000,2.999,15000,3.0,38300,3.003,300
2020-08-04 11:05:41.260,2.98,1400.0,2.929,2.951555,2.966,2.935,2.97,14400,2.961,10000,2.96,10000,2.959,31800,2.958,28400,2.953,30000,2.952,61700,2.95,20000,2.949,1700,2.945,10000,2.98,1600,2.983,41100,2.989,400,2.991,11600,2.994,5000,2.995,20000,2.997,1500,2.998,3000,2.999,15000,3.0,38300
2020-08-04 11:05:41.480,2.983,13600.0,2.929,2.951869,2.965,2.935,2.97,14400,2.961,10000,2.96,10000,2.959,31800,2.958,28400,2.953,30000,2.952,61700,2.95,20000,2.949,1700,2.945,10000,2.983,29100,2.989,400,2.991,11600,2.994,5000,2.995,20000,2.997,1500,2.998,3000,2.999,15000,3.0,38300,3.003,300
2020-08-04 11:06:09.980,2.97,14400.0,2.929,2.952074,2.963,2.935,2.97,3400,2.961,10000,2.96,10000,2.959,31800,2.958,28400,2.953,30000,2.952,61700,2.95,20000,2.949,1700,2.945,10000,2.983,29100,2.989,400,2.99,2700,2.991,7600,2.994,5000,2.995,20000,2.997,1500,2.998,3000,2.999,15000,3.0,38300
2020-08-04 11:06:22.100,2.97,3400.0,2.929,2.952118,2.964,2.935,2.961,10000,2.96,10000,2.959,31800,2.958,38400,2.953,30000,2.952,61700,2.95,20000,2.949,1700,2.945,10000,2.94,20000,2.97,6600,2.983,29100,2.989,400,2.99,2700,2.991,7600,2.994,5000,2.995,20000,2.997,5500,2.998,3000,2.999,15000
2020-08-04 11:06:47.420,2.968,2000.0,2.929,2.952141,2.963,2.935,2.961,10000,2.96,40000,2.959,31800,2.958,38400,2.957,10000,2.953,30000,2.952,61700,2.95,20000,2.949,1700,2.945,10000,2.97,700,2.98,30000,2.981,5000,2.983,29100,2.989,400,2.99,2700,2.991,7600,2.994,5000,2.995,20000,2.997,5500
2020-08-04 11:08:08.460,2.969,100.0,2.929,2.952143,2.959,2.935,2.961,10000,2.96,20000,2.959,31800,2.958,38400,2.956,10000,2.953,30000,2.952,61700,2.95,30000,2.949,1700,2.945,10000,2.969,29900,2.97,11000,2.98,31500,2.981,5000,2.985,7200,2.989,400,2.99,2700,2.991,7600,2.994,5000,2.995,20000
2020-08-04 11:08:16.710,2.969,6000.0,2.929,2.952216,2.958,2.935,2.961,10000,2.96,20000,2.959,31800,2.958,38400,2.956,10000,2.953,30000,2.952,61700,2.95,30000,2.949,1700,2.945,10000,2.969,23900,2.97,11000,2.98,31500,2.981,5000,2.985,7200,2.989,400,2.99,2700,2.991,7600,2.994,5000,2.995,20000
2020-08-04 11:08:21.480,2.969,5800.0,2.929,2.952287,2.957,2.935,2.961,10000,2.96,20000,2.959,31800,2.958,38400,2.956,10000,2.953,30000,2.952,61700,2.95,30000,2.949,1700,2.945,10000,2.969,20100,2.97,11000,2.98,31500,2.981,5000,2.985,7200,2.989,400,2.99,2700,2.991,7600,2.994,5000,2.995,20000
2020-08-04 11:08:34.780,2.966,2000.0,2.929,2.952307,2.957,2.935,2.961,10000,2.96,20000,2.959,31800,2.958,38400,2.956,10000,2.953,30000,2.952,61700,2.95,30000,2.949,1700,2.945,10000,2.966,28000,2.967,30000,2.968,10000,2.969,20100,2.97,11000,2.98,1500,2.981,5000,2.985,7200,2.989,400,2.99,2700
2020-08-04 11:08:45.500,2.961,2200.0,2.929,2.952321,2.957,2.935,2.961,7800,2.96,20000,2.959,31800,2.958,38400,2.953,30000,2.952,61700,2.95,30000,2.949,1700,2.945,10000,2.94,20000,2.965,20000,2.966,28000,2.967,30000,2.968,10000,2.969,20100,2.97,11000,2.98,1500,2.981,5000,2.985,7200,2.989,400
2020-08-04 11:08:50.240,2.961,7800.0,2.929,2.952369,2.957,2.935,2.96,20000,2.959,31800,2.958,38400,2.953,30000,2.952,61700,2.95,30000,2.949,1700,2.945,10000,2.94,20000,2.935,2600,2.961,2200,2.965,20000,2.966,28000,2.967,30000,2.968,10000,2.969,20100,2.97,11000,2.98,1500,2.981,5000,2.985,7200
2020-08-04 11:09:08.010,2.961,3000.0,2.929,2.952388,2.957,2.935,2.961,2800,2.96,20000,2.959,31800,2.958,58400,2.953,30000,2.952,61700,2.95,30000,2.949,1700,2.945,10000,2.94,20000,2.963,10000,2.964,30000,2.965,20000,2.966,28000,2.967,30000,2.968,10000,2.969,20100,2.97,11000,2.98,1500,2.981,5000
2020-08-04 11:09:35.740,2.961,1500.0,2.929,2.952397,2.96,2.935,2.961,1500,2.96,20000,2.959,31800,2.958,58400,2.953,30000,2.952,61700,2.95,30000,2.949,1700,2.945,10000,2.94,20000,2.963,10000,2.965,20000,2.966,28000,2.967,30000,2.968,10000,2.969,18100,2.97,11000,2.98,1500,2.981,5000,2.985,7200
2020-08-04 11:09:49.100,2.961,1500.0,2.929,2.952407,2.959,2.935,2.96,20000,2.959,31800,2.958,58400,2.953,30000,2.952,61700,2.95,30000,2.949,1700,2.945,10000,2.94,20000,2.935,2600,2.961,500,2.963,10000,2.965,20000,2.966,28000,2.967,30000,2.969,18100,2.97,1000,2.98,1500,2.981,5000,2.985,7200
2020-08-04 11:10:00.630,2.961,500.0,2.929,2.95241,2.959,2.935,2.961,2500,2.96,20000,2.959,31800,2.958,58400,2.953,30000,2.95,30000,2.949,1700,2.945,10000,2.94,20000,2.935,2600,2.963,10000,2.966,28000,2.967,30000,2.969,18100,2.97,1000,2.98,1500,2.981,5000,2.985,7200,2.989,400,2.99,2700
2020-08-04 11:10:26.800,2.963,2500.0,2.929,2.952428,2.958,2.935,2.96,20000,2.959,31800,2.958,58400,2.955,10000,2.953,30000,2.95,30000,2.949,1700,2.945,10000,2.94,20000,2.935,2600,2.963,7500,2.966,28000,2.967,30000,2.969,18100,2.97,1000,2.98,1500,2.981,5000,2.985,7200,2.989,400,2.99,2700
2020-08-04 11:10:49.410,2.965,1000.0,2.929,2.9524369999999998,2.959,2.935,2.96,20000,2.959,31800,2.958,58400,2.955,11500,2.953,30000,2.95,30000,2.949,1700,2.945,10000,2.94,20000,2.935,2600,2.965,9000,2.966,28000,2.97,1000,2.98,1500,2.981,5000,2.985,7200,2.989,400,2.99,2700,2.991,7700,2.994,5000
2020-08-04 11:11:04.280,2.965,5000.0,2.929,2.952482,2.959,2.935,2.962,5000,2.96,20000,2.959,31800,2.958,58400,2.955,16200,2.953,30000,2.95,30000,2.949,1700,2.945,10000,2.94,20000,2.965,4000,2.97,1000,2.98,1500,2.981,5000,2.985,7200,2.989,400,2.99,2700,2.991,7700,2.994,5000,2.995,20000
2020-08-04 11:11:29.430,2.965,6700.0,2.929,2.9525419999999998,2.959,2.935,2.965,13300,2.962,5000,2.96,20000,2.959,31800,2.958,58400,2.955,11500,2.953,30000,2.95,30000,2.949,1700,2.945,10000,2.97,37800,2.98,1500,2.981,5000,2.985,7200,2.989,400,2.99,2700,2.991,7700,2.994,5000,2.995,20000,2.997,5500
2020-08-04 11:11:34.100,2.962,18300.0,2.929,2.95269,2.959,2.935,2.96,20000,2.959,31800,2.958,58400,2.955,11500,2.953,30000,2.95,30000,2.949,1700,2.945,10000,2.94,20000,2.935,2600,2.962,55100,2.965,16700,2.967,10000,2.97,37800,2.98,1500,2.981,5000,2.985,7200,2.989,400,2.99,2700,2.991,7700
2020-08-04 11:12:05.210,2.962,21600.0,2.929,2.952829,2.958,2.935,2.961,200,2.96,20000,2.959,31800,2.958,58400,2.955,31500,2.953,30000,2.95,30000,2.949,1700,2.945,10000,2.94,20000,2.962,33500,2.965,16700,2.967,10000,2.97,37800,2.98,1500,2.981,5000,2.985,7200,2.989,400,2.99,2700,2.991,7700
2020-08-04 11:12:26.560,2.961,200.0,2.929,2.95283,2.957,2.935,2.96,20000,2.959,31800,2.958,58400,2.955,31500,2.953,30000,2.95,10000,2.949,1700,2.945,10000,2.94,20000,2.935,2600,2.961,100,2.962,33500,2.964,10000,2.965,16700,2.967,10000,2.97,37800,2.98,1500,2.985,7200,2.989,400,2.99,2700
2020-08-04 11:12:39.060,2.96,1000.0,2.929,2.952835,2.957,2.935,2.96,22400,2.959,31800,2.958,58400,2.955,31500,2.953,30000,2.95,10000,2.949,1700,2.945,10000,2.94,20000,2.935,2600,2.961,100,2.962,33500,2.964,10000,2.965,16700,2.967,10000,2.97,37800,2.98,1500,2.985,7200,2.989,400,2.99,2700
2020-08-04 11:13:10.050,2.96,100.0,2.929,2.952836,2.957,2.935,2.96,22900,2.959,31800,2.958,58400,2.955,31500,2.953,30000,2.95,10000,2.949,1700,2.945,10000,2.94,20000,2.935,2600,2.961,5800,2.962,33500,2.964,10000,2.965,16700,2.97,37800,2.98,1500,2.989,400,2.99,2700,2.991,7700,2.994,5000
2020-08-04 11:14:22.180,2.96,24700.0,2.929,2.9529549999999998,2.957,2.935,2.959,31800,2.958,58400,2.955,31500,2.953,30000,2.952,3000,2.95,10000,2.949,1700,2.945,10000,2.94,20000,2.935,2600,2.96,5300,2.961,5800,2.962,33500,2.963,10000,2.964,10000,2.965,16700,2.97,37800,2.98,1500,2.989,400,2.99,2700
2020-08-04 11:14:24.880,2.959,30000.0,2.929,2.953076,2.956,2.935,2.959,1800,2.958,58400,2.955,31500,2.953,30000,2.952,3000,2.95,10000,2.949,1700,2.945,10000,2.94,20000,2.935,2600,2.96,5300,2.961,5800,2.962,33500,2.963,10000,2.964,10000,2.965,16700,2.97,37800,2.98,1500,2.989,400,2.99,2700
2020-08-04 11:14:27.730,2.958,30000.0,2.929,2.953173,2.956,2.935,2.958,30200,2.955,31500,2.953,30000,2.952,3000,2.95,10000,2.949,1700,2.945,10000,2.94,20000,2.935,2600,2.933,5000,2.96,5300,2.961,5800,2.962,33500,2.963,10000,2.964,10000,2.965,16700,2.97,37800,2.98,1500,2.989,400,2.99,2700
2020-08-04 11:14:30.270,2.958,30000.0,2.929,2.953265,2.956,2.935,2.958,200,2.955,31500,2.953,30000,2.952,3000,2.95,10000,2.949,1700,2.945,10000,2.94,20000,2.935,2600,2.933,5000,2.96,5300,2.961,5800,2.962,33500,2.963,10000,2.964,10000,2.965,16700,2.97,37800,2.98,1500,2.989,400,2.99,2700
2020-08-04 11:14:38.480,2.958,200.0,2.929,2.953266,2.956,2.935,2.955,31500,2.953,30000,2.952,3000,2.95,10000,2.949,1700,2.945,10000,2.94,20000,2.935,2600,2.933,5000,2.93,28400,2.958,4800,2.96,5300,2.961,15800,2.962,33500,2.963,10000,2.964,10000,2.965,16700,2.97,37800,2.98,1500,2.989,400
2020-08-04 11:14:53.620,2.958,600.0,2.929,2.953268,2.956,2.935,2.955,30000,2.953,30000,2.952,3000,2.95,10000,2.949,1700,2.945,10000,2.94,20000,2.935,2600,2.933,5000,2.93,28400,2.958,4200,2.96,5300,2.961,10800,2.962,33500,2.963,10000,2.964,10000,2.965,16700,2.97,37800,2.98,1500,2.989,400
2020-08-04 11:15:40.460,2.958,4200.0,2.929,2.95328,2.952,2.935,2.958,25800,2.955,30000,2.952,3000,2.95,10000,2.949,1700,2.945,10000,2.94,20000,2.935,2600,2.933,5000,2.93,28400,2.959,10000,2.96,11500,2.961,10800,2.962,33500,2.963,10000,2.965,16700,2.97,37800,2.98,1500,2.989,400,2.99,2700
2020-08-04 11:15:57.580,2.955,30000.0,2.929,2.953361,2.95,2.935,2.955,25800,2.952,3000,2.95,10000,2.949,1700,2.945,10000,2.94,20000,2.935,2600,2.933,5000,2.93,28400,2.929,10800,2.959,10000,2.96,11500,2.961,10800,2.962,33500,2.965,16700,2.97,37800,2.98,1500,2.989,400,2.99,2700,2.991,7700
2020-08-04 11:16:34.550,2.955,25800.0,2.929,2.9533869999999998,2.947,2.935,2.952,3000,2.95,10000,2.949,1700,2.945,15000,2.94,20000,2.935,2600,2.934,4900,2.933,5000,2.93,28400,2.929,10800,2.955,47200,2.959,10700,2.96,11500,2.961,10800,2.962,33500,2.965,16700,2.97,37800,2.98,1500,2.989,400,2.99,2700
2020-08-04 11:17:03.820,2.952,600.0,2.929,2.953386,2.948,2.935,2.952,2400,2.95,10000,2.949,1700,2.945,16500,2.94,20000,2.935,2600,2.934,4900,2.933,5000,2.93,28400,2.929,10800,2.955,79000,2.959,10000,2.96,11500,2.961,10800,2.962,33500,2.965,16700,2.97,37800,2.98,1500,2.989,400,2.99,2700
2020-08-04 11:17:07.150,2.952,2400.0,2.929,2.9533840000000002,2.948,2.935,2.95,10000,2.949,1700,2.945,16500,2.94,20000,2.935,2600,2.934,4900,2.933,5000,2.93,28400,2.929,10800,2.928,200,2.952,6600,2.955,79000,2.959,10000,2.96,11500,2.961,10800,2.962,33500,2.965,16700,2.97,37800,2.98,1500,2.989,400
2020-08-04 11:17:17.470,2.95,700.0,2.929,2.953383,2.948,2.935,2.95,9300,2.949,1700,2.945,16500,2.94,20000,2.935,2600,2.934,4900,2.933,5000,2.93,28400,2.929,10800,2.928,200,2.952,6600,2.955,79000,2.959,10000,2.96,11500,2.961,10800,2.962,33500,2.965,16700,2.97,37800,2.98,1500,2.989,400
2020-08-04 11:17:23.890,2.95,5700.0,2.929,2.9533709999999997,2.947,2.935,2.95,3600,2.949,1700,2.945,16500,2.94,20000,2.935,2600,2.934,4900,2.933,5000,2.93,28400,2.929,10800,2.928,200,2.952,6600,2.955,79000,2.959,10000,2.96,11500,2.961,10800,2.962,33500,2.965,16700,2.97,37800,2.98,1500,2.989,400
2020-08-04 11:17:34.600,2.95,700.0,2.929,2.953369,2.947,2.935,2.95,2900,2.949,1700,2.945,1500,2.94,20000,2.935,2600,2.934,4900,2.933,5000,2.93,28400,2.929,10800,2.928,200,2.952,6600,2.955,79000,2.959,10000,2.96,11500,2.961,10800,2.962,33500,2.965,16700,2.97,37800,2.98,1500,2.989,400
2020-08-04 11:17:47.480,2.95,4900.0,2.929,2.953361,2.946,2.935,2.949,1700,2.94,10000,2.935,2600,2.934,4900,2.933,5000,2.93,28400,2.929,10800,2.928,200,2.926,1000,2.92,9500,2.952,6600,2.955,79000,2.959,10000,2.96,11500,2.961,10800,2.962,33500,2.965,16700,2.97,37800,2.98,1500,2.989,400
2020-08-04 11:17:50.440,2.952,6600.0,2.929,2.9533549999999997,2.946,2.935,2.952,63400,2.949,1700,2.94,10000,2.935,2600,2.934,4900,2.933,5000,2.93,28400,2.929,10800,2.928,200,2.926,1000,2.955,79000,2.959,10000,2.96,11500,2.961,10800,2.962,33500,2.965,16700,2.97,37800,2.98,1500,2.989,400,2.99,2700
2020-08-04 11:18:03.230,2.955,200.0,2.929,2.9533549999999997,2.944,2.935,2.952,63400,2.949,1700,2.94,10000,2.935,2600,2.934,4900,2.933,5000,2.93,28400,2.929,10800,2.928,200,2.926,1000,2.955,78800,2.959,10000,2.96,11500,2.961,10800,2.962,33500,2.965,16700,2.97,37800,2.98,1500,2.989,400,2.99,2700
2020-08-04 11:18:06.030,2.952,30000.0,2.929,2.953331,2.943,2.935,2.952,33400,2.949,1700,2.94,10000,2.935,2600,2.934,4900,2.933,5000,2.93,28400,2.929,10800,2.928,200,2.926,1000,2.955,78800,2.959,10000,2.96,11500,2.961,10800,2.962,33500,2.97,7800,2.98,1500,2.989,400,2.99,2700,2.991,7700
2020-08-04 11:18:13.660,2.952,22000.0,2.929,2.9533139999999998,2.943,2.935,2.952,11400,2.949,1700,2.94,10000,2.935,2600,2.934,4900,2.933,5000,2.93,28400,2.929,10800,2.928,200,2.926,1000,2.955,78800,2.959,10000,2.96,6200,2.961,10800,2.962,33500,2.97,7800,2.98,1500,2.989,400,2.99,2700,2.991,7700
2020-08-04 11:18:48.910,2.952,4500.0,2.929,2.9533099999999997,2.942,2.935,2.952,11200,2.949,1700,2.94,10000,2.935,2600,2.934,4900,2.933,5000,2.93,28400,2.929,10800,2.928,200,2.926,1000,2.955,80800,2.959,10000,2.96,6200,2.961,10800,2.962,33500,2.97,7800,2.98,1500,2.989,400,2.99,2700,2.991,7700
2020-08-04 11:18:50.760,2.952,100.0,2.929,2.9533099999999997,2.942,2.935,2.952,11100,2.949,1700,2.94,10000,2.935,2600,2.934,4900,2.933,5000,2.93,28400,2.929,10800,2.928,200,2.926,1000,2.955,80800,2.959,10000,2.96,6200,2.961,10800,2.962,33500,2.97,7800,2.98,1500,2.989,400,2.99,2700,2.991,7700
2020-08-04 11:20:38.900,2.955,1000.0,2.929,2.9533110000000002,2.952,2.935,2.952,11100,2.949,1700,2.94,10000,2.935,4100,2.934,8000,2.933,5000,2.93,28400,2.929,10800,2.928,200,2.926,1000,2.955,73800,2.959,10000,2.96,6200,2.961,10800,2.962,33500,2.97,7800,2.98,1500,2.989,400,2.99,2700,2.991,7700
2020-08-04 11:21:41.080,2.955,300.0,2.929,2.953312,2.953,2.935,2.952,11100,2.949,1700,2.94,10000,2.935,4100,2.934,8000,2.933,5000,2.93,28400,2.929,10800,2.928,200,2.926,1000,2.955,47700,2.96,6200,2.961,10800,2.962,33500,2.97,7800,2.98,1500,2.989,400,2.99,2700,2.991,7700,2.994,5000
2020-08-04 11:22:47.120,2.955,34300.0,2.929,2.953345,2.957,2.935,2.953,1000,2.952,10800,2.949,1700,2.94,10000,2.935,2600,2.934,8000,2.933,5000,2.93,28400,2.929,10800,2.928,200,2.955,13400,2.957,10000,2.959,10000,2.96,6200,2.961,800,2.962,33500,2.97,7800,2.98,1500,2.989,400,2.99,2700
2020-08-04 11:22:50.020,2.955,100.0,2.929,2.953345,2.956,2.935,2.953,1000,2.952,10800,2.949,1700,2.948,10000,2.941,1500,2.94,10000,2.935,2600,2.934,8000,2.933,5000,2.93,28400,2.955,13300,2.957,10000,2.959,10000,2.96,6200,2.961,800,2.962,33500,2.97,7800,2.98,1500,2.989,400,2.99,2700
2020-08-04 11:23:28.350,2.955,3000.0,2.929,2.953348,2.956,2.935,2.953,1000,2.952,10800,2.949,1700,2.948,16200,2.941,1500,2.94,10000,2.935,2600,2.934,8000,2.933,5000,2.93,28400,2.955,10300,2.96,6200,2.961,800,2.962,33500,2.97,7800,2.98,1500,2.989,400,2.99,2700,2.991,7700,2.992,2000
2020-08-04 11:23:46.480,2.955,10300.0,2.929,2.953358,2.955,2.935,2.955,9700,2.953,1000,2.952,10800,2.949,1700,2.948,10000,2.941,1500,2.94,10000,2.935,2600,2.934,8000,2.933,5000,2.96,6200,2.961,800,2.962,33500,2.97,7800,2.98,1500,2.989,400,2.99,2700,2.991,7700,2.992,2000,2.994,5000
2020-08-04 11:24:59.010,2.96,700.0,2.929,2.95336,2.961,2.935,2.96,4300,2.955,21700,2.953,1000,2.952,10800,2.949,1700,2.948,10000,2.941,1500,2.94,10000,2.935,2600,2.934,8000,2.961,1200,2.962,33500,2.963,10000,2.97,7800,2.98,1500,2.989,400,2.99,2700,2.991,7700,2.992,2000,2.994,5000
2020-08-04 11:25:25.870,2.961,1200.0,2.929,2.9533650000000002,2.96,2.935,2.961,1800,2.955,21700,2.953,1000,2.952,10800,2.949,1700,2.948,10000,2.941,1500,2.94,10000,2.935,2600,2.934,8000,2.962,33500,2.97,13300,2.98,1500,2.989,400,2.99,2700,2.991,7700,2.992,2000,2.994,5000,2.995,20000,2.997,4000
2020-08-04 11:27:10.360,2.961,6800.0,2.929,2.953395,2.961,2.935,2.955,21700,2.954,10000,2.953,1000,2.952,20800,2.949,1700,2.941,1500,2.94,10000,2.935,2600,2.934,8100,2.933,5000,2.961,18200,2.962,33500,2.964,10000,2.97,13300,2.98,1500,2.989,400,2.99,2700,2.991,7700,2.992,2000,2.994,5000
2020-08-04 11:27:13.560,2.961,700.0,2.929,2.953398,2.961,2.935,2.955,21700,2.954,10000,2.953,1000,2.952,20800,2.949,1700,2.941,1500,2.94,10000,2.935,2600,2.934,8100,2.933,5000,2.961,17500,2.962,33500,2.964,10000,2.97,13300,2.98,1500,2.989,400,2.99,2700,2.991,7700,2.992,2000,2.994,5000
2020-08-04 11:27:19.200,2.961,4000.0,2.929,2.953415,2.96,2.935,2.955,21700,2.954,10000,2.953,1000,2.952,20800,2.949,1700,2.941,1500,2.94,10000,2.935,2600,2.934,8100,2.933,5000,2.961,13500,2.962,33500,2.97,13300,2.98,1500,2.989,400,2.99,2700,2.991,7700,2.992,2000,2.994,5000,2.995,20000
2020-08-04 11:28:58.810,2.957,6100.0,2.929,2.953427,2.958,2.935,2.955,11700,2.954,10000,2.953,11000,2.952,16800,2.949,1700,2.941,1500,2.94,10000,2.935,2600,2.934,8100,2.933,5000,2.957,3900,2.96,1000,2.961,13500,2.962,33500,2.964,10000,2.966,10000,2.97,13300,2.98,1500,2.989,400,2.99,2700
2020-08-04 13:00:02.000,2.957,1300.0,2.929,2.95343,2.957,2.935,2.955,11700,2.953,1000,2.952,16800,2.951,10000,2.95,10000,2.941,1500,2.94,10000,2.935,2600,2.934,8100,2.933,5000,2.957,15600,2.96,1000,2.961,13500,2.962,43500,2.964,10000,2.966,10000,2.97,13300,2.98,1500,2.989,400,2.99,2700
2020-08-04 13:00:05.730,2.957,25100.0,2.929,2.953462,2.957,2.935,2.954,16900,2.953,1000,2.952,16800,2.951,10000,2.95,10200,2.942,400,2.941,1500,2.94,10000,2.935,2600,2.934,8100,2.957,6500,2.96,1000,2.961,13500,2.962,43500,2.964,10000,2.966,10000,2.97,13300,2.98,1500,2.989,400,2.99,2700
2020-08-04 13:05:27.240,2.955,3000.0,2.929,2.953464,2.952,2.935,2.955,2000,2.953,1000,2.952,16800,2.95,17600,2.945,5500,2.942,400,2.941,1500,2.94,10000,2.935,2600,2.934,8100,2.957,7500,2.958,10000,2.96,15200,2.961,23500,2.962,33500,2.97,13300,2.98,1500,2.989,400,2.99,2700,2.991,7700
2020-08-04 13:05:53.880,2.957,1900.0,2.929,2.953468,2.951,2.935,2.955,2000,2.953,1000,2.952,16800,2.95,17600,2.945,5500,2.942,400,2.941,1500,2.94,10000,2.935,2600,2.934,8100,2.957,5700,2.958,10000,2.96,15200,2.961,23500,2.962,33500,2.966,5000,2.97,13300,2.98,1500,2.989,400,2.99,2700
2020-08-04 13:06:24.200,2.955,2000.0,2.929,2.9534700000000003,2.95,2.935,2.955,5000,2.953,1000,2.952,16800,2.95,17600,2.945,5500,2.942,400,2.941,1500,2.94,10000,2.935,2600,2.934,8100,2.957,5700,2.958,10000,2.96,15200,2.961,23500,2.966,5000,2.97,13300,2.98,1500,2.989,400,2.99,2700,2.991,7700
2020-08-04 13:06:41.060,2.955,5000.0,2.929,2.9534740000000004,2.949,2.935,2.953,1000,2.952,16800,2.95,17100,2.945,5000,2.942,400,2.941,1500,2.94,10000,2.935,2600,2.934,8100,2.933,10000,2.955,28500,2.957,5700,2.958,10000,2.96,15200,2.961,23500,2.966,5000,2.97,13300,2.98,1500,2.989,400,2.99,2700
2020-08-04 13:08:05.220,2.953,1000.0,2.929,2.9534740000000004,2.949,2.935,2.952,16800,2.95,17100,2.945,5000,2.942,400,2.941,1500,2.94,10000,2.935,2600,2.934,8100,2.933,10000,2.93,28400,2.953,27500,2.955,38700,2.957,5700,2.96,5200,2.961,13500,2.966,5000,2.97,13300,2.98,1500,2.989,400,2.99,2700
2020-08-04 13:08:23.800,2.952,7000.0,2.929,2.953468,2.949,2.935,2.952,9800,2.95,17100,2.945,5000,2.942,400,2.941,1500,2.94,10000,2.935,2600,2.934,8100,2.933,10000,2.93,28400,2.953,27500,2.955,38700,2.956,10000,2.957,5700,2.96,5200,2.961,13500,2.966,5000,2.97,13300,2.98,1500,2.989,400
2020-08-04 13:08:44.610,2.95,26900.0,2.929,2.9534279999999997,2.952,2.935,2.945,5000,2.942,400,2.941,1500,2.94,10000,2.935,2600,2.934,8100,2.933,10000,2.93,28400,2.929,800,2.928,200,2.95,600,2.955,27900,2.956,10000,2.957,5700,2.96,5200,2.961,13500,2.966,5000,2.97,13300,2.98,1500,2.989,400
2020-08-04 13:08:46.460,2.952,5000.0,2.929,2.953424,2.952,2.935,2.945,5000,2.942,400,2.941,1500,2.94,10000,2.935,2600,2.934,8100,2.933,10000,2.93,28400,2.929,800,2.928,200,2.952,16600,2.955,27900,2.957,5700,2.96,5200,2.961,13500,2.966,5000,2.97,13300,2.98,1500,2.989,400,2.99,2700
2020-08-04 13:09:30.940,2.946,2200.0,2.929,2.953415,2.951,2.935,2.946,7800,2.945,5000,2.942,400,2.941,1500,2.94,10000,2.935,2600,2.934,8100,2.933,10000,2.93,28400,2.929,800,2.95,1000,2.952,16600,2.955,17900,2.957,5700,2.96,15200,2.961,13500,2.966,5000,2.97,13300,2.98,1500,2.989,400
2020-08-04 13:09:41.440,2.946,2000.0,2.929,2.953407,2.951,2.935,2.946,5800,2.945,5000,2.942,400,2.941,1500,2.94,10000,2.935,2600,2.934,8100,2.933,10000,2.93,29200,2.929,800,2.95,1000,2.952,16600,2.955,17900,2.957,5700,2.96,15200,2.961,13500,2.966,5000,2.97,13300,2.98,1500,2.989,400
2020-08-04 13:10:12.400,2.945,10800.0,2.929,2.953362,2.949,2.935,2.942,400,2.941,1500,2.94,10000,2.935,2600,2.934,8100,2.933,10000,2.93,29200,2.929,800,2.928,200,2.926,1000,2.945,5800,2.95,1000,2.955,17900,2.957,5700,2.96,15200,2.961,13500,2.966,5000,2.97,13300,2.98,1500,2.989,400
2020-08-04 13:10:16.830,2.945,300.0,2.929,2.95336,2.948,2.935,2.942,400,2.941,1500,2.94,10000,2.935,2600,2.934,8100,2.933,10000,2.93,29200,2.929,800,2.928,200,2.926,1000,2.945,5500,2.95,1000,2.955,17900,2.957,5700,2.96,15200,2.961,13500,2.966,5000,2.97,13300,2.98,1500,2.989,400
2020-08-04 13:10:59.580,2.943,6700.0,2.929,2.953323,2.945,2.935,2.943,3300,2.942,400,2.941,1500,2.94,10000,2.935,2600,2.934,8100,2.933,10000,2.93,29200,2.929,800,2.928,200,2.945,5500,2.95,1000,2.955,10700,2.957,5700,2.96,15200,2.961,13500,2.966,5000,2.97,13300,2.98,1500,2.989,400
2020-08-04 13:11:19.920,2.942,400.0,2.929,2.953321,2.944,2.935,2.941,1500,2.94,10000,2.935,2600,2.934,8100,2.933,10000,2.93,29200,2.929,800,2.928,200,2.926,1000,2.92,10000,2.942,6800,2.945,5500,2.95,1000,2.955,10700,2.957,5700,2.96,15200,2.961,13500,2.966,5000,2.97,13300,2.98,1500
2020-08-04 13:11:21.720,2.935,11600.0,2.929,2.953239,2.944,2.935,2.939,10000,2.935,2500,2.934,8100,2.933,10000,2.93,29200,2.929,800,2.928,200,2.926,1000,2.92,10000,2.919,3500,2.942,6800,2.945,5500,2.95,1000,2.955,10700,2.957,5700,2.96,15200,2.961,13500,2.966,5000,2.97,13300,2.98,1500
2020-08-04 13:11:33.860,2.942,200.0,2.929,2.9532380000000003,2.944,2.935,2.939,10000,2.935,2500,2.934,8100,2.933,10000,2.93,29200,2.929,800,2.928,200,2.926,1000,2.92,10000,2.919,3500,2.942,6600,2.95,1000,2.955,10700,2.957,5700,2.96,15200,2.961,13500,2.966,5000,2.97,13300,2.98,1500,2.989,400
2020-08-04 13:11:36.910,2.939,5000.0,2.929,2.953201,2.944,2.935,2.939,5000,2.935,2500,2.934,8100,2.933,10000,2.93,29200,2.929,800,2.928,200,2.926,1000,2.92,10000,2.919,3500,2.942,6600,2.95,1000,2.955,10700,2.957,5700,2.96,15200,2.961,13500,2.966,5000,2.97,13300,2.98,1500,2.989,400
2020-08-04 13:11:52.970,2.939,5000.0,2.929,2.953163,2.944,2.935,2.935,2500,2.934,8100,2.933,10000,2.93,29200,2.929,800,2.928,200,2.926,1000,2.92,10000,2.919,3500,2.918,100,2.937,500,2.942,6600,2.95,1000,2.955,10700,2.957,5700,2.96,15200,2.961,13500,2.966,5000,2.97,13300,2.98,1500
2020-08-04 13:11:58.600,2.937,200.0,2.929,2.953162,2.943,2.935,2.935,2500,2.934,8100,2.933,10000,2.93,29200,2.929,800,2.928,200,2.926,1000,2.92,10000,2.919,3500,2.918,100,2.937,300,2.942,6600,2.95,1000,2.955,10700,2.957,5700,2.96,15200,2.961,13500,2.966,5000,2.97,13300,2.98,1500
2020-08-04 13:12:00.050,2.937,300.0,2.929,2.953159,2.943,2.935,2.936,30000,2.935,2500,2.934,8100,2.933,10000,2.93,29200,2.929,800,2.928,200,2.926,1000,2.92,10000,2.919,3500,2.942,6600,2.95,1000,2.955,10700,2.957,5700,2.96,15200,2.961,13500,2.966,5000,2.97,13300,2.98,1500,2.989,400
2020-08-04 13:12:07.770,2.936,22800.0,2.929,2.9529549999999998,2.944,2.935,2.936,7200,2.935,2500,2.934,8100,2.933,10000,2.93,29200,2.929,800,2.928,200,2.926,1000,2.92,10000,2.919,3500,2.942,6600,2.95,1000,2.955,10700,2.957,5700,2.96,15200,2.961,13500,2.966,5000,2.97,13300,2.98,1500,2.989,400
2020-08-04 13:12:12.610,2.937,5000.0,2.929,2.952914,2.944,2.935,2.937,5000,2.936,7200,2.935,2500,2.934,8100,2.933,10000,2.93,29200,2.929,800,2.928,200,2.926,1000,2.92,10000,2.942,6600,2.95,1000,2.955,10700,2.957,5700,2.96,15200,2.961,13500,2.966,5000,2.97,13300,2.98,1500,2.989,400
2020-08-04 13:13:07.390,2.942,2000.0,2.929,2.952903,2.945,2.935,2.937,5000,2.936,7200,2.935,2500,2.934,8100,2.933,10000,2.93,29200,2.929,800,2.928,200,2.926,1000,2.92,10000,2.942,4600,2.95,1000,2.955,500,2.957,5700,2.96,15200,2.961,13500,2.966,5000,2.97,13300,2.98,1500,2.989,400
2020-08-04 13:13:19.940,2.937,5000.0,2.929,2.952861,2.945,2.935,2.936,7200,2.935,2500,2.934,8100,2.933,10000,2.93,29200,2.929,800,2.928,200,2.926,1000,2.92,10000,2.919,3500,2.937,500,2.942,4600,2.95,1000,2.955,500,2.957,5700,2.96,15200,2.961,13500,2.966,5000,2.97,13300,2.98,1500
2020-08-04 13:13:22.860,2.937,500.0,2.929,2.952857,2.944,2.935,2.938,2000,2.936,7200,2.935,2500,2.934,8100,2.933,10000,2.93,29200,2.929,800,2.928,200,2.926,1000,2.92,10000,2.942,4600,2.95,1000,2.955,500,2.957,5700,2.96,15200,2.961,13500,2.966,5000,2.97,13300,2.98,1500,2.989,400
2020-08-04 13:14:21.720,2.942,4600.0,2.929,2.952832,2.948,2.935,2.938,15000,2.936,9100,2.935,2500,2.934,8100,2.933,10000,2.93,27300,2.929,800,2.928,200,2.926,1000,2.92,10000,2.95,1000,2.955,500,2.957,3700,2.96,15200,2.961,13500,2.966,5000,2.97,13300,2.98,1500,2.989,400,2.99,2700
2020-08-04 13:15:06.060,2.942,2000.0,2.929,2.95282,2.951,2.935,2.939,4000,2.938,15000,2.936,7200,2.935,2500,2.934,10000,2.933,10000,2.93,27300,2.929,800,2.928,200,2.926,1000,2.95,1000,2.955,500,2.957,3700,2.96,15200,2.961,13500,2.966,5000,2.97,13300,2.98,1500,2.989,400,2.99,2700
2020-08-04 13:15:45.450,2.942,2000.0,2.929,2.952809,2.951,2.935,2.941,2000,2.94,5000,2.938,15000,2.936,7200,2.935,2500,2.934,10000,2.933,10000,2.93,27300,2.929,800,2.928,200,2.942,1000,2.95,1000,2.955,500,2.956,200,2.957,3700,2.96,15200,2.961,13500,2.966,5000,2.97,13300,2.98,1500
2020-08-04 13:15:57.040,2.942,1000.0,2.929,2.952804,2.951,2.935,2.942,9000,2.941,2000,2.94,5000,2.938,5000,2.936,7200,2.935,2500,2.934,10000,2.933,10000,2.93,27300,2.929,800,2.95,1000,2.955,500,2.956,200,2.957,3700,2.96,15200,2.961,13500,2.966,5000,2.97,13300,2.98,1500,2.989,400
2020-08-04 13:17:48.480,2.944,1200.0,2.929,2.952798,2.952,2.935,2.944,8800,2.943,30000,2.942,9000,2.94,5000,2.938,10000,2.936,7200,2.935,2500,2.934,10000,2.933,10000,2.93,27300,2.95,1000,2.955,500,2.956,200,2.957,2700,2.96,15200,2.961,13500,2.966,5000,2.97,13300,2.98,1500,2.99,2700
2020-08-04 13:20:13.140,2.95,1000.0,2.929,2.9527970000000003,2.954,2.935,2.95,7700,2.944,8800,2.943,30000,2.942,9000,2.94,5000,2.938,10000,2.936,7200,2.935,2500,2.934,8100,2.933,10000,2.955,500,2.956,200,2.957,2700,2.96,15200,2.961,13500,2.966,5000,2.97,13300,2.98,1500,2.99,4700,2.991,7700
2020-08-04 13:21:32.610,2.954,7700.0,2.929,2.952802,2.949,2.935,2.942,9000,2.94,5000,2.938,10000,2.936,7200,2.935,2500,2.934,8100,2.933,10000,2.93,27300,2.929,800,2.928,2100,2.954,2300,2.955,500,2.956,200,2.957,2700,2.96,15200,2.961,13500,2.966,5000,2.97,13300,2.98,1500,2.99,4700
2020-08-04 13:22:10.990,2.954,2300.0,2.929,2.952803,2.949,2.935,2.954,3500,2.94,5000,2.938,10000,2.936,7200,2.935,2500,2.934,8100,2.933,10000,2.93,27300,2.929,800,2.928,2100,2.955,500,2.956,10200,2.957,2700,2.96,5200,2.961,13500,2.966,5000,2.97,13300,2.98,1500,2.99,4700,2.991,7700
2020-08-04 13:22:34.570,2.954,3400.0,2.929,2.952805,2.95,2.935,2.954,100,2.94,5000,2.938,10000,2.936,7200,2.935,2500,2.934,8100,2.933,10000,2.93,27300,2.929,800,2.928,2100,2.955,500,2.956,10200,2.957,2700,2.96,5200,2.961,13500,2.966,5000,2.97,13300,2.98,1500,2.99,4700,2.991,7700
2020-08-04 13:24:37.490,2.954,100.0,2.929,2.952805,2.954,2.935,2.949,10000,2.941,30800,2.94,5000,2.938,10000,2.936,7200,2.935,2500,2.934,8100,2.933,10000,2.93,37300,2.929,800,2.955,500,2.956,200,2.957,2700,2.96,15600,2.961,13500,2.966,5000,2.97,13300,2.98,1500,2.99,4700,2.991,7700
2020-08-04 13:26:44.870,2.954,2000.0,2.929,2.9528060000000003,2.956,2.935,2.947,10000,2.941,30800,2.94,5000,2.938,7000,2.936,7200,2.935,2500,2.934,8100,2.933,10000,2.93,37300,2.929,800,2.954,7200,2.955,500,2.956,5200,2.957,2700,2.96,6800,2.961,13500,2.966,5000,2.97,13300,2.98,1500,2.99,4700
2020-08-04 13:27:25.570,2.952,1800.0,2.929,2.9528060000000003,2.956,2.935,2.951,10000,2.947,10000,2.941,30800,2.94,5000,2.938,7000,2.936,7200,2.935,2500,2.934,8100,2.933,10000,2.93,37300,2.952,200,2.954,7200,2.955,500,2.956,5200,2.957,2700,2.96,6800,2.961,13500,2.966,5000,2.97,13300,2.98,1500
2020-08-04 13:27:35.980,2.952,200.0,2.929,2.9528060000000003,2.957,2.935,2.952,9800,2.951,10000,2.941,30800,2.94,5000,2.938,7000,2.936,7200,2.935,2500,2.934,8100,2.933,10000,2.93,37300,2.955,500,2.956,5200,2.957,2700,2.96,6800,2.961,13500,2.966,5000,2.97,13300,2.98,1500,2.99,4700,2.991,7700
2020-08-04 13:28:12.830,2.955,500.0,2.929,2.9528060000000003,2.957,2.935,2.952,19800,2.951,10000,2.941,30800,2.94,5000,2.938,7000,2.936,7200,2.935,2500,2.934,8100,2.933,10000,2.93,37300,2.955,7200,2.956,5200,2.957,2700,2.96,6800,2.961,13500,2.966,5000,2.97,13300,2.98,1500,2.99,4700,2.991,7700
2020-08-04 13:29:52.240,2.953,400.0,2.929,2.9528060000000003,2.955,2.935,2.952,10000,2.951,10000,2.95,10000,2.94,5000,2.938,7000,2.935,2500,2.934,8100,2.933,10000,2.93,37300,2.929,800,2.953,1600,2.955,7200,2.956,5200,2.957,2700,2.96,6800,2.961,13500,2.97,13300,2.98,1500,2.99,4700,2.991,7700
2020-08-04 13:30:40.650,2.953,800.0,2.929,2.9528060000000003,2.954,2.935,2.952,13300,2.947,10000,2.94,5000,2.938,7000,2.935,2500,2.934,8100,2.933,10000,2.93,37300,2.929,800,2.928,2100,2.953,800,2.955,7200,2.956,5200,2.957,7700,2.958,10000,2.96,6800,2.961,13500,2.97,13300,2.98,1500,2.99,4700
2020-08-04 13:30:45.600,2.953,300.0,2.929,2.9528060000000003,2.955,2.935,2.952,13300,2.947,10000,2.94,5000,2.938,7000,2.935,2500,2.934,8100,2.933,10000,2.93,37300,2.929,800,2.928,2100,2.953,500,2.955,7200,2.956,5200,2.957,7700,2.958,10000,2.96,6800,2.961,13500,2.97,13300,2.98,1500,2.99,4700
2020-08-04 13:31:14.180,2.952,1000.0,2.929,2.9528060000000003,2.956,2.935,2.952,9000,2.947,10000,2.94,5000,2.938,7000,2.935,2500,2.934,8100,2.933,10000,2.93,37300,2.929,800,2.928,2100,2.953,500,2.955,7200,2.956,5200,2.957,7700,2.958,10000,2.96,6200,2.961,13500,2.97,13300,2.98,1500,2.99,4700
2020-08-04 13:31:52.740,2.953,500.0,2.929,2.9528060000000003,2.956,2.935,2.953,2800,2.952,9000,2.948,10000,2.947,10000,2.94,5000,2.938,7000,2.935,2500,2.934,8100,2.933,10000,2.93,37300,2.955,9700,2.956,5200,2.957,7700,2.96,6200,2.961,13500,2.97,13300,2.98,1500,2.99,4700,2.991,7700,2.993,2000
2020-08-04 13:32:18.260,2.953,2800.0,2.929,2.9528060000000003,2.958,2.935,2.952,9000,2.95,10000,2.948,10000,2.947,10000,2.94,5000,2.938,7000,2.935,2500,2.934,8100,2.933,10000,2.93,37300,2.953,200,2.955,9700,2.956,5200,2.957,7700,2.96,6200,2.961,13500,2.97,13300,2.98,1500,2.99,4700,2.991,7700
2020-08-04 13:34:21.000,2.952,100.0,2.929,2.9528060000000003,2.955,2.935,2.952,8900,2.948,10000,2.94,15000,2.938,7000,2.935,2500,2.934,8100,2.933,10000,2.93,37300,2.929,800,2.928,2100,2.953,7400,2.955,2500,2.956,200,2.957,7700,2.96,6200,2.961,13500,2.97,13300,2.977,1700,2.98,1500,2.985,4000
2020-08-04 13:34:48.990,2.953,1700.0,2.929,2.9528060000000003,2.955,2.935,2.952,9900,2.948,10000,2.94,15000,2.938,7000,2.935,2500,2.934,8100,2.933,10000,2.93,37300,2.929,800,2.928,2100,2.953,5700,2.955,2500,2.956,200,2.957,7700,2.96,6200,2.961,13500,2.97,13300,2.977,1700,2.98,1500,2.985,4000
2020-08-04 13:36:20.570,2.952,5000.0,2.929,2.952804,2.956,2.935,2.952,4900,2.948,10000,2.941,30000,2.94,15000,2.938,7000,2.935,2500,2.934,8100,2.933,10000,2.93,37300,2.929,800,2.953,15900,2.955,2500,2.956,200,2.957,7700,2.958,10000,2.96,6200,2.961,13500,2.97,13300,2.977,1700,2.98,1500
2020-08-04 13:36:24.870,2.953,10000.0,2.929,2.952805,2.956,2.935,2.952,4900,2.948,10000,2.941,30000,2.94,15000,2.938,7000,2.935,2500,2.934,8100,2.933,10000,2.93,37300,2.929,800,2.953,5900,2.955,2500,2.956,200,2.957,7700,2.958,10000,2.96,6200,2.961,13500,2.97,13300,2.977,1700,2.98,1500
2020-08-04 13:38:43.730,2.953,5900.0,2.929,2.9528060000000003,2.963,2.935,2.952,14900,2.95,10000,2.941,30000,2.94,15000,2.938,7000,2.935,2500,2.934,8100,2.933,10000,2.93,37300,2.929,800,2.955,2500,2.956,200,2.957,7700,2.96,6800,2.961,13500,2.97,13300,2.977,1700,2.98,1500,2.985,4000,2.99,4700
2020-08-04 13:38:55.920,2.955,2500.0,2.929,2.952809,2.963,2.935,2.955,27500,2.953,30000,2.952,14900,2.95,10000,2.941,30000,2.94,15000,2.938,7000,2.935,2500,2.934,8100,2.933,10000,2.956,200,2.957,7700,2.96,6800,2.961,13500,2.97,13300,2.977,1700,2.98,1500,2.985,4000,2.99,4700,2.991,7700
2020-08-04 13:39:02.110,2.953,2000.0,2.929,2.952809,2.964,2.935,2.953,28000,2.952,16400,2.95,10000,2.941,30000,2.94,15000,2.938,7000,2.935,2500,2.934,8100,2.933,10000,2.93,37300,2.956,200,2.957,7700,2.96,5600,2.961,13500,2.97,13300,2.977,1700,2.98,1500,2.985,4000,2.99,4700,2.991,7700
2020-08-04 13:40:05.190,2.956,200.0,2.929,2.952809,2.962,2.935,2.956,1800,2.954,10000,2.953,28000,2.952,16400,2.95,10000,2.941,30000,2.94,15000,2.938,7000,2.935,2500,2.934,8100,2.957,7700,2.96,5600,2.961,13500,2.97,13300,2.977,1700,2.98,1500,2.985,4000,2.99,4700,2.991,7700,2.993,2000
2020-08-04 13:40:33.650,2.957,1700.0,2.929,2.952813,2.962,2.935,2.956,1800,2.954,10000,2.953,28000,2.952,16400,2.941,30000,2.94,15000,2.938,7000,2.935,2500,2.934,8100,2.933,10000,2.957,6000,2.96,5600,2.961,13500,2.97,13300,2.977,1700,2.98,1500,2.985,4000,2.99,4700,2.991,7700,2.993,2000
2020-08-04 13:41:18.310,2.957,100.0,2.929,2.952813,2.962,2.935,2.956,1800,2.954,10000,2.953,9000,2.952,16400,2.941,30000,2.94,15000,2.938,7000,2.935,2500,2.934,8100,2.933,10000,2.957,5900,2.96,5600,2.961,13500,2.97,12300,2.977,1700,2.98,1500,2.985,4000,2.99,4700,2.991,7700,2.993,2000
2020-08-04 13:41:33.850,2.956,500.0,2.929,2.952814,2.962,2.935,2.956,1300,2.954,10000,2.953,9000,2.952,16400,2.941,30000,2.94,15000,2.938,7000,2.935,2500,2.934,5000,2.933,10000,2.957,5900,2.96,5600,2.961,13500,2.969,1000,2.97,12300,2.972,300,2.977,1700,2.98,1500,2.985,4000,2.99,4700
2020-08-04 13:41:47.190,2.956,1300.0,2.929,2.952816,2.962,2.935,2.954,10000,2.953,19000,2.952,16400,2.941,30000,2.94,15000,2.938,7000,2.935,2500,2.934,5000,2.933,10000,2.93,37300,2.956,100,2.957,5900,2.96,5600,2.961,13500,2.969,1000,2.97,12300,2.972,300,2.977,1700,2.98,1500,2.985,4000
2020-08-04 13:42:16.450,2.954,400.0,2.929,2.952816,2.962,2.935,2.954,9600,2.953,19000,2.952,15400,2.941,30000,2.94,15000,2.938,7000,2.935,2500,2.934,5000,2.933,10000,2.93,37300,2.956,100,2.957,5900,2.96,5600,2.961,13500,2.969,1000,2.97,12300,2.977,1700,2.98,1500,2.985,4000,2.99,4700
2020-08-04 13:43:46.540,2.954,1000.0,2.929,2.952817,2.959,2.935,2.953,19000,2.952,15400,2.951,10000,2.941,30000,2.94,15000,2.938,7000,2.935,2500,2.934,5000,2.933,10000,2.93,37300,2.954,9000,2.956,100,2.957,5000,2.96,5600,2.961,13500,2.969,1000,2.97,12300,2.977,1700,2.98,1500,2.985,4000
2020-08-04 13:47:15.070,2.953,100.0,2.929,2.952817,2.958,2.935,2.953,8900,2.952,13900,2.951,10000,2.941,30000,2.94,15000,2.938,7000,2.935,2500,2.934,5000,2.933,10000,2.93,37300,2.954,19000,2.957,5000,2.96,5600,2.961,13500,2.969,1000,2.97,12300,2.977,1700,2.98,1500,2.985,4000,2.99,4700
2020-08-04 13:47:58.140,2.954,10000.0,2.929,2.9528220000000003,2.961,2.935,2.953,8900,2.952,13900,2.951,10000,2.941,30000,2.94,15000,2.938,7000,2.935,2500,2.934,5000,2.933,10000,2.93,37300,2.954,9000,2.957,5000,2.96,5600,2.961,13500,2.969,1000,2.97,12300,2.977,1700,2.98,1500,2.985,4000,2.99,4700
2020-08-04 13:48:36.510,2.954,9000.0,2.929,2.952828,2.963,2.935,2.954,21000,2.953,8900,2.952,13900,2.951,10000,2.941,30000,2.94,15000,2.938,7000,2.935,2500,2.934,5000,2.933,10000,2.957,5000,2.96,5600,2.961,13500,2.969,1000,2.97,12300,2.977,1700,2.98,1500,2.985,4000,2.99,4700,2.991,7700
2020-08-04 13:49:06.080,2.957,5000.0,2.929,2.9528380000000003,2.964,2.935,2.954,21000,2.953,8900,2.952,13900,2.951,10000,2.941,30000,2.94,15000,2.938,7000,2.935,2500,2.934,5000,2.933,10000,2.96,5600,2.961,13500,2.969,1000,2.97,12300,2.977,1700,2.98,1500,2.985,4000,2.99,4700,2.991,7700,2.993,2000
2020-08-04 13:49:57.820,2.96,5000.0,2.929,2.952856,2.964,2.935,2.954,21000,2.953,8900,2.952,13900,2.951,10000,2.941,30000,2.94,15000,2.938,7000,2.935,2500,2.934,5000,2.933,10000,2.96,600,2.961,13500,2.969,1000,2.97,12600,2.977,1700,2.98,1500,2.985,4000,2.99,4700,2.991,7700,2.993,2000
2020-08-04 13:50:28.380,2.96,100.0,2.929,2.952856,2.965,2.935,2.955,10000,2.954,21000,2.953,8900,2.952,13900,2.951,10000,2.941,30000,2.94,15000,2.938,7000,2.935,2500,2.934,5000,2.96,500,2.961,13700,2.969,1000,2.97,12600,2.977,1700,2.98,3500,2.985,4000,2.99,4700,2.991,7700,2.993,2000
2020-08-04 13:50:29.160,2.96,100.0,2.929,2.952856,2.965,2.935,2.955,10000,2.954,21000,2.953,8900,2.952,13900,2.951,10000,2.941,30000,2.94,15000,2.938,7000,2.935,2500,2.934,5000,2.96,400,2.961,13700,2.969,1000,2.97,12600,2.977,1700,2.98,3500,2.985,4000,2.99,4700,2.991,7700,2.993,2000
2020-08-04 13:52:19.290,2.96,400.0,2.929,2.952858,2.969,2.935,2.958,30000,2.957,10000,2.956,30000,2.955,10000,2.953,8900,2.952,3900,2.941,30000,2.94,15000,2.938,7000,2.935,2500,2.961,13500,2.968,5000,2.969,1000,2.97,12300,2.977,1700,2.98,3500,2.985,4000,2.99,4700,2.991,7700,2.993,2000
2020-08-04 13:53:00.600,2.961,800.0,2.929,2.952861,2.972,2.935,2.958,20000,2.957,10000,2.956,30000,2.955,10000,2.953,8900,2.952,3900,2.941,30000,2.94,15000,2.938,7000,2.935,2500,2.961,12700,2.968,5000,2.969,1000,2.97,12300,2.977,1700,2.98,3500,2.985,4000,2.99,4700,2.991,7700,2.993,2000
2020-08-04 13:53:07.330,2.961,500.0,2.929,2.9528630000000002,2.971,2.935,2.958,20000,2.957,10000,2.956,30000,2.955,10000,2.953,8900,2.952,3900,2.941,30000,2.94,15000,2.938,7000,2.935,2500,2.961,12200,2.968,5000,2.969,1000,2.97,12300,2.977,1700,2.98,3500,2.985,4000,2.99,4700,2.991,7700,2.993,2000
2020-08-04 13:53:15.120,2.961,12200.0,2.929,2.952911,2.972,2.935,2.961,500,2.958,20000,2.957,10000,2.956,30000,2.955,10000,2.953,8900,2.952,3900,2.941,30000,2.94,15000,2.938,7000,2.968,5000,2.969,1000,2.97,12300,2.977,1700,2.98,3500,2.985,4000,2.99,4700,2.991,7700,2.993,2000,2.994,5000
