Datetime,Price,Volume
2020-08-04 09:25:00.280,1.27,100
2020-08-04 09:25:00.280,1.27,100
2020-08-04 09:25:00.280,1.27,100
2020-08-04 09:30:02.130,1.27,900
2020-08-04 09:30:02.130,1.271,100
2020-08-04 09:30:02.130,1.271,100
2020-08-04 09:30:02.130,1.272,100
2020-08-04 09:30:02.130,1.273,100
2020-08-04 09:30:02.130,1.274,100
2020-08-04 09:30:02.130,1.275,100
2020-08-04 09:30:05.170,1.275,98500
2020-08-04 09:30:14.340,1.27,3000
2020-08-04 09:30:39.950,1.271,100000
2020-08-04 09:30:48.840,1.27,100000
2020-08-04 09:30:52.400,1.271,400
2020-08-04 09:31:01.660,1.27,400
2020-08-04 09:31:01.660,1.27,100
2020-08-04 09:32:08.870,1.269,100
2020-08-04 09:32:41.430,1.268,100
2020-08-04 09:32:47.720,1.267,100
2020-08-04 09:32:47.720,1.267,9900
2020-08-04 09:33:10.630,1.268,14800
2020-08-04 09:33:10.630,1.268,35000
2020-08-04 09:33:25.590,1.269,900
2020-08-04 09:33:25.590,1.269,50000
2020-08-04 09:34:32.390,1.269,200
2020-08-04 09:35:08.010,1.27,2500
2020-08-04 09:35:08.010,1.27,100
2020-08-04 09:35:26.260,1.27,8000
2020-08-04 09:35:57.270,1.272,10000
2020-08-04 09:39:28.120,1.272,10000
2020-08-04 09:39:28.120,1.272,27000
2020-08-04 09:39:37.950,1.272,223000
2020-08-04 09:40:30.300,1.271,222800
2020-08-04 09:41:08.400,1.271,100
2020-08-04 09:41:13.470,1.271,20000
2020-08-04 09:42:20.610,1.269,100
2020-08-04 09:42:20.610,1.269,99800
2020-08-04 09:42:21.800,1.269,1100
2020-08-04 09:42:38.690,1.269,184700
2020-08-04 09:42:49.220,1.268,10500
2020-08-04 09:43:46.850,1.268,49900
2020-08-04 09:45:30.170,1.267,10000
2020-08-04 09:46:17.730,1.267,35000
2020-08-04 09:46:34.060,1.267,5000
2020-08-04 09:50:26.960,1.268,20100
2020-08-04 09:51:06.390,1.27,100
2020-08-04 09:51:35.700,1.271,9000
2020-08-04 09:51:56.420,1.27,91000
2020-08-04 09:53:16.510,1.271,3000
2020-08-04 09:54:40.060,1.271,100
2020-08-04 09:54:42.430,1.271,250000
2020-08-04 09:55:18.180,1.271,168900
2020-08-04 09:55:20.050,1.27,30000
2020-08-04 09:55:22.090,1.272,100
2020-08-04 09:55:22.090,1.272,6000
2020-08-04 09:56:30.190,1.272,216700
2020-08-04 09:56:30.190,1.272,6100
2020-08-04 09:58:12.800,1.27,6000
2020-08-04 09:58:31.500,1.27,200
2020-08-04 10:00:16.020,1.27,5000
2020-08-04 10:01:58.070,1.271,100
2020-08-04 10:06:56.190,1.268,300
2020-08-04 10:07:27.260,1.269,184700
2020-08-04 10:08:52.050,1.269,100
2020-08-04 10:11:37.190,1.268,1600
2020-08-04 10:12:52.070,1.27,100
2020-08-04 10:17:56.020,1.268,100
2020-08-04 10:17:56.020,1.268,49900
2020-08-04 10:17:59.350,1.269,50000
2020-08-04 10:20:35.330,1.267,100
2020-08-04 10:22:49.730,1.266,100
2020-08-04 10:23:55.350,1.266,10000
2020-08-04 10:26:40.460,1.267,6800
2020-08-04 10:40:17.670,1.268,800
2020-08-04 10:43:28.120,1.271,100
2020-08-04 10:43:28.120,1.271,5000
2020-08-04 10:48:43.730,1.27,100
2020-08-04 10:51:10.090,1.272,100
2020-08-04 10:51:10.090,1.272,100
2020-08-04 10:51:20.840,1.272,222600
2020-08-04 10:51:34.080,1.273,100
2020-08-04 10:51:34.080,1.273,100000
2020-08-04 10:51:34.080,1.273,122700
2020-08-04 10:52:18.790,1.273,222800
2020-08-04 10:54:06.930,1.274,300000
2020-08-04 10:54:45.040,1.273,1500
2020-08-04 10:55:44.090,1.274,214800
2020-08-04 10:55:48.100,1.275,222800
2020-08-04 10:56:22.100,1.276,100
2020-08-04 10:56:22.100,1.276,10000
2020-08-04 10:56:37.030,1.276,3000
2020-08-04 10:56:46.390,1.276,3000
2020-08-04 10:56:48.870,1.276,226900
2020-08-04 10:56:52.140,1.277,100
2020-08-04 10:56:52.140,1.277,300
2020-08-04 10:56:52.140,1.277,222400
2020-08-04 11:00:46.170,1.278,100
2020-08-04 11:01:13.160,1.278,58200
2020-08-04 11:01:16.180,1.278,164600
2020-08-04 11:01:36.260,1.278,222800
2020-08-04 11:02:45.990,1.275,100000
2020-08-04 11:03:40.550,1.274,50000
2020-08-04 11:17:10.200,1.267,800
2020-08-04 11:17:10.200,1.267,100000
2020-08-04 11:20:58.640,1.269,50000
2020-08-04 13:00:04.710,1.269,400
2020-08-04 13:02:14.640,1.268,10000
2020-08-04 13:05:14.620,1.267,2000
2020-08-04 13:06:22.230,1.266,2000
2020-08-04 13:08:28.330,1.267,100000
2020-08-04 13:10:31.420,1.265,100
2020-08-04 13:10:31.420,1.265,100
2020-08-04 13:11:16.350,1.264,100
2020-08-04 13:12:00.720,1.263,100
2020-08-04 13:12:00.720,1.263,100
2020-08-04 13:13:21.580,1.262,100
2020-08-04 13:13:21.580,1.262,49900
2020-08-04 13:16:15.760,1.266,1800
2020-08-04 13:17:23.350,1.268,100
2020-08-04 13:21:07.970,1.266,300
2020-08-04 13:25:52.340,1.267,80000
2020-08-04 13:36:02.840,1.268,700
2020-08-04 13:37:05.580,1.27,200
2020-08-04 13:50:00.450,1.271,217800
2020-08-04 13:51:10.430,1.272,150000
2020-08-04 13:52:37.140,1.273,4900
2020-08-04 13:55:45.400,1.273,2000
2020-08-04 13:56:16.280,1.273,1000
2020-08-04 13:57:31.130,1.273,2000
2020-08-04 13:57:51.380,1.272,100000
2020-08-04 14:00:21.750,1.273,700
2020-08-04 14:01:08.140,1.274,100
2020-08-04 14:01:58.480,1.275,100
2020-08-04 14:02:00.860,1.275,222700
2020-08-04 14:02:02.970,1.275,77300
2020-08-04 14:02:05.490,1.275,222700
2020-08-04 14:02:07.050,1.275,135900
2020-08-04 14:02:10.490,1.276,5000
2020-08-04 14:02:10.490,1.276,217800
2020-08-04 14:02:16.420,1.276,32200
2020-08-04 14:03:34.340,1.276,99800
2020-08-04 14:05:01.490,1.275,100000
2020-08-04 14:08:19.300,1.273,100
2020-08-04 14:08:19.300,1.273,5000
2020-08-04 14:10:17.970,1.272,100
2020-08-04 14:10:17.970,1.272,100
2020-08-04 14:13:19.190,1.272,95000
2020-08-04 14:13:42.520,1.271,10000
2020-08-04 14:21:03.880,1.27,20000
2020-08-04 14:24:45.720,1.269,800
2020-08-04 14:28:57.790,1.266,800
2020-08-04 14:31:48.510,1.27,800
2020-08-04 14:33:58.860,1.268,100
2020-08-04 14:42:05.400,1.27,15000
2020-08-04 14:45:25.180,1.268,400
2020-08-04 14:45:29.340,1.268,1700
2020-08-04 14:48:01.920,1.267,100
2020-08-04 14:50:14.970,1.266,100
2020-08-04 14:50:19.090,1.266,9900
2020-08-04 14:50:52.120,1.267,1000
2020-08-04 14:52:46.450,1.268,700
2020-08-04 14:57:10.130,1.269,5200
2020-08-04 14:57:54.290,1.27,24100
2020-08-04 14:58:19.700,1.27,100
