Datetime,Price,Volume
2020-10-13 09:25:00.600,3.428,1
2020-10-13 09:25:00.600,3.428,3200
2020-10-13 09:25:00.600,3.428,499
2020-10-13 09:25:00.600,3.428,2900
2020-10-13 09:25:00.600,3.428,3000
2020-10-13 09:25:00.600,3.428,33601
2020-10-13 09:25:00.600,3.428,2699
2020-10-13 09:25:00.600,3.428,200
2020-10-13 09:25:00.600,3.428,3201
2020-10-13 09:25:00.600,3.428,900
2020-10-13 09:25:00.600,3.428,7400
2020-10-13 09:25:00.600,3.428,10000
2020-10-13 09:25:00.600,3.428,8499
2020-10-13 09:25:00.600,3.428,1400
2020-10-13 09:25:00.600,3.428,700
2020-10-13 09:25:00.600,3.428,11800
2020-10-13 09:25:00.600,3.428,10000
2020-10-13 09:25:00.600,3.428,5000
2020-10-13 09:25:00.600,3.428,14200
2020-10-13 09:25:00.600,3.428,100
2020-10-13 09:25:00.600,3.428,10000
2020-10-13 09:25:00.600,3.428,1000
2020-10-13 09:25:00.600,3.428,10000
2020-10-13 09:25:00.600,3.428,27301
2020-10-13 09:25:00.600,3.428,8100
2020-10-13 09:25:00.600,3.428,7899
2020-10-13 09:25:00.600,3.428,3000
2020-10-13 09:25:00.600,3.428,20000
2020-10-13 09:25:00.600,3.428,2000
2020-10-13 09:25:00.600,3.428,100
2020-10-13 09:25:00.600,3.428,1000
2020-10-13 09:25:00.600,3.428,100
2020-10-13 09:25:00.600,3.428,700
2020-10-13 09:25:00.600,3.428,700
2020-10-13 09:25:00.600,3.428,300
2020-10-13 09:25:00.600,3.428,500
2020-10-13 09:25:00.600,3.428,200
2020-10-13 09:25:00.600,3.428,700
2020-10-13 09:25:00.600,3.428,1000
2020-10-13 09:25:00.600,3.428,3000
2020-10-13 09:25:00.600,3.428,100
2020-10-13 09:25:00.600,3.428,3000
2020-10-13 09:25:00.600,3.428,200
2020-10-13 09:25:00.600,3.428,15000
2020-10-13 09:25:00.600,3.428,2900
2020-10-13 09:25:00.600,3.428,100
2020-10-13 09:25:00.600,3.428,100
2020-10-13 09:25:00.600,3.428,700
2020-10-13 09:25:00.600,3.428,200
2020-10-13 09:25:00.600,3.428,100
2020-10-13 09:25:00.600,3.428,1000
2020-10-13 09:25:00.600,3.428,100
2020-10-13 09:25:00.600,3.428,200
2020-10-13 09:25:00.600,3.428,200
2020-10-13 09:25:00.600,3.428,100
2020-10-13 09:25:00.600,3.428,20000
2020-10-13 09:25:00.600,3.428,21901
2020-10-13 09:25:00.600,3.428,11099
2020-10-13 09:25:00.600,3.428,800
2020-10-13 09:25:00.600,3.428,600
2020-10-13 09:25:00.600,3.428,1000
2020-10-13 09:25:00.600,3.428,300
2020-10-13 09:25:00.600,3.428,300
2020-10-13 09:25:00.600,3.428,500
2020-10-13 09:25:00.600,3.428,600
2020-10-13 09:25:00.600,3.428,300
2020-10-13 09:25:00.600,3.428,500
2020-10-13 09:25:00.600,3.428,91101
2020-10-13 09:25:00.600,3.428,400
2020-10-13 09:25:00.600,3.428,30000
2020-10-13 09:25:00.600,3.428,700
2020-10-13 09:25:00.600,3.428,54799
2020-10-13 09:25:00.600,3.428,200
2020-10-13 09:25:00.600,3.428,1100
2020-10-13 09:25:00.600,3.428,300
2020-10-13 09:25:00.600,3.428,100
2020-10-13 09:25:00.600,3.428,300
2020-10-13 09:25:00.600,3.428,100
2020-10-13 09:25:00.600,3.428,100
2020-10-13 09:25:00.600,3.428,100
2020-10-13 09:25:00.600,3.428,2901
2020-10-13 09:25:00.600,3.428,2099
2020-10-13 09:25:00.600,3.428,200
2020-10-13 09:25:00.600,3.428,4300
2020-10-13 09:25:00.600,3.428,900
2020-10-13 09:25:00.600,3.428,5000
2020-10-13 09:25:00.600,3.428,5000
2020-10-13 09:25:00.600,3.428,6900
2020-10-13 09:25:00.600,3.428,300
2020-10-13 09:25:00.600,3.428,2400
2020-10-13 09:25:00.600,3.428,300
2020-10-13 09:25:00.600,3.428,600
2020-10-13 09:25:00.600,3.428,8700
2020-10-13 09:25:00.600,3.428,100
2020-10-13 09:25:00.600,3.428,100
2020-10-13 09:25:00.600,3.428,200
2020-10-13 09:25:00.600,3.428,82901
2020-10-13 09:25:00.600,3.428,500
2020-10-13 09:25:00.600,3.428,500
2020-10-13 09:25:00.600,3.428,18400
2020-10-13 09:25:00.600,3.428,15000
2020-10-13 09:25:00.600,3.428,89099
2020-10-13 09:25:00.600,3.428,1100
2020-10-13 09:25:00.600,3.428,500
2020-10-13 09:25:00.600,3.428,9301
2020-10-13 09:25:00.600,3.428,65699
2020-10-13 09:25:00.600,3.428,10000
2020-10-13 09:25:00.600,3.428,100
2020-10-13 09:25:00.600,3.428,100
2020-10-13 09:25:00.600,3.428,200
2020-10-13 09:25:00.600,3.428,200
2020-10-13 09:25:00.600,3.428,2900
2020-10-13 09:25:00.600,3.428,9000
2020-10-13 09:25:00.600,3.428,300
2020-10-13 09:25:00.600,3.428,200
2020-10-13 09:25:00.600,3.428,200
2020-10-13 09:25:00.600,3.428,1000
2020-10-13 09:25:00.600,3.428,100
2020-10-13 09:25:00.600,3.428,900
2020-10-13 09:25:00.600,3.428,600
2020-10-13 09:25:00.600,3.428,200
2020-10-13 09:25:00.600,3.428,1000
2020-10-13 09:25:00.600,3.428,200
2020-10-13 09:25:00.600,3.428,100
2020-10-13 09:25:00.600,3.428,200
2020-10-13 09:25:00.600,3.428,3000
2020-10-13 09:25:00.600,3.428,100
2020-10-13 09:25:00.600,3.428,200
2020-10-13 09:25:00.600,3.428,200
2020-10-13 09:25:00.600,3.428,300
2020-10-13 09:25:00.600,3.428,200
2020-10-13 09:25:00.600,3.428,300
2020-10-13 09:25:00.600,3.428,200
2020-10-13 09:25:00.600,3.428,1000
2020-10-13 09:25:00.600,3.428,1000
2020-10-13 09:25:00.600,3.428,6000
2020-10-13 09:25:00.600,3.428,200
2020-10-13 09:25:00.600,3.428,3000
2020-10-13 09:25:00.600,3.428,1000
2020-10-13 09:25:00.600,3.428,200
2020-10-13 09:25:00.600,3.428,1000
2020-10-13 09:25:00.600,3.428,100
2020-10-13 09:25:00.600,3.428,100
2020-10-13 09:25:00.600,3.428,16800
2020-10-13 09:25:00.600,3.428,6000
2020-10-13 09:25:00.600,3.428,200
2020-10-13 09:25:00.600,3.428,1000
2020-10-13 09:25:00.600,3.428,20000
2020-10-13 09:25:00.600,3.428,200
2020-10-13 09:25:00.600,3.428,58200
2020-10-13 09:25:00.600,3.428,600
2020-10-13 09:25:00.600,3.428,260000
2020-10-13 09:25:00.600,3.428,20000
2020-10-13 09:25:00.600,3.428,2000
2020-10-13 09:25:00.600,3.428,200
2020-10-13 09:25:00.600,3.428,1000
2020-10-13 09:25:00.600,3.428,10000
2020-10-13 09:25:00.600,3.428,1000
2020-10-13 09:25:00.600,3.428,20000
2020-10-13 09:25:00.600,3.428,15000
2020-10-13 09:25:00.600,3.428,1000
2020-10-13 09:25:00.600,3.428,254300
2020-10-13 09:25:00.600,3.428,22001
2020-10-13 09:25:00.600,3.428,200
2020-10-13 09:25:00.600,3.428,151899
2020-10-13 09:25:00.600,3.428,200
2020-10-13 09:25:00.600,3.428,1000
2020-10-13 09:25:00.600,3.428,200
2020-10-13 09:25:00.600,3.428,3000
2020-10-13 09:25:00.600,3.428,1000
2020-10-13 09:25:00.600,3.428,36200
2020-10-13 09:30:00.060,3.428,106501
2020-10-13 09:30:00.060,3.429,1800
2020-10-13 09:30:00.060,3.429,1100
2020-10-13 09:30:00.060,3.429,45400
2020-10-13 09:30:00.060,3.429,5000
2020-10-13 09:30:00.060,3.43,2000
2020-10-13 09:30:00.060,3.43,80000
2020-10-13 09:30:00.060,3.43,58199
2020-10-13 09:30:00.150,3.43,500
2020-10-13 09:30:00.190,3.428,11300
2020-10-13 09:30:00.340,3.428,10000
2020-10-13 09:30:00.340,3.429,5000
2020-10-13 09:30:00.340,3.43,141301
2020-10-13 09:30:00.340,3.43,20000
2020-10-13 09:30:00.340,3.43,5200
2020-10-13 09:30:00.340,3.43,1000
2020-10-13 09:30:00.340,3.43,1000
2020-10-13 09:30:00.340,3.43,900
2020-10-13 09:30:00.340,3.43,100
2020-10-13 09:30:00.380,3.43,34200
2020-10-13 09:30:00.470,3.43,10000
2020-10-13 09:30:00.470,3.43,1800
2020-10-13 09:30:00.470,3.43,1000
2020-10-13 09:30:00.470,3.43,10000
2020-10-13 09:30:00.520,3.43,2000
2020-10-13 09:30:00.520,3.43,10000
2020-10-13 09:30:00.520,3.43,300
2020-10-13 09:30:00.520,3.43,10000
2020-10-13 09:30:00.520,3.43,3000
2020-10-13 09:30:00.570,3.43,1500
2020-10-13 09:30:00.570,3.43,1300
2020-10-13 09:30:00.570,3.43,1600
2020-10-13 09:30:00.570,3.43,1500
2020-10-13 09:30:00.710,3.43,1000
2020-10-13 09:30:00.710,3.43,500
2020-10-13 09:30:00.710,3.43,200
2020-10-13 09:30:00.750,3.43,7400
2020-10-13 09:30:00.790,3.43,28199
2020-10-13 09:30:00.790,3.43,1801
2020-10-13 09:30:00.790,3.43,100
2020-10-13 09:30:00.830,3.43,8099
2020-10-13 09:30:00.830,3.428,1901
2020-10-13 09:30:01.040,3.428,2000
2020-10-13 09:30:01.070,3.428,5900
2020-10-13 09:30:01.070,3.428,1000
2020-10-13 09:30:01.070,3.428,2300
2020-10-13 09:30:01.070,3.428,60000
2020-10-13 09:30:01.270,3.428,1399
2020-10-13 09:30:01.270,3.428,17801
2020-10-13 09:30:01.270,3.429,100
2020-10-13 09:30:01.270,3.43,1000
2020-10-13 09:30:01.270,3.43,1500
2020-10-13 09:30:01.450,3.43,500
2020-10-13 09:30:01.450,3.43,1400
2020-10-13 09:30:01.450,3.43,1000
2020-10-13 09:30:01.450,3.43,1000
2020-10-13 09:30:01.450,3.43,600
2020-10-13 09:30:01.480,3.43,500
2020-10-13 09:30:01.530,3.43,2000
2020-10-13 09:30:01.530,3.43,400
2020-10-13 09:30:01.530,3.428,5600
2020-10-13 09:30:01.610,3.428,1500
2020-10-13 09:30:01.660,3.428,400
2020-10-13 09:30:01.660,3.428,30000
2020-10-13 09:30:01.660,3.428,900
2020-10-13 09:30:01.660,3.428,3000
2020-10-13 09:30:01.710,3.428,1000
2020-10-13 09:30:01.710,3.428,3300
2020-10-13 09:30:01.760,3.428,800
2020-10-13 09:30:01.800,3.428,10000
2020-10-13 09:30:01.940,3.428,4800
2020-10-13 09:30:01.940,3.431,300
2020-10-13 09:30:01.940,3.431,5500
2020-10-13 09:30:01.940,3.428,12800
2020-10-13 09:30:02.040,3.428,900
2020-10-13 09:30:02.110,3.428,100
2020-10-13 09:30:02.110,3.428,2000
2020-10-13 09:30:02.230,3.428,3000
2020-10-13 09:30:02.230,3.428,73900
2020-10-13 09:30:02.340,3.428,300
2020-10-13 09:30:02.370,3.428,700
2020-10-13 09:30:02.370,3.428,2000
2020-10-13 09:30:02.370,3.428,4900
2020-10-13 09:30:02.420,3.428,500
2020-10-13 09:30:02.520,3.429,500
2020-10-13 09:30:02.570,3.429,1000
2020-10-13 09:30:02.570,3.428,8600
2020-10-13 09:30:02.570,3.428,600
2020-10-13 09:30:02.570,3.428,5000
2020-10-13 09:30:02.570,3.428,18400
2020-10-13 09:30:02.690,3.43,900
2020-10-13 09:30:02.690,3.431,700
2020-10-13 09:30:02.690,3.431,800
2020-10-13 09:30:02.690,3.431,500
2020-10-13 09:30:02.690,3.431,7100
2020-10-13 09:30:02.690,3.428,13900
2020-10-13 09:30:02.740,3.428,3100
2020-10-13 09:30:02.770,3.428,12300
2020-10-13 09:30:02.810,3.428,4000
2020-10-13 09:30:02.880,3.428,4000
2020-10-13 09:30:02.880,3.428,6000
2020-10-13 09:30:02.880,3.428,1000
2020-10-13 09:30:02.910,3.43,100
2020-10-13 09:30:02.910,3.43,20500
2020-10-13 09:30:03.040,3.431,3100
2020-10-13 09:30:03.040,3.432,300
2020-10-13 09:30:03.040,3.432,3800
2020-10-13 09:30:03.040,3.43,59400
2020-10-13 09:30:03.040,3.428,700
2020-10-13 09:30:03.110,3.428,30000
2020-10-13 09:30:03.160,3.428,300
2020-10-13 09:30:03.160,3.428,1000
2020-10-13 09:30:03.160,3.428,30000
2020-10-13 09:30:03.200,3.428,10000
2020-10-13 09:30:03.200,3.432,9200
2020-10-13 09:30:03.200,3.433,300
2020-10-13 09:30:03.200,3.434,200
2020-10-13 09:30:03.200,3.434,10000
2020-10-13 09:30:03.200,3.435,200
2020-10-13 09:30:03.200,3.435,3100
2020-10-13 09:30:03.200,3.435,3000
2020-10-13 09:30:03.200,3.435,2000
2020-10-13 09:30:03.200,3.435,200
2020-10-13 09:30:03.200,3.435,4900
2020-10-13 09:30:03.200,3.435,8200
2020-10-13 09:30:03.200,3.435,1100
2020-10-13 09:30:03.200,3.435,7600
2020-10-13 09:30:03.200,3.428,43800
2020-10-13 09:30:03.250,3.428,300
2020-10-13 09:30:03.250,3.428,3000
2020-10-13 09:30:03.250,3.428,1000
2020-10-13 09:30:03.250,3.428,800
2020-10-13 09:30:03.290,3.428,3000
2020-10-13 09:30:03.340,3.428,26500
2020-10-13 09:30:03.340,3.428,3000
2020-10-13 09:30:03.370,3.428,600
2020-10-13 09:30:03.410,3.428,1500
2020-10-13 09:30:03.450,3.428,100000
2020-10-13 09:30:03.480,3.429,900
2020-10-13 09:30:03.480,3.429,6000
2020-10-13 09:30:03.480,3.429,9100
2020-10-13 09:30:03.530,3.429,21500
2020-10-13 09:30:03.570,3.429,600
2020-10-13 09:30:03.570,3.429,1000
2020-10-13 09:30:03.730,3.429,400
2020-10-13 09:30:03.730,3.429,1500
2020-10-13 09:30:03.730,3.429,900
2020-10-13 09:30:03.760,3.429,2000
2020-10-13 09:30:03.800,3.429,40000
2020-10-13 09:30:03.870,3.429,300
2020-10-13 09:30:03.980,3.43,74400
2020-10-13 09:30:04.050,3.429,13300
2020-10-13 09:30:04.050,3.429,3000
2020-10-13 09:30:04.090,3.429,8300
2020-10-13 09:30:04.160,3.429,1600
2020-10-13 09:30:04.240,3.429,10500
2020-10-13 09:30:04.240,3.429,200
2020-10-13 09:30:04.240,3.429,300
2020-10-13 09:30:04.350,3.429,23700
2020-10-13 09:30:04.350,3.429,600
2020-10-13 09:30:04.350,3.429,50000
2020-10-13 09:30:04.350,3.428,22500
2020-10-13 09:30:04.420,3.428,400
2020-10-13 09:30:04.460,3.428,100
2020-10-13 09:30:04.490,3.428,4000
2020-10-13 09:30:04.550,3.428,27300
2020-10-13 09:30:04.550,3.428,31400
2020-10-13 09:30:04.620,3.428,12000
2020-10-13 09:30:04.910,3.43,1000
2020-10-13 09:30:04.910,3.428,2500
2020-10-13 09:30:05.080,3.428,5200
2020-10-13 09:30:05.080,3.428,8000
2020-10-13 09:30:05.120,3.428,3000
2020-10-13 09:30:05.160,3.428,1000
2020-10-13 09:30:05.200,3.428,3800
2020-10-13 09:30:05.340,3.428,6500
2020-10-13 09:30:05.380,3.428,5000
2020-10-13 09:30:05.380,3.428,3300
2020-10-13 09:30:05.460,3.428,10000
2020-10-13 09:30:05.460,3.428,1000
2020-10-13 09:30:05.500,3.428,47500
2020-10-13 09:30:05.500,3.428,900
2020-10-13 09:30:05.540,3.428,2500
2020-10-13 09:30:05.610,3.428,11600
2020-10-13 09:30:05.680,3.428,18000
2020-10-13 09:30:05.680,3.428,3000
2020-10-13 09:30:05.720,3.428,30000
2020-10-13 09:30:05.720,3.428,100
2020-10-13 09:30:05.760,3.428,21900
2020-10-13 09:30:05.760,3.428,3000
2020-10-13 09:30:05.910,3.428,400
2020-10-13 09:30:05.990,3.428,15000
2020-10-13 09:30:05.990,3.428,1500
2020-10-13 09:30:06.070,3.428,20000
2020-10-13 09:30:06.070,3.428,6100
2020-10-13 09:30:06.100,3.428,3000
2020-10-13 09:30:06.100,3.428,300
2020-10-13 09:30:06.220,3.429,600
2020-10-13 09:30:06.220,3.43,10000
2020-10-13 09:30:06.220,3.43,800
2020-10-13 09:30:06.300,3.43,300
2020-10-13 09:30:06.490,3.43,4000
2020-10-13 09:30:06.630,3.43,2500
2020-10-13 09:30:06.670,3.43,3000
2020-10-13 09:30:06.670,3.43,30000
2020-10-13 09:30:06.830,3.43,13000
2020-10-13 09:30:07.000,3.43,28800
2020-10-13 09:30:07.040,3.428,1000
2020-10-13 09:30:07.170,3.428,20600
2020-10-13 09:30:07.390,3.428,6000
2020-10-13 09:30:07.420,3.428,2000
2020-10-13 09:30:07.530,3.428,25999
2020-10-13 09:30:07.530,3.428,2000
2020-10-13 09:30:07.530,3.428,400
2020-10-13 09:30:07.530,3.428,60000
2020-10-13 09:30:07.530,3.428,60000
2020-10-13 09:30:07.530,3.428,1000
2020-10-13 09:30:07.530,3.428,15000
2020-10-13 09:30:07.530,3.428,300
2020-10-13 09:30:07.530,3.428,1000
2020-10-13 09:30:07.530,3.428,4000
2020-10-13 09:30:07.530,3.428,200
2020-10-13 09:30:07.530,3.428,3000
2020-10-13 09:30:07.530,3.428,500
2020-10-13 09:30:07.530,3.428,30000
2020-10-13 09:30:07.530,3.428,1000
2020-10-13 09:30:07.530,3.428,100
2020-10-13 09:30:07.530,3.428,5800
2020-10-13 09:30:07.530,3.428,2300
2020-10-13 09:30:07.530,3.428,15000
2020-10-13 09:30:07.530,3.428,10900
2020-10-13 09:30:07.530,3.428,13000
2020-10-13 09:30:07.530,3.428,3500
2020-10-13 09:30:07.530,3.428,500
2020-10-13 09:30:07.530,3.428,1000
2020-10-13 09:30:07.530,3.428,500
2020-10-13 09:30:07.530,3.428,1500
2020-10-13 09:30:07.530,3.428,3000
2020-10-13 09:30:07.530,3.428,3000
2020-10-13 09:30:07.530,3.428,500
2020-10-13 09:30:07.530,3.428,100
2020-10-13 09:30:07.530,3.428,500
2020-10-13 09:30:07.530,3.428,500
2020-10-13 09:30:07.530,3.428,1800
2020-10-13 09:30:07.530,3.428,100
2020-10-13 09:30:07.530,3.428,500
2020-10-13 09:30:07.530,3.428,300
2020-10-13 09:30:07.530,3.428,800
2020-10-13 09:30:07.530,3.428,1000
2020-10-13 09:30:07.530,3.428,5000
2020-10-13 09:30:07.530,3.427,10000
2020-10-13 09:30:07.530,3.427,200
2020-10-13 09:30:07.530,3.427,100
2020-10-13 09:30:07.530,3.427,1000
2020-10-13 09:30:07.530,3.427,5000
2020-10-13 09:30:07.530,3.427,8101
2020-10-13 09:30:07.640,3.427,34200
2020-10-13 09:30:07.640,3.427,7000
2020-10-13 09:30:07.850,3.428,1000
2020-10-13 09:30:07.850,3.431,500
2020-10-13 09:30:07.850,3.427,4400
2020-10-13 09:30:08.840,3.43,200
2020-10-13 09:30:08.840,3.428,1500
2020-10-13 09:30:08.840,3.428,5000
2020-10-13 09:30:08.900,3.428,5000
2020-10-13 09:30:09.210,3.428,800
2020-10-13 09:30:10.640,3.427,200
2020-10-13 09:30:11.330,3.427,7000
2020-10-13 09:30:11.440,3.428,300
2020-10-13 09:30:12.700,3.427,1000
2020-10-13 09:30:13.310,3.427,1400
2020-10-13 09:30:14.670,3.427,4000
2020-10-13 09:30:15.140,3.428,121500
2020-10-13 09:30:15.140,3.428,26800
2020-10-13 09:30:15.140,3.428,83700
2020-10-13 09:30:15.140,3.429,600
2020-10-13 09:30:15.140,3.429,8600
2020-10-13 09:30:15.140,3.43,1500
2020-10-13 09:30:15.140,3.43,200
2020-10-13 09:30:15.750,3.43,5000
2020-10-13 09:30:15.890,3.43,3000
2020-10-13 09:30:17.730,3.428,8000
2020-10-13 09:30:18.040,3.428,15000
2020-10-13 09:30:18.810,3.428,1000
2020-10-13 09:30:18.950,3.428,41100
2020-10-13 09:30:19.010,3.428,1100
2020-10-13 09:30:19.070,3.428,3000
2020-10-13 09:30:19.070,3.428,7000
2020-10-13 09:30:19.750,3.429,10000
2020-10-13 09:30:19.880,3.429,5000
2020-10-13 09:30:19.880,3.429,300
2020-10-13 09:30:19.980,3.429,6000
2020-10-13 09:30:20.570,3.429,12000
2020-10-13 09:30:20.800,3.429,30000
2020-10-13 09:30:20.870,3.429,7000
2020-10-13 09:30:21.200,3.429,1100
2020-10-13 09:30:21.290,3.429,54300
2020-10-13 09:30:21.530,3.429,700
2020-10-13 09:30:21.910,3.43,3000
2020-10-13 09:30:22.660,3.43,20000
2020-10-13 09:30:23.080,3.428,13100
2020-10-13 09:30:23.300,3.428,11600
2020-10-13 09:30:23.780,3.43,600
2020-10-13 09:30:24.160,3.428,2900
2020-10-13 09:30:24.220,3.428,1400
2020-10-13 09:30:25.370,3.428,500
2020-10-13 09:30:26.210,3.428,7300
2020-10-13 09:30:26.270,3.428,300
2020-10-13 09:30:26.410,3.428,1000
2020-10-13 09:30:27.170,3.428,200
2020-10-13 09:30:27.320,3.428,8000
2020-10-13 09:30:28.490,3.429,2000
2020-10-13 09:30:28.530,3.429,700
2020-10-13 09:30:28.650,3.429,200
2020-10-13 09:30:28.720,3.428,1000
2020-10-13 09:30:28.800,3.428,300000
2020-10-13 09:30:29.220,3.429,5000
2020-10-13 09:30:29.400,3.428,2400
2020-10-13 09:30:29.650,3.428,20000
2020-10-13 09:30:29.680,3.428,3200
2020-10-13 09:30:29.770,3.428,53900
2020-10-13 09:30:29.770,3.428,100
2020-10-13 09:30:29.770,3.428,50000
2020-10-13 09:30:29.770,3.428,500
2020-10-13 09:30:29.770,3.428,1000
2020-10-13 09:30:29.770,3.428,2900
2020-10-13 09:30:29.770,3.428,100000
2020-10-13 09:30:30.580,3.428,10000
2020-10-13 09:30:31.260,3.427,20000
2020-10-13 09:30:31.260,3.427,100
2020-10-13 09:30:31.260,3.427,100
2020-10-13 09:30:31.260,3.427,6300
2020-10-13 09:30:34.690,3.428,5000
2020-10-13 09:30:34.990,3.428,5800
2020-10-13 09:30:35.480,3.428,100
2020-10-13 09:30:35.520,3.428,1100
2020-10-13 09:30:36.380,3.427,3700
2020-10-13 09:30:36.380,3.427,3200
2020-10-13 09:30:36.380,3.427,5000
2020-10-13 09:30:36.380,3.427,1300
2020-10-13 09:30:36.380,3.427,6400
2020-10-13 09:30:37.240,3.428,400
2020-10-13 09:30:37.490,3.428,72100
2020-10-13 09:30:37.490,3.428,1400
2020-10-13 09:30:37.490,3.428,15400
2020-10-13 09:30:37.490,3.428,3000
2020-10-13 09:30:37.490,3.428,800
2020-10-13 09:30:37.490,3.428,5000
2020-10-13 09:30:37.490,3.428,1000
2020-10-13 09:30:38.430,3.428,6300
2020-10-13 09:30:38.700,3.428,200
2020-10-13 09:30:38.700,3.428,800
2020-10-13 09:30:38.700,3.429,2200
2020-10-13 09:30:38.980,3.427,10000
2020-10-13 09:30:40.370,3.428,900
2020-10-13 09:30:40.370,3.427,3100
2020-10-13 09:30:40.400,3.427,1000
2020-10-13 09:30:40.430,3.427,3200
2020-10-13 09:30:41.210,3.427,165000
2020-10-13 09:30:42.420,3.427,10000
2020-10-13 09:30:42.860,3.427,22500
2020-10-13 09:30:43.160,3.427,5000
2020-10-13 09:30:43.400,3.427,14500
2020-10-13 09:30:43.470,3.428,1300
2020-10-13 09:30:43.470,3.429,38700
2020-10-13 09:30:43.470,3.429,40000
2020-10-13 09:30:44.140,3.429,40000
2020-10-13 09:30:45.060,3.429,40000
2020-10-13 09:30:45.060,3.429,40000
2020-10-13 09:30:45.120,3.429,5000
2020-10-13 09:30:45.300,3.429,40000
2020-10-13 09:30:45.550,3.428,100
2020-10-13 09:30:45.550,3.427,400
2020-10-13 09:30:46.060,3.429,40000
2020-10-13 09:30:46.990,3.428,3000
2020-10-13 09:30:47.120,3.428,5100
2020-10-13 09:30:47.120,3.428,500
2020-10-13 09:30:47.710,3.428,1600
2020-10-13 09:30:47.880,3.428,26700
2020-10-13 09:30:47.880,3.428,23300
2020-10-13 09:30:48.480,3.428,29900
2020-10-13 09:30:49.190,3.429,20000
2020-10-13 09:30:50.130,3.428,1400
2020-10-13 09:30:50.340,3.428,272400
2020-10-13 09:30:50.340,3.428,600000
2020-10-13 09:30:50.340,3.428,27900
2020-10-13 09:30:50.820,3.429,3800
2020-10-13 09:30:50.820,3.429,2500
2020-10-13 09:30:50.820,3.429,500000
2020-10-13 09:30:50.820,3.429,2400
2020-10-13 09:30:50.820,3.429,100
2020-10-13 09:30:51.680,3.429,42600
2020-10-13 09:30:52.410,3.429,16100
2020-10-13 09:30:53.120,3.429,5000
2020-10-13 09:30:53.530,3.429,3000
2020-10-13 09:30:53.530,3.429,6300
2020-10-13 09:30:53.770,3.429,418200
2020-10-13 09:30:53.770,3.429,481800
2020-10-13 09:30:54.110,3.429,3400
2020-10-13 09:30:55.070,3.429,4500
2020-10-13 09:30:55.450,3.429,200
2020-10-13 09:30:56.440,3.429,2800
2020-10-13 09:30:56.730,3.429,7300
2020-10-13 09:30:56.730,3.429,2000
2020-10-13 09:30:56.730,3.429,12276
2020-10-13 09:30:56.960,3.429,300
2020-10-13 09:30:57.210,3.429,1000
2020-10-13 09:30:57.770,3.429,3000
2020-10-13 09:30:58.490,3.429,1500
2020-10-13 09:30:58.800,3.429,300
2020-10-13 09:30:59.030,3.429,100
2020-10-13 09:30:59.360,3.429,700
2020-10-13 09:30:59.760,3.429,12800
2020-10-13 09:31:00.190,3.429,2500
2020-10-13 09:31:00.380,3.429,1400
2020-10-13 09:31:00.450,3.43,200000
2020-10-13 09:31:01.160,3.429,900
2020-10-13 09:31:01.160,3.429,37600
2020-10-13 09:31:01.190,3.429,1000
2020-10-13 09:31:01.320,3.429,19800
2020-10-13 09:31:01.320,3.428,6800
2020-10-13 09:31:01.820,3.428,1400
2020-10-13 09:31:02.850,3.429,100
2020-10-13 09:31:02.850,3.429,900
2020-10-13 09:31:03.450,3.428,113900
2020-10-13 09:31:03.450,3.428,16100
2020-10-13 09:31:03.450,3.429,600000
2020-10-13 09:31:03.550,3.429,73900
2020-10-13 09:31:03.550,3.428,1400
2020-10-13 09:31:04.060,3.429,5000
2020-10-13 09:31:04.500,3.428,12600
2020-10-13 09:31:04.750,3.429,5000
2020-10-13 09:31:05.120,3.428,1100
2020-10-13 09:31:05.120,3.429,58400
2020-10-13 09:31:05.760,3.429,5000
2020-10-13 09:31:06.010,3.429,151988
2020-10-13 09:31:06.010,3.429,18800
2020-10-13 09:31:06.010,3.429,3700
2020-10-13 09:31:06.010,3.429,500
2020-10-13 09:31:06.010,3.429,2400
2020-10-13 09:31:06.010,3.429,38900
2020-10-13 09:31:06.010,3.429,583712
2020-10-13 09:31:06.780,3.428,800
2020-10-13 09:31:06.960,3.428,20000
2020-10-13 09:31:07.080,3.429,300000
2020-10-13 09:31:07.460,3.429,5100
2020-10-13 09:31:08.130,3.428,300000
2020-10-13 09:31:08.250,3.429,500
2020-10-13 09:31:08.320,3.428,800
2020-10-13 09:31:09.230,3.428,200
2020-10-13 09:31:09.320,3.429,1000
2020-10-13 09:31:09.760,3.429,4000
2020-10-13 09:31:09.910,3.428,600
2020-10-13 09:31:09.970,3.429,6506
2020-10-13 09:31:09.970,3.429,1700
2020-10-13 09:31:09.970,3.429,3500
2020-10-13 09:31:09.970,3.429,2000
2020-10-13 09:31:09.970,3.429,4000
2020-10-13 09:31:09.970,3.429,4000
2020-10-13 09:31:09.970,3.429,2400
2020-10-13 09:31:09.970,3.429,35894
2020-10-13 09:31:10.300,3.429,12700
2020-10-13 09:31:10.550,3.429,296000
2020-10-13 09:31:10.730,3.428,200
2020-10-13 09:31:11.010,3.428,20000
2020-10-13 09:31:11.580,3.428,600
2020-10-13 09:31:11.830,3.429,1000
2020-10-13 09:31:12.160,3.428,800
2020-10-13 09:31:12.220,3.429,554406
2020-10-13 09:31:12.220,3.429,22500
2020-10-13 09:31:12.220,3.429,400
2020-10-13 09:31:12.220,3.429,1200
2020-10-13 09:31:12.540,3.429,2000
2020-10-13 09:31:13.160,3.429,500
2020-10-13 09:31:13.670,3.429,218994
2020-10-13 09:31:13.670,3.428,81006
2020-10-13 09:31:14.010,3.428,3200
2020-10-13 09:31:14.560,3.428,200
2020-10-13 09:31:14.710,3.428,500
2020-10-13 09:31:14.930,3.428,6100
2020-10-13 09:31:15.190,3.429,10000
2020-10-13 09:31:15.190,3.429,6000
2020-10-13 09:31:15.640,3.429,4000
2020-10-13 09:31:16.310,3.428,400
2020-10-13 09:31:16.370,3.429,100
2020-10-13 09:31:17.000,3.428,4100
2020-10-13 09:31:17.030,3.429,3000
2020-10-13 09:31:17.750,3.429,2600
2020-10-13 09:31:17.750,3.429,7400
2020-10-13 09:31:18.000,3.428,400
2020-10-13 09:31:18.930,3.429,500
2020-10-13 09:31:19.460,3.429,1500
2020-10-13 09:31:19.610,3.428,300
2020-10-13 09:31:20.580,3.429,2500
2020-10-13 09:31:20.580,3.429,200
2020-10-13 09:31:20.580,3.429,100
2020-10-13 09:31:20.580,3.429,1300
2020-10-13 09:31:20.610,3.429,3000
2020-10-13 09:31:20.640,3.429,15000
2020-10-13 09:31:21.190,3.429,900
2020-10-13 09:31:21.230,3.429,300
2020-10-13 09:31:21.380,3.429,5000
2020-10-13 09:31:22.560,3.43,5000
2020-10-13 09:31:23.020,3.429,22200
2020-10-13 09:31:23.020,3.429,17800
2020-10-13 09:31:23.560,3.429,3000
2020-10-13 09:31:23.730,3.429,15800
2020-10-13 09:31:24.370,3.429,600000
2020-10-13 09:31:26.290,3.429,600
2020-10-13 09:31:26.610,3.43,2100
2020-10-13 09:31:26.760,3.429,4000
2020-10-13 09:31:27.420,3.429,158800
2020-10-13 09:31:27.420,3.429,30700
2020-10-13 09:31:27.420,3.429,100
2020-10-13 09:31:27.420,3.429,1000
2020-10-13 09:31:27.420,3.429,400
2020-10-13 09:31:27.420,3.429,2000
2020-10-13 09:31:27.750,3.429,14200
2020-10-13 09:31:28.460,3.428,1400
2020-10-13 09:31:28.520,3.428,2000
2020-10-13 09:31:29.390,3.428,17000
2020-10-13 09:31:31.100,3.428,600
2020-10-13 09:31:31.160,3.428,600
2020-10-13 09:31:31.440,3.428,11994
2020-10-13 09:31:31.440,3.428,100
2020-10-13 09:31:31.440,3.428,3000
2020-10-13 09:31:31.440,3.428,5000
2020-10-13 09:31:31.440,3.428,6406
2020-10-13 09:31:31.930,3.428,3594
2020-10-13 09:31:31.930,3.428,2000
2020-10-13 09:31:31.930,3.428,14406
2020-10-13 09:31:32.260,3.429,474300
2020-10-13 09:31:33.690,3.428,300000
2020-10-13 09:31:34.010,3.429,100
2020-10-13 09:31:34.070,3.429,5000
2020-10-13 09:31:34.610,3.428,300
2020-10-13 09:31:35.280,3.428,2900
2020-10-13 09:31:35.860,3.428,182394
2020-10-13 09:31:35.860,3.428,2000
2020-10-13 09:31:35.860,3.428,5800
2020-10-13 09:31:36.330,3.428,1100
2020-10-13 09:31:37.670,3.428,3000
2020-10-13 09:31:39.410,3.428,500
2020-10-13 09:31:40.080,3.428,5000
2020-10-13 09:31:41.180,3.428,100
2020-10-13 09:31:43.850,3.427,100
2020-10-13 09:31:45.230,3.427,3600
2020-10-13 09:31:46.660,3.427,2000
2020-10-13 09:31:47.060,3.427,800
2020-10-13 09:31:47.640,3.427,48800
2020-10-13 09:31:47.640,3.427,200
2020-10-13 09:31:47.640,3.427,300
2020-10-13 09:31:47.640,3.427,3000
2020-10-13 09:31:47.640,3.427,10000
2020-10-13 09:31:47.640,3.427,1000
2020-10-13 09:31:47.640,3.427,10000
2020-10-13 09:31:48.010,3.426,2100
2020-10-13 09:31:48.520,3.426,300
2020-10-13 09:31:49.130,3.427,1000
2020-10-13 09:31:49.190,3.427,800
2020-10-13 09:31:50.000,3.427,224900
2020-10-13 09:31:50.000,3.427,10000
2020-10-13 09:31:50.000,3.427,800
2020-10-13 09:31:50.000,3.428,106
2020-10-13 09:31:50.000,3.428,3600
2020-10-13 09:31:50.000,3.428,2000
2020-10-13 09:31:50.000,3.428,10000
2020-10-13 09:31:50.000,3.428,20000
2020-10-13 09:31:50.000,3.428,5000
2020-10-13 09:31:50.000,3.428,10100
2020-10-13 09:31:50.000,3.428,2100
2020-10-13 09:31:50.000,3.428,11394
2020-10-13 09:31:50.920,3.427,1000
2020-10-13 09:31:51.170,3.427,299000
2020-10-13 09:31:51.170,3.426,7600
2020-10-13 09:31:51.170,3.426,200
2020-10-13 09:31:51.170,3.426,1000
2020-10-13 09:31:51.170,3.426,5000
2020-10-13 09:31:51.170,3.426,15000
2020-10-13 09:31:51.170,3.426,100
2020-10-13 09:31:51.170,3.426,7500
2020-10-13 09:31:51.170,3.426,5000
2020-10-13 09:31:51.170,3.426,11000
2020-10-13 09:31:51.170,3.426,100
2020-10-13 09:31:51.170,3.426,300
2020-10-13 09:31:51.170,3.426,20000
2020-10-13 09:31:51.170,3.426,2200
2020-10-13 09:31:51.170,3.426,10000
2020-10-13 09:31:51.170,3.426,30000
2020-10-13 09:31:51.170,3.426,40000
2020-10-13 09:31:51.170,3.426,58400
2020-10-13 09:31:51.170,3.426,1500
2020-10-13 09:31:51.860,3.426,30000
2020-10-13 09:31:51.890,3.426,10000
2020-10-13 09:31:52.160,3.426,14000
2020-10-13 09:31:52.450,3.426,7000
2020-10-13 09:31:52.850,3.426,10000
2020-10-13 09:31:52.850,3.426,30000
2020-10-13 09:31:53.330,3.426,30000
2020-10-13 09:31:53.640,3.425,300
2020-10-13 09:31:53.760,3.426,255100
2020-10-13 09:31:53.760,3.426,5000
2020-10-13 09:31:53.760,3.426,21700
2020-10-13 09:31:54.000,3.427,1700
2020-10-13 09:31:54.090,3.426,18200
2020-10-13 09:31:54.090,3.425,9700
2020-10-13 09:31:54.090,3.425,200
2020-10-13 09:31:54.090,3.425,7000
2020-10-13 09:31:54.090,3.425,10000
2020-10-13 09:31:54.090,3.425,20000
2020-10-13 09:31:54.090,3.425,10000
2020-10-13 09:31:54.090,3.425,20000
2020-10-13 09:31:54.090,3.425,1000
2020-10-13 09:31:54.090,3.425,10000
2020-10-13 09:31:54.090,3.425,5000
2020-10-13 09:31:54.090,3.425,10000
2020-10-13 09:31:54.090,3.425,1100
2020-10-13 09:31:54.090,3.425,2000
2020-10-13 09:31:54.090,3.425,20000
2020-10-13 09:31:54.090,3.425,10000
2020-10-13 09:31:54.090,3.425,1000
2020-10-13 09:31:54.090,3.425,600
2020-10-13 09:31:54.090,3.425,5000
2020-10-13 09:31:54.090,3.425,10000
2020-10-13 09:31:54.090,3.425,20000
2020-10-13 09:31:54.090,3.425,22600
2020-10-13 09:31:54.310,3.427,1300
2020-10-13 09:31:54.310,3.427,1400
2020-10-13 09:31:54.310,3.427,3000
2020-10-13 09:31:54.310,3.427,30000
2020-10-13 09:31:54.490,3.427,6700
2020-10-13 09:31:54.590,3.427,50000
2020-10-13 09:31:54.830,3.427,1000
2020-10-13 09:31:55.110,3.427,300
2020-10-13 09:31:55.170,3.427,12000
2020-10-13 09:31:55.330,3.427,2000
2020-10-13 09:31:55.480,3.427,1000
2020-10-13 09:31:56.290,3.427,1700
2020-10-13 09:31:57.620,3.427,4000
2020-10-13 09:31:58.010,3.427,2900
2020-10-13 09:31:58.140,3.427,300
2020-10-13 09:31:58.350,3.427,900
2020-10-13 09:31:58.410,3.427,1000
2020-10-13 09:31:58.790,3.427,4000
2020-10-13 09:31:59.060,3.427,9700
2020-10-13 09:31:59.130,3.427,6700
2020-10-13 09:31:59.240,3.427,10000
2020-10-13 09:31:59.680,3.427,1300
2020-10-13 09:31:59.680,3.427,3900
2020-10-13 09:32:00.680,3.427,3000
2020-10-13 09:32:00.680,3.427,13000
2020-10-13 09:32:00.800,3.427,100
2020-10-13 09:32:01.310,3.427,26500
2020-10-13 09:32:01.490,3.427,1000
2020-10-13 09:32:01.520,3.427,2000
2020-10-13 09:32:01.750,3.427,100
2020-10-13 09:32:02.230,3.427,100
2020-10-13 09:32:02.300,3.427,3000
2020-10-13 09:32:02.330,3.427,96100
2020-10-13 09:32:02.330,3.427,500
2020-10-13 09:32:02.330,3.427,7200
2020-10-13 09:32:02.330,3.426,9200
2020-10-13 09:32:02.630,3.426,15000
2020-10-13 09:32:04.100,3.427,500
2020-10-13 09:32:04.820,3.426,4000
2020-10-13 09:32:05.260,3.426,10000
2020-10-13 09:32:07.340,3.426,1400
2020-10-13 09:32:07.960,3.426,900
2020-10-13 09:32:08.270,3.426,1100
2020-10-13 09:32:08.540,3.426,1300
2020-10-13 09:32:08.700,3.426,15300
2020-10-13 09:32:08.700,3.426,10000
2020-10-13 09:32:08.700,3.426,7900
2020-10-13 09:32:09.650,3.427,4500
2020-10-13 09:32:09.650,3.427,70000
2020-10-13 09:32:09.650,3.427,5000
2020-10-13 09:32:09.650,3.427,10000
2020-10-13 09:32:09.650,3.427,4500
2020-10-13 09:32:09.650,3.427,411000
2020-10-13 09:32:09.890,3.426,6800
2020-10-13 09:32:09.980,3.427,10000
2020-10-13 09:32:10.670,3.426,393200
2020-10-13 09:32:10.700,3.426,700
2020-10-13 09:32:12.090,3.426,1000
2020-10-13 09:32:12.470,3.426,100
2020-10-13 09:32:12.520,3.426,600
2020-10-13 09:32:12.710,3.426,1300
2020-10-13 09:32:12.710,3.426,700
2020-10-13 09:32:14.410,3.426,1000
2020-10-13 09:32:14.500,3.426,300
2020-10-13 09:32:16.470,3.426,2400
2020-10-13 09:32:18.000,3.426,5000
2020-10-13 09:32:18.100,3.426,600
2020-10-13 09:32:18.100,3.426,400
2020-10-13 09:32:18.550,3.426,1600
2020-10-13 09:32:18.550,3.426,2000
2020-10-13 09:32:18.550,3.426,13000
2020-10-13 09:32:18.550,3.426,7500
2020-10-13 09:32:18.580,3.425,50000
2020-10-13 09:32:18.580,3.425,2900
2020-10-13 09:32:18.580,3.425,10000
2020-10-13 09:32:18.710,3.425,5000
2020-10-13 09:32:19.440,3.425,20000
2020-10-13 09:32:20.820,3.425,12100
2020-10-13 09:32:20.820,3.425,37900
2020-10-13 09:32:21.000,3.425,20000
2020-10-13 09:32:21.640,3.425,5000
2020-10-13 09:32:22.610,3.425,100
2020-10-13 09:32:22.650,3.425,200
2020-10-13 09:32:23.990,3.425,13000
2020-10-13 09:32:24.420,3.424,200
2020-10-13 09:32:24.420,3.424,1000
2020-10-13 09:32:24.420,3.424,100
2020-10-13 09:32:25.590,3.424,3000
2020-10-13 09:32:25.910,3.425,300
2020-10-13 09:32:26.030,3.425,50000
2020-10-13 09:32:26.070,3.424,700
2020-10-13 09:32:26.280,3.424,5800
2020-10-13 09:32:26.470,3.425,2000
2020-10-13 09:32:26.530,3.425,1500
2020-10-13 09:32:26.590,3.425,5000
2020-10-13 09:32:27.050,3.424,700
2020-10-13 09:32:27.050,3.425,200
2020-10-13 09:32:27.660,3.424,300
2020-10-13 09:32:27.860,3.424,3300
2020-10-13 09:32:27.980,3.425,3000
2020-10-13 09:32:28.130,3.424,1100
2020-10-13 09:32:28.130,3.424,3200
2020-10-13 09:32:28.310,3.424,1800
2020-10-13 09:32:28.310,3.424,20900
2020-10-13 09:32:28.990,3.424,1000
2020-10-13 09:32:28.990,3.425,100
2020-10-13 09:32:29.290,3.424,8900
2020-10-13 09:32:29.590,3.424,6100
2020-10-13 09:32:29.620,3.425,10000
2020-10-13 09:32:30.460,3.424,100
2020-10-13 09:32:31.280,3.424,23000
2020-10-13 09:32:31.280,3.424,3500
2020-10-13 09:32:31.580,3.424,3200
2020-10-13 09:32:31.930,3.425,100
2020-10-13 09:32:31.990,3.424,3000
2020-10-13 09:32:32.480,3.424,300
2020-10-13 09:32:32.480,3.424,200
2020-10-13 09:32:32.480,3.424,10000
2020-10-13 09:32:32.480,3.424,9500
2020-10-13 09:32:32.630,3.424,500
2020-10-13 09:32:32.630,3.424,1500
2020-10-13 09:32:33.390,3.424,1000
2020-10-13 09:32:33.450,3.425,5000
2020-10-13 09:32:33.750,3.424,2500
2020-10-13 09:32:33.750,3.424,1000
2020-10-13 09:32:33.750,3.424,500
2020-10-13 09:32:34.370,3.425,5000
2020-10-13 09:32:34.430,3.424,600
2020-10-13 09:32:34.430,3.424,1200
2020-10-13 09:32:34.740,3.424,7700
2020-10-13 09:32:34.740,3.424,1300
2020-10-13 09:32:34.900,3.425,1000
2020-10-13 09:32:36.500,3.424,10000
2020-10-13 09:32:36.730,3.424,100
2020-10-13 09:32:36.730,3.424,10000
2020-10-13 09:32:37.110,3.424,9100
2020-10-13 09:32:37.200,3.424,800
2020-10-13 09:32:37.380,3.424,600
2020-10-13 09:32:38.150,3.424,1500
2020-10-13 09:32:38.300,3.424,1000
2020-10-13 09:32:38.910,3.424,10000
2020-10-13 09:32:39.060,3.424,2000
2020-10-13 09:32:39.250,3.425,1000
2020-10-13 09:32:39.770,3.424,3600
2020-10-13 09:32:39.770,3.424,3000
2020-10-13 09:32:39.770,3.424,1000
2020-10-13 09:32:39.770,3.424,1300
2020-10-13 09:32:39.770,3.424,3100
2020-10-13 09:32:40.600,3.424,45000
2020-10-13 09:32:40.720,3.425,20000
2020-10-13 09:32:41.670,3.424,1900
2020-10-13 09:32:41.670,3.424,200
2020-10-13 09:32:41.670,3.424,500
2020-10-13 09:32:41.670,3.424,2400
2020-10-13 09:32:42.160,3.425,500
2020-10-13 09:32:42.250,3.425,200
2020-10-13 09:32:42.280,3.425,5000
2020-10-13 09:32:42.560,3.424,100
2020-10-13 09:32:42.600,3.424,1400
2020-10-13 09:32:42.600,3.424,35000
2020-10-13 09:32:42.880,3.424,50000
2020-10-13 09:32:43.000,3.424,3000
2020-10-13 09:32:43.060,3.424,100
2020-10-13 09:32:43.580,3.424,7100
2020-10-13 09:32:43.770,3.424,3000
2020-10-13 09:32:43.880,3.424,4500
2020-10-13 09:32:44.030,3.424,100
2020-10-13 09:32:44.220,3.425,10000
2020-10-13 09:32:44.380,3.424,3700
2020-10-13 09:32:45.040,3.424,6800
2020-10-13 09:32:45.040,3.424,6000
2020-10-13 09:32:45.040,3.424,5900
2020-10-13 09:32:45.040,3.424,10000
2020-10-13 09:32:45.040,3.424,100
2020-10-13 09:32:45.040,3.424,25700
2020-10-13 09:32:45.760,3.424,4300
2020-10-13 09:32:45.760,3.424,700
2020-10-13 09:32:45.880,3.424,2000
2020-10-13 09:32:45.970,3.424,300
2020-10-13 09:32:45.970,3.424,500
2020-10-13 09:32:46.150,3.425,500
2020-10-13 09:32:46.610,3.424,6000
2020-10-13 09:32:47.080,3.425,1000
2020-10-13 09:32:47.330,3.424,1000
2020-10-13 09:32:47.490,3.424,4000
2020-10-13 09:32:47.940,3.425,3000
2020-10-13 09:32:48.040,3.424,800
2020-10-13 09:32:48.590,3.424,15600
2020-10-13 09:32:48.960,3.424,1000
2020-10-13 09:32:49.310,3.424,123100
2020-10-13 09:32:49.400,3.424,3500
2020-10-13 09:32:50.220,3.424,100
2020-10-13 09:32:50.280,3.424,2100
2020-10-13 09:32:50.650,3.424,5900
2020-10-13 09:32:51.000,3.424,500
2020-10-13 09:32:51.660,3.424,5000
2020-10-13 09:32:51.750,3.424,16900
2020-10-13 09:32:52.190,3.425,21000
2020-10-13 09:32:52.440,3.424,1000
2020-10-13 09:32:52.540,3.424,22500
2020-10-13 09:32:53.270,3.424,3400
2020-10-13 09:32:53.930,3.425,1000
2020-10-13 09:32:54.180,3.425,8612
2020-10-13 09:32:54.180,3.425,500
2020-10-13 09:32:54.180,3.425,2000
2020-10-13 09:32:54.180,3.425,6000
2020-10-13 09:32:54.180,3.425,500
2020-10-13 09:32:54.180,3.425,20400
2020-10-13 09:32:54.180,3.425,30000
2020-10-13 09:32:54.180,3.425,3000
2020-10-13 09:32:54.180,3.425,500
2020-10-13 09:32:54.180,3.425,100
2020-10-13 09:32:54.180,3.425,2000
2020-10-13 09:32:54.180,3.425,11800
2020-10-13 09:32:54.180,3.425,10000
2020-10-13 09:32:54.180,3.425,800
2020-10-13 09:32:54.180,3.425,6600
2020-10-13 09:32:54.180,3.425,15188
2020-10-13 09:32:55.320,3.424,1000
2020-10-13 09:32:55.470,3.424,5000
2020-10-13 09:32:55.870,3.425,4000
2020-10-13 09:32:56.030,3.424,300
2020-10-13 09:32:58.200,3.425,500
2020-10-13 09:32:59.390,3.425,2600
2020-10-13 09:32:59.560,3.424,2000
2020-10-13 09:32:59.560,3.424,500
2020-10-13 09:32:59.680,3.424,9400
2020-10-13 09:33:00.180,3.424,3500
2020-10-13 09:33:00.340,3.425,6000
2020-10-13 09:33:00.610,3.424,100
2020-10-13 09:33:01.220,3.424,26500
2020-10-13 09:33:01.960,3.425,600
2020-10-13 09:33:02.250,3.425,100
2020-10-13 09:33:02.280,3.425,1000
2020-10-13 09:33:02.430,3.424,10000
2020-10-13 09:33:02.430,3.424,10000
2020-10-13 09:33:02.430,3.424,9500
2020-10-13 09:33:02.430,3.424,39400
2020-10-13 09:33:02.490,3.425,5000
2020-10-13 09:33:02.650,3.424,200
2020-10-13 09:33:02.800,3.424,100
2020-10-13 09:33:03.620,3.425,1000
2020-10-13 09:33:03.650,3.425,44012
2020-10-13 09:33:03.650,3.425,35988
2020-10-13 09:33:03.650,3.424,500
2020-10-13 09:33:04.370,3.424,700
2020-10-13 09:33:04.710,3.425,3000
2020-10-13 09:33:05.350,3.424,4000
2020-10-13 09:33:05.470,3.424,132300
2020-10-13 09:33:05.470,3.424,5000
2020-10-13 09:33:06.920,3.424,2000
2020-10-13 09:33:07.370,3.424,3000
2020-10-13 09:33:07.580,3.424,20000
2020-10-13 09:33:07.610,3.424,200
2020-10-13 09:33:07.850,3.424,2000
2020-10-13 09:33:08.730,3.424,2000
2020-10-13 09:33:08.730,3.424,3000
2020-10-13 09:33:09.040,3.424,10000
2020-10-13 09:33:09.040,3.423,3200
2020-10-13 09:33:09.040,3.424,10000
2020-10-13 09:33:09.330,3.424,900
2020-10-13 09:33:10.560,3.423,6800
2020-10-13 09:33:10.560,3.423,200
2020-10-13 09:33:10.560,3.423,1000
2020-10-13 09:33:10.840,3.423,2000
2020-10-13 09:33:10.840,3.423,1000
2020-10-13 09:33:10.840,3.423,30000
2020-10-13 09:33:10.840,3.423,3000
2020-10-13 09:33:10.840,3.423,10000
2020-10-13 09:33:10.840,3.423,10000
2020-10-13 09:33:10.840,3.423,3900
2020-10-13 09:33:10.840,3.423,1000
2020-10-13 09:33:10.840,3.423,100
2020-10-13 09:33:10.840,3.423,50000
2020-10-13 09:33:10.840,3.423,1000
2020-10-13 09:33:10.840,3.423,1000
2020-10-13 09:33:10.840,3.423,22700
2020-10-13 09:33:10.840,3.423,15000
2020-10-13 09:33:10.840,3.423,50000
2020-10-13 09:33:10.840,3.423,200
2020-10-13 09:33:10.840,3.423,200
2020-10-13 09:33:10.840,3.423,300
2020-10-13 09:33:10.840,3.423,1000
2020-10-13 09:33:10.840,3.423,2000
2020-10-13 09:33:10.840,3.423,50000
2020-10-13 09:33:10.840,3.423,100
2020-10-13 09:33:10.840,3.423,5000
2020-10-13 09:33:10.840,3.423,800
2020-10-13 09:33:10.840,3.423,100
2020-10-13 09:33:11.780,3.423,500
2020-10-13 09:33:11.890,3.423,4500
2020-10-13 09:33:12.150,3.423,100
2020-10-13 09:33:12.310,3.423,300
2020-10-13 09:33:12.430,3.423,34200
2020-10-13 09:33:12.430,3.423,6500
2020-10-13 09:33:14.210,3.423,500
2020-10-13 09:33:14.210,3.423,6900
2020-10-13 09:33:14.210,3.423,15000
2020-10-13 09:33:14.210,3.423,5000
2020-10-13 09:33:15.720,3.423,600
2020-10-13 09:33:15.900,3.423,2000
2020-10-13 09:33:16.320,3.423,2200
2020-10-13 09:33:16.350,3.423,100
2020-10-13 09:33:17.270,3.423,151100
2020-10-13 09:33:17.390,3.422,200
2020-10-13 09:33:17.390,3.422,10000
2020-10-13 09:33:17.390,3.422,1000
2020-10-13 09:33:17.390,3.422,398400
2020-10-13 09:33:17.460,3.423,6000
2020-10-13 09:33:18.340,3.422,101600
2020-10-13 09:33:18.340,3.422,77400
2020-10-13 09:33:18.880,3.423,5000
2020-10-13 09:33:18.910,3.423,1500
2020-10-13 09:33:19.100,3.422,300000
2020-10-13 09:33:19.840,3.423,600
2020-10-13 09:33:20.300,3.422,122600
2020-10-13 09:33:20.300,3.422,5000
2020-10-13 09:33:20.300,3.422,1500
2020-10-13 09:33:20.300,3.422,5000
2020-10-13 09:33:20.300,3.422,7500
2020-10-13 09:33:20.300,3.422,6100
2020-10-13 09:33:20.300,3.422,1500
2020-10-13 09:33:20.300,3.422,200
2020-10-13 09:33:20.300,3.422,50000
2020-10-13 09:33:20.820,3.422,21800
2020-10-13 09:33:21.200,3.422,200
2020-10-13 09:33:23.030,3.422,900
2020-10-13 09:33:24.140,3.422,77700
2020-10-13 09:33:24.140,3.422,500
2020-10-13 09:33:24.140,3.422,30000
2020-10-13 09:33:24.140,3.422,400
2020-10-13 09:33:24.560,3.422,14500
2020-10-13 09:33:24.560,3.422,5000
2020-10-13 09:33:24.560,3.422,100
2020-10-13 09:33:24.560,3.423,15800
2020-10-13 09:33:25.510,3.422,500
2020-10-13 09:33:25.970,3.422,3000
2020-10-13 09:33:27.900,3.421,200
2020-10-13 09:33:27.900,3.421,100
2020-10-13 09:33:27.900,3.421,3000
2020-10-13 09:33:27.900,3.421,500
2020-10-13 09:33:27.900,3.421,1000
2020-10-13 09:33:27.900,3.421,1000
2020-10-13 09:33:27.900,3.421,500
2020-10-13 09:33:27.900,3.421,2000
2020-10-13 09:33:27.900,3.421,10000
2020-10-13 09:33:27.900,3.421,306
2020-10-13 09:33:28.540,3.422,300
2020-10-13 09:33:29.230,3.422,10000
2020-10-13 09:33:29.920,3.422,20000
2020-10-13 09:33:29.990,3.421,600
2020-10-13 09:33:30.810,3.421,100
2020-10-13 09:33:30.870,3.422,1500
2020-10-13 09:33:31.360,3.421,3994
2020-10-13 09:33:31.360,3.421,10000
2020-10-13 09:33:31.360,3.421,1700
2020-10-13 09:33:31.360,3.421,4000
2020-10-13 09:33:31.360,3.421,6906
2020-10-13 09:33:31.980,3.421,30000
2020-10-13 09:33:32.100,3.422,7200
2020-10-13 09:33:32.130,3.422,3000
2020-10-13 09:33:32.290,3.421,500
2020-10-13 09:33:32.940,3.421,9800
2020-10-13 09:33:33.130,3.422,1500
2020-10-13 09:33:33.190,3.422,3700
2020-10-13 09:33:33.260,3.421,100
2020-10-13 09:33:33.340,3.422,3000
2020-10-13 09:33:33.480,3.421,2694
2020-10-13 09:33:33.480,3.421,10000
2020-10-13 09:33:33.480,3.421,2306
2020-10-13 09:33:34.240,3.421,900
2020-10-13 09:33:34.860,3.422,1000
2020-10-13 09:33:35.330,3.421,800
2020-10-13 09:33:35.420,3.421,5994
2020-10-13 09:33:35.420,3.421,10000
2020-10-13 09:33:35.420,3.421,1000
2020-10-13 09:33:35.420,3.421,3006
2020-10-13 09:33:35.710,3.421,1400
2020-10-13 09:33:35.740,3.422,10000
2020-10-13 09:33:35.890,3.421,5594
2020-10-13 09:33:35.890,3.421,1906
2020-10-13 09:33:37.180,3.421,2600
2020-10-13 09:33:37.270,3.421,5494
2020-10-13 09:33:37.270,3.421,2000
2020-10-13 09:33:37.270,3.421,200
2020-10-13 09:33:37.270,3.421,7406
2020-10-13 09:33:37.270,3.422,1000
2020-10-13 09:33:37.620,3.422,114800
2020-10-13 09:33:37.620,3.422,1000
2020-10-13 09:33:37.620,3.422,2500
2020-10-13 09:33:37.620,3.422,100
2020-10-13 09:33:37.620,3.422,4000
2020-10-13 09:33:37.620,3.422,50000
2020-10-13 09:33:37.620,3.422,2500
2020-10-13 09:33:37.620,3.422,100
2020-10-13 09:33:37.620,3.422,24500
2020-10-13 09:33:37.720,3.422,9000
2020-10-13 09:33:37.720,3.422,20000
2020-10-13 09:33:37.720,3.422,10000
2020-10-13 09:33:37.720,3.422,2000
2020-10-13 09:33:37.720,3.422,300
2020-10-13 09:33:37.720,3.422,2000
2020-10-13 09:33:38.190,3.422,20000
2020-10-13 09:33:38.280,3.422,5900
2020-10-13 09:33:38.540,3.421,1600
2020-10-13 09:33:38.580,3.421,11200
2020-10-13 09:33:38.750,3.421,20000
2020-10-13 09:33:38.880,3.421,500
2020-10-13 09:33:39.340,3.422,200
2020-10-13 09:33:39.340,3.422,800
2020-10-13 09:33:39.670,3.421,9294
2020-10-13 09:33:39.670,3.421,10000
2020-10-13 09:33:39.670,3.421,706
2020-10-13 09:33:39.920,3.421,3000
2020-10-13 09:33:40.710,3.421,3000
2020-10-13 09:33:40.890,3.421,5300
2020-10-13 09:33:41.040,3.422,200
2020-10-13 09:33:41.040,3.423,88100
2020-10-13 09:33:41.040,3.423,3000
2020-10-13 09:33:41.040,3.423,11400
2020-10-13 09:33:41.040,3.423,400
2020-10-13 09:33:41.040,3.423,2300
2020-10-13 09:33:41.040,3.423,200
2020-10-13 09:33:41.040,3.423,800
2020-10-13 09:33:41.040,3.423,5000
2020-10-13 09:33:41.040,3.423,1200
2020-10-13 09:33:41.040,3.423,600
2020-10-13 09:33:41.040,3.423,8000
2020-10-13 09:33:41.040,3.423,200
2020-10-13 09:33:41.040,3.423,3000
2020-10-13 09:33:41.040,3.423,10000
2020-10-13 09:33:41.040,3.423,165600
2020-10-13 09:33:41.500,3.421,7994
2020-10-13 09:33:41.500,3.421,500
2020-10-13 09:33:41.500,3.421,100
2020-10-13 09:33:41.500,3.421,1000
2020-10-13 09:33:41.500,3.421,3100
2020-10-13 09:33:41.500,3.421,3506
2020-10-13 09:33:41.630,3.421,2500
2020-10-13 09:33:41.710,3.421,10000
2020-10-13 09:33:41.830,3.421,200
2020-10-13 09:33:42.650,3.422,800
2020-10-13 09:33:43.020,3.422,5000
2020-10-13 09:33:43.510,3.422,2000
2020-10-13 09:33:43.580,3.422,2200
2020-10-13 09:33:43.580,3.422,2900
2020-10-13 09:33:43.580,3.422,1500
2020-10-13 09:33:43.910,3.422,43400
2020-10-13 09:33:45.090,3.422,6600
2020-10-13 09:33:45.090,3.422,100
2020-10-13 09:33:45.090,3.422,2000
2020-10-13 09:33:45.090,3.422,6300
2020-10-13 09:33:45.150,3.422,1100
2020-10-13 09:33:45.770,3.422,500
2020-10-13 09:33:45.770,3.421,1000
2020-10-13 09:33:45.770,3.421,100
2020-10-13 09:33:45.770,3.421,8300
2020-10-13 09:33:46.390,3.421,500
2020-10-13 09:33:46.510,3.421,5000
2020-10-13 09:33:46.570,3.421,3000
2020-10-13 09:33:47.520,3.422,1000
2020-10-13 09:33:47.520,3.421,6200
2020-10-13 09:33:47.730,3.421,42800
2020-10-13 09:33:48.130,3.421,3000
2020-10-13 09:33:48.760,3.421,6000
2020-10-13 09:33:48.820,3.421,1000
2020-10-13 09:33:49.890,3.422,5568
2020-10-13 09:33:51.240,3.423,20000
2020-10-13 09:33:51.330,3.423,600000
2020-10-13 09:33:51.390,3.422,10500
2020-10-13 09:33:51.600,3.423,100
2020-10-13 09:33:51.690,3.422,1000
2020-10-13 09:33:51.870,3.422,22400
2020-10-13 09:33:51.990,3.422,400
2020-10-13 09:33:52.370,3.422,1000
2020-10-13 09:33:52.700,3.423,43300
2020-10-13 09:33:52.700,3.423,3200
2020-10-13 09:33:53.540,3.423,100
2020-10-13 09:33:54.090,3.423,200
2020-10-13 09:33:54.890,3.423,100
2020-10-13 09:33:55.230,3.423,50000
2020-10-13 09:33:55.330,3.423,3800
2020-10-13 09:33:55.380,3.424,2100
2020-10-13 09:33:55.500,3.423,10000
2020-10-13 09:33:56.310,3.423,1000
2020-10-13 09:33:56.840,3.423,3000
2020-10-13 09:33:57.330,3.424,2000
2020-10-13 09:33:58.390,3.423,2000
2020-10-13 09:33:58.470,3.423,700
2020-10-13 09:33:58.880,3.424,900
2020-10-13 09:33:58.880,3.424,400
2020-10-13 09:33:58.880,3.424,3000
2020-10-13 09:33:58.880,3.424,4300
2020-10-13 09:33:59.150,3.423,2000
2020-10-13 09:33:59.210,3.423,3200
2020-10-13 09:33:59.830,3.423,2000
2020-10-13 09:34:00.160,3.423,3000
2020-10-13 09:34:01.500,3.423,26500
2020-10-13 09:34:01.640,3.424,1900
2020-10-13 09:34:01.640,3.424,800
2020-10-13 09:34:01.640,3.424,1200
2020-10-13 09:34:01.640,3.424,100
2020-10-13 09:34:01.640,3.424,1000
2020-10-13 09:34:01.760,3.424,2000
2020-10-13 09:34:01.760,3.424,8700
2020-10-13 09:34:01.760,3.424,1000
2020-10-13 09:34:01.760,3.424,18300
2020-10-13 09:34:02.200,3.423,10000
2020-10-13 09:34:02.830,3.424,8600
2020-10-13 09:34:04.570,3.423,1000
2020-10-13 09:34:06.310,3.424,5000
2020-10-13 09:34:07.420,3.423,300
2020-10-13 09:34:08.200,3.423,31000
2020-10-13 09:34:08.380,3.423,3000
2020-10-13 09:34:08.680,3.424,5000
2020-10-13 09:34:08.680,3.424,300
2020-10-13 09:34:08.680,3.424,2800
2020-10-13 09:34:08.680,3.424,11900
2020-10-13 09:34:08.680,3.423,200
2020-10-13 09:34:09.080,3.424,600
2020-10-13 09:34:09.110,3.423,700
2020-10-13 09:34:09.520,3.424,1000
2020-10-13 09:34:09.550,3.423,100
2020-10-13 09:34:09.700,3.424,8600
2020-10-13 09:34:09.700,3.424,100
2020-10-13 09:34:09.850,3.424,1000
2020-10-13 09:34:09.880,3.424,1000
2020-10-13 09:34:12.110,3.423,600
2020-10-13 09:34:12.170,3.424,25800
2020-10-13 09:34:12.170,3.424,47400
2020-10-13 09:34:12.170,3.424,3000
2020-10-13 09:34:12.350,3.424,9400
2020-10-13 09:34:12.510,3.424,10000
2020-10-13 09:34:13.020,3.424,5000
2020-10-13 09:34:13.200,3.424,3300
2020-10-13 09:34:13.410,3.424,50000
2020-10-13 09:34:13.940,3.424,800
2020-10-13 09:34:14.200,3.424,16800
2020-10-13 09:34:15.380,3.424,1000
2020-10-13 09:34:15.380,3.424,20000
2020-10-13 09:34:15.380,3.424,100
2020-10-13 09:34:15.710,3.424,1500
2020-10-13 09:34:16.630,3.424,2000
2020-10-13 09:34:16.990,3.424,10000
2020-10-13 09:34:17.370,3.424,500
2020-10-13 09:34:18.260,3.425,17012
2020-10-13 09:34:18.260,3.425,1000
2020-10-13 09:34:18.260,3.425,110488
2020-10-13 09:34:19.150,3.425,900
2020-10-13 09:34:19.260,3.424,2400
2020-10-13 09:34:19.650,3.424,3100
2020-10-13 09:34:20.170,3.425,500
2020-10-13 09:34:20.740,3.425,2000
2020-10-13 09:34:20.770,3.424,2400
2020-10-13 09:34:22.490,3.425,1000
2020-10-13 09:34:22.610,3.424,5000
2020-10-13 09:34:23.180,3.424,4000
2020-10-13 09:34:23.400,3.425,1000
2020-10-13 09:34:23.500,3.424,1500
2020-10-13 09:34:23.860,3.424,21600
2020-10-13 09:34:23.910,3.424,16300
2020-10-13 09:34:23.940,3.424,5000
2020-10-13 09:34:24.370,3.425,500
2020-10-13 09:34:24.870,3.425,1000
2020-10-13 09:34:27.200,3.425,200
2020-10-13 09:34:27.410,3.424,3600
2020-10-13 09:34:27.410,3.424,1500
2020-10-13 09:34:27.410,3.424,21100
2020-10-13 09:34:27.410,3.424,500
2020-10-13 09:34:27.410,3.424,500
2020-10-13 09:34:27.410,3.424,2800
2020-10-13 09:34:28.480,3.425,5000
2020-10-13 09:34:29.240,3.424,1000
2020-10-13 09:34:29.370,3.424,300
2020-10-13 09:34:30.460,3.425,1000
2020-10-13 09:34:31.300,3.424,1300
2020-10-13 09:34:31.300,3.424,26500
2020-10-13 09:34:32.280,3.425,40000
2020-10-13 09:34:32.450,3.425,50000
2020-10-13 09:34:32.790,3.425,51000
2020-10-13 09:34:34.200,3.424,800
2020-10-13 09:34:34.520,3.425,6400
2020-10-13 09:34:34.900,3.424,5000
2020-10-13 09:34:34.900,3.425,300
2020-10-13 09:34:34.990,3.424,3000
2020-10-13 09:34:35.380,3.424,1800
2020-10-13 09:34:35.590,3.425,5000
2020-10-13 09:34:36.920,3.425,1000
2020-10-13 09:34:37.070,3.425,22712
2020-10-13 09:34:37.070,3.425,500
2020-10-13 09:34:37.070,3.425,200
2020-10-13 09:34:37.070,3.425,10000
2020-10-13 09:34:37.070,3.425,1500
2020-10-13 09:34:37.070,3.425,6200
2020-10-13 09:34:37.070,3.425,200
2020-10-13 09:34:37.070,3.425,2700
2020-10-13 09:34:37.070,3.425,6000
2020-10-13 09:34:37.070,3.425,1000
2020-10-13 09:34:37.070,3.425,800
2020-10-13 09:34:37.070,3.425,1000
2020-10-13 09:34:37.070,3.425,10000
2020-10-13 09:34:37.070,3.426,2500
2020-10-13 09:34:37.070,3.426,788
2020-10-13 09:34:40.860,3.425,18600
2020-10-13 09:34:40.860,3.425,500
2020-10-13 09:34:41.190,3.425,900
2020-10-13 09:34:41.190,3.425,100
2020-10-13 09:34:41.630,3.425,400
2020-10-13 09:34:41.630,3.425,13700
2020-10-13 09:34:41.720,3.425,5000
2020-10-13 09:34:41.830,3.425,3200
2020-10-13 09:34:42.050,3.425,60400
2020-10-13 09:34:42.310,3.425,2000
2020-10-13 09:34:42.930,3.424,7500
2020-10-13 09:34:42.930,3.424,1500
2020-10-13 09:34:42.930,3.424,1100
2020-10-13 09:34:44.560,3.425,3000
2020-10-13 09:34:44.590,3.424,3400
2020-10-13 09:34:44.740,3.425,10000
2020-10-13 09:34:45.180,3.425,1500
2020-10-13 09:34:45.760,3.424,500
2020-10-13 09:34:45.760,3.424,500
2020-10-13 09:34:45.850,3.425,50000
2020-10-13 09:34:48.880,3.425,1000
2020-10-13 09:34:48.880,3.425,300
2020-10-13 09:34:48.880,3.425,1000
2020-10-13 09:34:49.700,3.425,1600
2020-10-13 09:34:49.700,3.425,3500
2020-10-13 09:34:50.580,3.425,4000
2020-10-13 09:34:50.610,3.425,200
2020-10-13 09:34:50.880,3.426,2212
2020-10-13 09:34:50.880,3.426,200
2020-10-13 09:34:50.880,3.426,10000
2020-10-13 09:34:50.880,3.426,3700
2020-10-13 09:34:50.880,3.426,200
2020-10-13 09:34:50.880,3.426,10000
2020-10-13 09:34:50.880,3.426,23688
2020-10-13 09:34:51.620,3.425,1000
2020-10-13 09:34:54.250,3.426,3000
2020-10-13 09:34:54.580,3.425,2400
2020-10-13 09:34:54.580,3.425,5600
2020-10-13 09:34:54.670,3.425,14400
2020-10-13 09:34:54.670,3.425,1000
2020-10-13 09:34:54.670,3.425,2400
2020-10-13 09:34:54.670,3.425,8500
2020-10-13 09:34:54.850,3.425,3000
2020-10-13 09:34:55.070,3.425,50000
2020-10-13 09:34:55.340,3.425,500
2020-10-13 09:34:55.660,3.424,500
2020-10-13 09:34:55.660,3.424,100
2020-10-13 09:34:55.660,3.424,4600
2020-10-13 09:34:58.880,3.425,200
2020-10-13 09:34:59.180,3.425,100
2020-10-13 09:34:59.210,3.424,5400
2020-10-13 09:34:59.210,3.424,1800
2020-10-13 09:34:59.210,3.424,5000
2020-10-13 09:34:59.210,3.424,100
2020-10-13 09:34:59.210,3.424,8000
2020-10-13 09:34:59.210,3.424,3000
2020-10-13 09:34:59.210,3.424,3000
2020-10-13 09:34:59.210,3.424,5000
2020-10-13 09:34:59.210,3.424,8700
2020-10-13 09:34:59.270,3.425,100
2020-10-13 09:34:59.350,3.425,2000
2020-10-13 09:34:59.620,3.425,10000
2020-10-13 09:35:00.270,3.424,2000
2020-10-13 09:35:00.550,3.425,207800
2020-10-13 09:35:00.550,3.425,40000
2020-10-13 09:35:00.550,3.425,2900
2020-10-13 09:35:00.550,3.425,49300
2020-10-13 09:35:01.370,3.425,1000
2020-10-13 09:35:01.420,3.424,9300
2020-10-13 09:35:01.420,3.424,100
2020-10-13 09:35:01.420,3.424,17100
2020-10-13 09:35:01.920,3.425,10900
2020-10-13 09:35:04.010,3.425,1000
2020-10-13 09:35:04.870,3.424,100
2020-10-13 09:35:04.900,3.425,4000
2020-10-13 09:35:05.020,3.424,300
2020-10-13 09:35:05.210,3.425,2000
2020-10-13 09:35:05.560,3.425,6200
2020-10-13 09:35:06.090,3.425,3000
2020-10-13 09:35:06.120,3.425,3000
2020-10-13 09:35:06.630,3.425,5000
2020-10-13 09:35:07.760,3.424,10000
2020-10-13 09:35:07.890,3.424,3500
2020-10-13 09:35:08.130,3.424,264000
2020-10-13 09:35:08.130,3.424,4300
2020-10-13 09:35:08.130,3.424,2800
2020-10-13 09:35:08.130,3.424,28900
2020-10-13 09:35:08.550,3.424,1400
2020-10-13 09:35:09.510,3.425,900
2020-10-13 09:35:09.910,3.424,269700
2020-10-13 09:35:09.910,3.424,100
2020-10-13 09:35:09.910,3.424,1000
2020-10-13 09:35:09.910,3.424,11100
2020-10-13 09:35:09.910,3.424,10000
2020-10-13 09:35:09.910,3.424,1500
2020-10-13 09:35:09.910,3.424,900
2020-10-13 09:35:10.670,3.424,5700
2020-10-13 09:35:10.670,3.424,17000
2020-10-13 09:35:11.010,3.424,900
2020-10-13 09:35:11.310,3.424,50000
2020-10-13 09:35:11.930,3.424,20000
2020-10-13 09:35:12.380,3.424,21100
2020-10-13 09:35:12.380,3.424,278900
2020-10-13 09:35:12.660,3.424,3700
2020-10-13 09:35:12.780,3.424,13700
2020-10-13 09:35:13.710,3.424,500
2020-10-13 09:35:13.770,3.424,3000
2020-10-13 09:35:14.700,3.424,200
2020-10-13 09:35:14.700,3.424,25500
2020-10-13 09:35:15.660,3.423,10500
2020-10-13 09:35:15.770,3.423,3600
2020-10-13 09:35:16.100,3.424,1300
2020-10-13 09:35:16.490,3.424,10000
2020-10-13 09:35:18.090,3.424,10000
2020-10-13 09:35:18.950,3.423,2000
2020-10-13 09:35:19.250,3.424,5000
2020-10-13 09:35:19.810,3.424,700
2020-10-13 09:35:20.170,3.424,5000
2020-10-13 09:35:20.460,3.424,10000
2020-10-13 09:35:20.520,3.424,8500
2020-10-13 09:35:20.720,3.424,100000
2020-10-13 09:35:20.840,3.424,124100
2020-10-13 09:35:20.840,3.424,66900
2020-10-13 09:35:21.080,3.424,233100
2020-10-13 09:35:21.080,3.424,5000
2020-10-13 09:35:21.080,3.424,61900
2020-10-13 09:35:21.430,3.423,100000
2020-10-13 09:35:21.760,3.423,10000
2020-10-13 09:35:21.820,3.424,10000
2020-10-13 09:35:23.370,3.424,1500
2020-10-13 09:35:24.430,3.424,10000
2020-10-13 09:35:24.520,3.424,1000
2020-10-13 09:35:24.780,3.423,6400
2020-10-13 09:35:25.430,3.424,10000
2020-10-13 09:35:25.550,3.424,3000
2020-10-13 09:35:25.550,3.424,50000
2020-10-13 09:35:25.910,3.424,200
2020-10-13 09:35:25.910,3.424,100
2020-10-13 09:35:26.410,3.423,5000
2020-10-13 09:35:27.600,3.423,79000
2020-10-13 09:35:28.540,3.423,400
2020-10-13 09:35:29.900,3.424,1500
2020-10-13 09:35:30.950,3.423,14000
2020-10-13 09:35:31.130,3.424,1800
2020-10-13 09:35:31.130,3.424,500
2020-10-13 09:35:31.130,3.424,2700
2020-10-13 09:35:31.350,3.423,26500
2020-10-13 09:35:32.220,3.423,370600
2020-10-13 09:35:32.220,3.423,1600
2020-10-13 09:35:32.220,3.423,5000
2020-10-13 09:35:32.220,3.423,15700
2020-10-13 09:35:32.220,3.423,2000
2020-10-13 09:35:32.220,3.423,29000
2020-10-13 09:35:32.220,3.423,10000
2020-10-13 09:35:32.220,3.423,21700
2020-10-13 09:35:32.220,3.423,1500
2020-10-13 09:35:32.220,3.423,5000
2020-10-13 09:35:32.220,3.423,1000
2020-10-13 09:35:32.220,3.423,30000
2020-10-13 09:35:32.220,3.423,10000
2020-10-13 09:35:32.220,3.423,10000
2020-10-13 09:35:32.220,3.423,40000
2020-10-13 09:35:32.220,3.423,5000
2020-10-13 09:35:32.220,3.423,200
2020-10-13 09:35:32.220,3.423,50000
2020-10-13 09:35:32.220,3.423,50000
2020-10-13 09:35:32.220,3.423,50000
2020-10-13 09:35:32.220,3.423,10000
2020-10-13 09:35:32.220,3.423,1000
2020-10-13 09:35:32.900,3.423,30000
2020-10-13 09:35:33.160,3.423,1000
2020-10-13 09:35:34.470,3.423,400
2020-10-13 09:35:34.650,3.423,50000
2020-10-13 09:35:34.650,3.423,5000
2020-10-13 09:35:35.220,3.423,50000
2020-10-13 09:35:35.250,3.423,2000
2020-10-13 09:35:35.290,3.423,10000
2020-10-13 09:35:35.320,3.423,30000
2020-10-13 09:35:35.380,3.423,40000
2020-10-13 09:35:36.010,3.423,10000
2020-10-13 09:35:36.130,3.423,30000
2020-10-13 09:35:36.130,3.423,10000
2020-10-13 09:35:36.300,3.423,12300
2020-10-13 09:35:36.300,3.423,600
2020-10-13 09:35:36.300,3.423,27100
2020-10-13 09:35:36.300,3.423,7300
2020-10-13 09:35:36.300,3.423,2700
2020-10-13 09:35:37.010,3.423,300
2020-10-13 09:35:37.010,3.423,9700
2020-10-13 09:35:37.030,3.423,30000
2020-10-13 09:35:37.210,3.423,10000
2020-10-13 09:35:37.520,3.423,200
2020-10-13 09:35:38.470,3.422,100
2020-10-13 09:35:38.470,3.422,100
2020-10-13 09:35:38.470,3.422,1000
2020-10-13 09:35:38.470,3.422,1200
2020-10-13 09:35:38.470,3.422,5000
2020-10-13 09:35:38.470,3.422,5000
2020-10-13 09:35:38.470,3.422,300
2020-10-13 09:35:38.470,3.422,1500
2020-10-13 09:35:38.470,3.422,50000
2020-10-13 09:35:38.470,3.422,7000
2020-10-13 09:35:38.470,3.422,10000
2020-10-13 09:35:38.470,3.422,200
2020-10-13 09:35:38.470,3.422,4000
2020-10-13 09:35:38.470,3.422,100
2020-10-13 09:35:38.470,3.422,10000
2020-10-13 09:35:38.470,3.422,40000
2020-10-13 09:35:38.470,3.422,14500
2020-10-13 09:35:41.360,3.423,10000
2020-10-13 09:35:41.480,3.423,300
2020-10-13 09:35:42.090,3.423,500
2020-10-13 09:35:42.240,3.423,200
2020-10-13 09:35:42.530,3.423,10000
2020-10-13 09:35:42.620,3.423,10000
2020-10-13 09:35:43.370,3.423,10000
2020-10-13 09:35:43.550,3.422,5500
2020-10-13 09:35:43.550,3.422,24000
2020-10-13 09:35:43.870,3.423,9100
2020-10-13 09:35:43.870,3.423,400
2020-10-13 09:35:43.870,3.423,500
2020-10-13 09:35:44.260,3.423,1500
2020-10-13 09:35:44.260,3.423,63100
2020-10-13 09:35:44.260,3.423,500
2020-10-13 09:35:44.260,3.423,2500
2020-10-13 09:35:44.260,3.423,2300
2020-10-13 09:35:45.090,3.423,20200
2020-10-13 09:35:45.370,3.423,12000
2020-10-13 09:35:45.520,3.423,2000
2020-10-13 09:35:46.020,3.423,800
2020-10-13 09:35:46.300,3.423,8200
2020-10-13 09:35:46.570,3.423,200
2020-10-13 09:35:47.670,3.423,100
2020-10-13 09:35:48.040,3.423,100000
2020-10-13 09:35:48.510,3.423,3000
2020-10-13 09:35:51.260,3.423,1700
2020-10-13 09:35:51.640,3.423,11900
2020-10-13 09:35:51.640,3.423,10700
2020-10-13 09:35:51.640,3.423,600
2020-10-13 09:35:51.640,3.423,50000
2020-10-13 09:35:51.640,3.423,50000
2020-10-13 09:35:51.640,3.423,2900
2020-10-13 09:35:51.640,3.423,300
2020-10-13 09:35:52.000,3.423,50000
2020-10-13 09:35:52.590,3.423,1000
2020-10-13 09:35:54.210,3.423,10000
2020-10-13 09:35:54.210,3.423,5000
2020-10-13 09:35:54.580,3.423,300
2020-10-13 09:35:55.360,3.423,900
2020-10-13 09:35:55.940,3.422,3900
2020-10-13 09:35:56.390,3.422,700
2020-10-13 09:35:59.990,3.422,100
2020-10-13 09:36:00.670,3.422,100
2020-10-13 09:36:00.670,3.422,4900
2020-10-13 09:36:01.060,3.423,2000
2020-10-13 09:36:01.360,3.422,5100
2020-10-13 09:36:01.360,3.422,4500
2020-10-13 09:36:01.360,3.422,17000
2020-10-13 09:36:01.420,3.423,1000
2020-10-13 09:36:01.650,3.422,8000
2020-10-13 09:36:02.010,3.422,12100
2020-10-13 09:36:02.100,3.422,9500
2020-10-13 09:36:02.370,3.423,1800
2020-10-13 09:36:02.400,3.423,100
2020-10-13 09:36:02.640,3.422,3300
2020-10-13 09:36:02.760,3.423,127200
2020-10-13 09:36:02.760,3.423,600
2020-10-13 09:36:02.760,3.423,1000
2020-10-13 09:36:02.760,3.423,2400
2020-10-13 09:36:02.760,3.423,5000
2020-10-13 09:36:02.760,3.423,4700
2020-10-13 09:36:02.760,3.423,1400
2020-10-13 09:36:02.760,3.423,3600
2020-10-13 09:36:02.760,3.423,5000
2020-10-13 09:36:02.760,3.423,5000
2020-10-13 09:36:02.760,3.423,1400
2020-10-13 09:36:02.760,3.423,10800
2020-10-13 09:36:02.760,3.423,5000
2020-10-13 09:36:02.760,3.423,600
2020-10-13 09:36:02.760,3.423,400
2020-10-13 09:36:02.760,3.423,1000
2020-10-13 09:36:02.760,3.423,11000
2020-10-13 09:36:02.760,3.423,20000
2020-10-13 09:36:02.760,3.423,100
2020-10-13 09:36:02.760,3.423,61000
2020-10-13 09:36:02.760,3.424,1000
2020-10-13 09:36:02.760,3.424,162700
2020-10-13 09:36:05.440,3.422,100
2020-10-13 09:36:05.440,3.422,500
2020-10-13 09:36:05.440,3.422,1400
2020-10-13 09:36:05.440,3.422,300
2020-10-13 09:36:05.440,3.422,300
2020-10-13 09:36:05.440,3.422,100000
2020-10-13 09:36:05.440,3.422,3000
2020-10-13 09:36:05.440,3.422,8100
2020-10-13 09:36:05.440,3.422,8500
2020-10-13 09:36:05.720,3.422,1000
2020-10-13 09:36:09.010,3.421,20000
2020-10-13 09:36:09.010,3.421,500
2020-10-13 09:36:09.010,3.421,20100
2020-10-13 09:36:09.010,3.421,300
2020-10-13 09:36:09.010,3.421,2000
2020-10-13 09:36:09.010,3.421,500
2020-10-13 09:36:09.010,3.421,100
2020-10-13 09:36:09.010,3.421,3000
2020-10-13 09:36:09.010,3.421,2000
2020-10-13 09:36:09.010,3.421,200
2020-10-13 09:36:09.010,3.421,500
2020-10-13 09:36:09.010,3.421,1000
2020-10-13 09:36:09.010,3.421,10000
2020-10-13 09:36:09.010,3.421,100
2020-10-13 09:36:09.010,3.421,1000
2020-10-13 09:36:09.010,3.421,300
2020-10-13 09:36:09.010,3.421,3000
2020-10-13 09:36:09.010,3.421,5000
2020-10-13 09:36:09.010,3.421,230400
2020-10-13 09:36:11.630,3.421,1100
2020-10-13 09:36:13.810,3.421,3000
2020-10-13 09:36:14.750,3.42,200
2020-10-13 09:36:15.230,3.421,2000
2020-10-13 09:36:16.070,3.421,3100
2020-10-13 09:36:16.460,3.421,400
2020-10-13 09:36:16.520,3.42,4900
2020-10-13 09:36:16.520,3.42,2200
2020-10-13 09:36:17.450,3.421,10000
2020-10-13 09:36:17.870,3.421,2000
2020-10-13 09:36:17.990,3.42,6400
2020-10-13 09:36:18.020,3.421,3000
2020-10-13 09:36:18.100,3.42,2200
2020-10-13 09:36:18.310,3.421,200
2020-10-13 09:36:18.780,3.421,8000
2020-10-13 09:36:19.020,3.421,6600
2020-10-13 09:36:19.220,3.42,200
2020-10-13 09:36:19.700,3.42,19000
2020-10-13 09:36:19.700,3.42,500
2020-10-13 09:36:19.700,3.42,200
2020-10-13 09:36:19.700,3.42,100
2020-10-13 09:36:19.700,3.42,200
2020-10-13 09:36:20.830,3.42,800
2020-10-13 09:36:20.830,3.42,3200
2020-10-13 09:36:20.830,3.42,3100
2020-10-13 09:36:20.830,3.42,1000
2020-10-13 09:36:20.830,3.42,2500
2020-10-13 09:36:20.830,3.42,3700
2020-10-13 09:36:21.710,3.421,500
2020-10-13 09:36:21.890,3.421,20000
2020-10-13 09:36:22.150,3.42,3500
2020-10-13 09:36:22.300,3.42,4500
2020-10-13 09:36:22.700,3.42,8300
2020-10-13 09:36:22.700,3.42,500
2020-10-13 09:36:22.700,3.42,10000
2020-10-13 09:36:22.700,3.42,1000
2020-10-13 09:36:22.700,3.42,400
2020-10-13 09:36:23.070,3.42,600
2020-10-13 09:36:23.070,3.42,500
2020-10-13 09:36:23.070,3.42,16900
2020-10-13 09:36:23.850,3.42,500
2020-10-13 09:36:24.400,3.42,2600
2020-10-13 09:36:24.400,3.42,100
2020-10-13 09:36:24.400,3.42,5000
2020-10-13 09:36:24.790,3.421,1000
2020-10-13 09:36:25.080,3.421,600
2020-10-13 09:36:25.080,3.42,5000
2020-10-13 09:36:25.080,3.42,300
2020-10-13 09:36:25.080,3.42,400
2020-10-13 09:36:25.080,3.42,2000
2020-10-13 09:36:25.080,3.42,12300
2020-10-13 09:36:25.790,3.42,2700
2020-10-13 09:36:25.790,3.42,100
2020-10-13 09:36:25.790,3.42,6700
2020-10-13 09:36:25.820,3.421,3000
2020-10-13 09:36:25.940,3.42,3300
2020-10-13 09:36:26.840,3.42,3000
2020-10-13 09:36:27.100,3.42,100
2020-10-13 09:36:27.570,3.421,100000
2020-10-13 09:36:29.200,3.421,300
2020-10-13 09:36:30.200,3.42,3800
2020-10-13 09:36:31.180,3.42,3100
2020-10-13 09:36:31.180,3.42,2700
2020-10-13 09:36:31.180,3.42,200
2020-10-13 09:36:31.370,3.42,7100
2020-10-13 09:36:31.370,3.42,19400
2020-10-13 09:36:34.250,3.421,2000
2020-10-13 09:36:34.530,3.42,5000
2020-10-13 09:36:35.390,3.42,102000
2020-10-13 09:36:35.600,3.42,200
2020-10-13 09:36:35.870,3.421,25700
2020-10-13 09:36:36.690,3.42,2200
2020-10-13 09:36:36.820,3.421,4500
2020-10-13 09:36:37.000,3.42,3000
2020-10-13 09:36:38.120,3.421,300
2020-10-13 09:36:38.150,3.42,2900
2020-10-13 09:36:39.630,3.421,500
2020-10-13 09:36:39.750,3.42,300
2020-10-13 09:36:39.750,3.42,700
2020-10-13 09:36:39.780,3.421,200
2020-10-13 09:36:40.460,3.42,5300
2020-10-13 09:36:40.460,3.421,8600
2020-10-13 09:36:41.890,3.42,1600
2020-10-13 09:36:43.010,3.421,10000
2020-10-13 09:36:43.040,3.421,500
2020-10-13 09:36:43.700,3.42,3000
2020-10-13 09:36:43.900,3.42,1000
2020-10-13 09:36:45.210,3.42,900
2020-10-13 09:36:45.360,3.421,100
2020-10-13 09:36:46.760,3.42,2300
2020-10-13 09:36:47.030,3.42,500
2020-10-13 09:36:47.390,3.42,3000
2020-10-13 09:36:47.520,3.42,40000
2020-10-13 09:36:49.490,3.42,5000
2020-10-13 09:36:49.640,3.42,9000
2020-10-13 09:36:49.900,3.421,1000
2020-10-13 09:36:50.590,3.42,1000
2020-10-13 09:36:50.710,3.42,600
2020-10-13 09:36:50.920,3.42,10900
2020-10-13 09:36:51.180,3.42,10000
2020-10-13 09:36:51.430,3.421,13000
2020-10-13 09:36:51.520,3.421,1000
2020-10-13 09:36:51.830,3.421,1500
2020-10-13 09:36:52.210,3.42,25500
2020-10-13 09:36:53.720,3.42,10000
2020-10-13 09:36:54.370,3.42,3000
2020-10-13 09:36:54.570,3.42,1000
2020-10-13 09:36:54.570,3.42,700
2020-10-13 09:36:54.570,3.42,500
2020-10-13 09:36:54.570,3.42,4300
2020-10-13 09:36:54.640,3.421,72400
2020-10-13 09:36:54.640,3.421,500
2020-10-13 09:36:54.640,3.421,4000
2020-10-13 09:36:54.640,3.421,102700
2020-10-13 09:36:54.640,3.421,4000
2020-10-13 09:36:54.640,3.421,500
2020-10-13 09:36:54.640,3.421,10000
2020-10-13 09:36:54.640,3.421,2700
2020-10-13 09:36:54.640,3.421,52600
2020-10-13 09:36:54.640,3.421,50600
2020-10-13 09:36:54.820,3.42,800
2020-10-13 09:36:55.290,3.42,800
2020-10-13 09:36:55.860,3.42,3000
2020-10-13 09:36:56.690,3.42,6100
2020-10-13 09:36:56.690,3.42,2000
2020-10-13 09:36:56.690,3.42,2000
2020-10-13 09:36:56.690,3.42,100
2020-10-13 09:36:56.690,3.42,100
2020-10-13 09:36:56.690,3.42,14600
2020-10-13 09:36:56.690,3.42,1000
2020-10-13 09:36:56.690,3.42,3000
2020-10-13 09:36:56.690,3.42,1100
2020-10-13 09:36:57.080,3.42,5000
2020-10-13 09:36:58.230,3.42,18700
2020-10-13 09:36:59.100,3.42,2200
2020-10-13 09:36:59.470,3.421,8600
2020-10-13 09:36:59.500,3.42,2000
2020-10-13 09:36:59.620,3.421,15900
2020-10-13 09:36:59.890,3.421,1000
2020-10-13 09:37:00.480,3.42,10000
2020-10-13 09:37:00.870,3.42,3000
2020-10-13 09:37:01.340,3.42,700
2020-10-13 09:37:01.490,3.42,7300
2020-10-13 09:37:01.490,3.42,200
2020-10-13 09:37:01.490,3.42,3000
2020-10-13 09:37:01.490,3.42,7000
2020-10-13 09:37:01.490,3.42,1000
2020-10-13 09:37:01.490,3.42,5000
2020-10-13 09:37:01.490,3.42,3000
2020-10-13 09:37:01.680,3.421,10000
2020-10-13 09:37:01.890,3.42,7000
2020-10-13 09:37:01.890,3.42,1500
2020-10-13 09:37:01.890,3.42,1000
2020-10-13 09:37:01.890,3.42,10000
2020-10-13 09:37:01.890,3.42,1500
2020-10-13 09:37:01.890,3.42,400
2020-10-13 09:37:02.010,3.42,600
2020-10-13 09:37:02.010,3.42,700
2020-10-13 09:37:02.010,3.42,1000
2020-10-13 09:37:02.010,3.42,5000
2020-10-13 09:37:02.010,3.42,500
2020-10-13 09:37:02.010,3.42,200
2020-10-13 09:37:02.010,3.42,5500
2020-10-13 09:37:02.230,3.421,1000
2020-10-13 09:37:02.460,3.42,1500
2020-10-13 09:37:02.460,3.42,100
2020-10-13 09:37:02.460,3.42,100
2020-10-13 09:37:02.460,3.42,7000
2020-10-13 09:37:02.460,3.42,2000
2020-10-13 09:37:02.460,3.42,500
2020-10-13 09:37:02.460,3.42,8800
2020-10-13 09:37:02.580,3.42,5000
2020-10-13 09:37:02.870,3.42,2000
2020-10-13 09:37:03.560,3.42,14200
2020-10-13 09:37:03.560,3.42,2000
2020-10-13 09:37:03.560,3.42,200
2020-10-13 09:37:03.560,3.42,1000
2020-10-13 09:37:03.560,3.42,5000
2020-10-13 09:37:03.560,3.42,50000
2020-10-13 09:37:03.560,3.42,15500
2020-10-13 09:37:03.670,3.42,3700
2020-10-13 09:37:05.310,3.42,1000
2020-10-13 09:37:05.310,3.42,9700
2020-10-13 09:37:05.840,3.421,100000
2020-10-13 09:37:05.960,3.42,3000
2020-10-13 09:37:06.580,3.42,600
2020-10-13 09:37:07.080,3.421,2000
2020-10-13 09:37:07.170,3.42,100
2020-10-13 09:37:07.200,3.42,200
2020-10-13 09:37:07.230,3.42,2400
2020-10-13 09:37:07.230,3.42,7600
2020-10-13 09:37:07.700,3.42,2400
2020-10-13 09:37:07.700,3.42,10000
2020-10-13 09:37:07.700,3.42,2000
2020-10-13 09:37:07.700,3.42,1800
2020-10-13 09:37:08.140,3.42,1000
2020-10-13 09:37:08.220,3.421,8600
2020-10-13 09:37:08.940,3.42,200
2020-10-13 09:37:08.940,3.42,100
2020-10-13 09:37:08.940,3.42,100
2020-10-13 09:37:08.940,3.42,10800
2020-10-13 09:37:08.940,3.42,10000
2020-10-13 09:37:08.940,3.42,7000
2020-10-13 09:37:08.940,3.42,1000
2020-10-13 09:37:08.940,3.42,4900
2020-10-13 09:37:08.940,3.42,10000
2020-10-13 09:37:08.940,3.42,700
2020-10-13 09:37:08.940,3.42,10000
2020-10-13 09:37:08.940,3.42,300
2020-10-13 09:37:08.940,3.42,5600
2020-10-13 09:37:08.940,3.42,39100
2020-10-13 09:37:08.940,3.42,11600
2020-10-13 09:37:08.940,3.42,185900
2020-10-13 09:37:10.350,3.421,2300
2020-10-13 09:37:10.350,3.421,2600
2020-10-13 09:37:10.350,3.421,200
2020-10-13 09:37:10.350,3.421,2000
2020-10-13 09:37:10.350,3.421,800
2020-10-13 09:37:10.350,3.421,1500
2020-10-13 09:37:10.350,3.421,6000
2020-10-13 09:37:10.350,3.421,6600
2020-10-13 09:37:10.350,3.421,1800
2020-10-13 09:37:10.350,3.421,5500
2020-10-13 09:37:10.350,3.42,200
2020-10-13 09:37:10.670,3.42,10000
2020-10-13 09:37:11.090,3.421,2800
2020-10-13 09:37:11.560,3.421,2200
2020-10-13 09:37:11.680,3.421,500
2020-10-13 09:37:12.250,3.421,7300
2020-10-13 09:37:12.250,3.42,49400
2020-10-13 09:37:12.490,3.42,1000
2020-10-13 09:37:13.010,3.42,30000
2020-10-13 09:37:13.040,3.42,5000
2020-10-13 09:37:13.400,3.421,200
2020-10-13 09:37:13.400,3.42,5800
2020-10-13 09:37:14.700,3.421,200
2020-10-13 09:37:14.700,3.42,5500
2020-10-13 09:37:15.650,3.421,800
2020-10-13 09:37:15.650,3.42,200
2020-10-13 09:37:17.620,3.421,1000
2020-10-13 09:37:17.620,3.422,18000
2020-10-13 09:37:17.620,3.422,100
2020-10-13 09:37:17.620,3.422,1000
2020-10-13 09:37:17.620,3.422,12800
2020-10-13 09:37:17.620,3.422,34700
2020-10-13 09:37:17.620,3.422,26900
2020-10-13 09:37:17.620,3.422,5500
2020-10-13 09:37:18.590,3.42,7000
2020-10-13 09:37:18.590,3.42,300
2020-10-13 09:37:18.590,3.42,10100
2020-10-13 09:37:18.590,3.42,3000
2020-10-13 09:37:18.590,3.42,1000
2020-10-13 09:37:18.590,3.42,3000
2020-10-13 09:37:18.590,3.42,2000
2020-10-13 09:37:18.590,3.42,4400
2020-10-13 09:37:19.380,3.42,5000
2020-10-13 09:37:19.580,3.421,1500
2020-10-13 09:37:21.700,3.421,18000
2020-10-13 09:37:21.830,3.421,10500
2020-10-13 09:37:22.250,3.42,1000
2020-10-13 09:37:22.340,3.42,300
2020-10-13 09:37:23.390,3.42,11500
2020-10-13 09:37:24.430,3.42,300
2020-10-13 09:37:24.640,3.42,8000
2020-10-13 09:37:24.950,3.42,1500
2020-10-13 09:37:24.950,3.42,100
2020-10-13 09:37:25.320,3.42,5100
2020-10-13 09:37:26.470,3.42,300
2020-10-13 09:37:26.530,3.42,3000
2020-10-13 09:37:26.960,3.42,1100
2020-10-13 09:37:27.370,3.421,1000
2020-10-13 09:37:27.410,3.42,8500
2020-10-13 09:37:27.440,3.42,2200
2020-10-13 09:37:28.120,3.421,200
2020-10-13 09:37:28.120,3.42,69000
2020-10-13 09:37:28.120,3.42,200
2020-10-13 09:37:28.120,3.42,2000
2020-10-13 09:37:28.120,3.42,8000
2020-10-13 09:37:28.120,3.42,1600
2020-10-13 09:37:29.030,3.42,200000
2020-10-13 09:37:29.800,3.42,400
2020-10-13 09:37:30.580,3.42,1500
2020-10-13 09:37:31.440,3.419,200
2020-10-13 09:37:31.440,3.419,100
2020-10-13 09:37:31.440,3.419,1000
2020-10-13 09:37:31.440,3.419,500
2020-10-13 09:37:31.440,3.419,200
2020-10-13 09:37:31.440,3.419,18600
2020-10-13 09:37:31.440,3.419,5900
2020-10-13 09:37:33.120,3.42,1500
2020-10-13 09:37:33.120,3.42,3100
2020-10-13 09:37:33.150,3.419,4100
2020-10-13 09:37:33.150,3.419,300
2020-10-13 09:37:33.150,3.419,10000
2020-10-13 09:37:33.150,3.419,1300
2020-10-13 09:37:33.150,3.419,7200
2020-10-13 09:37:33.150,3.419,50000
2020-10-13 09:37:33.150,3.419,2000
2020-10-13 09:37:33.150,3.419,1500
2020-10-13 09:37:33.150,3.419,32200
2020-10-13 09:37:33.240,3.42,5000
2020-10-13 09:37:33.260,3.419,2000
2020-10-13 09:37:33.350,3.419,900
2020-10-13 09:37:33.380,3.419,14900
2020-10-13 09:37:33.410,3.419,500
2020-10-13 09:37:34.570,3.42,100
2020-10-13 09:37:34.570,3.42,100
2020-10-13 09:37:35.250,3.418,100
2020-10-13 09:37:35.250,3.418,3900
2020-10-13 09:37:35.340,3.419,10000
2020-10-13 09:37:36.170,3.419,100
2020-10-13 09:37:40.400,3.419,1000
2020-10-13 09:37:40.430,3.418,3000
2020-10-13 09:37:41.290,3.418,400
2020-10-13 09:37:41.440,3.419,500
2020-10-13 09:37:41.830,3.418,6000
2020-10-13 09:37:42.120,3.418,22700
2020-10-13 09:37:42.120,3.418,5000
2020-10-13 09:37:42.120,3.418,200
2020-10-13 09:37:42.120,3.418,100
2020-10-13 09:37:42.120,3.418,3000
2020-10-13 09:37:42.120,3.418,1000
2020-10-13 09:37:42.120,3.418,500
2020-10-13 09:37:42.120,3.418,100
2020-10-13 09:37:42.120,3.418,5000
2020-10-13 09:37:42.120,3.418,15000
2020-10-13 09:37:42.120,3.418,2300
2020-10-13 09:37:42.420,3.419,500
2020-10-13 09:37:45.650,3.418,4000
2020-10-13 09:37:46.160,3.419,3000
2020-10-13 09:37:46.750,3.419,3000
2020-10-13 09:37:46.750,3.419,3700
2020-10-13 09:37:46.750,3.419,1700
2020-10-13 09:37:46.750,3.419,4000
2020-10-13 09:37:46.750,3.419,1000
2020-10-13 09:37:47.040,3.419,200
2020-10-13 09:37:47.040,3.419,1600
2020-10-13 09:37:47.040,3.418,3400
2020-10-13 09:37:47.320,3.418,300
2020-10-13 09:37:47.320,3.418,2700
2020-10-13 09:37:47.520,3.418,500
2020-10-13 09:37:47.520,3.418,5000
2020-10-13 09:37:48.230,3.419,900
2020-10-13 09:37:49.710,3.419,1500
2020-10-13 09:37:49.710,3.419,6000
2020-10-13 09:37:50.540,3.419,1600
2020-10-13 09:37:50.540,3.419,17200
2020-10-13 09:37:50.570,3.419,2800
2020-10-13 09:37:50.570,3.419,3700
2020-10-13 09:37:50.980,3.42,300
2020-10-13 09:37:51.320,3.419,3300
2020-10-13 09:37:51.380,3.419,1700
2020-10-13 09:37:51.410,3.419,1300
2020-10-13 09:37:51.410,3.419,700
2020-10-13 09:37:51.790,3.419,9300
2020-10-13 09:37:51.790,3.419,20700
2020-10-13 09:37:51.820,3.419,5000
2020-10-13 09:37:52.680,3.419,3000
2020-10-13 09:37:53.640,3.419,1800
2020-10-13 09:37:54.990,3.42,3600
2020-10-13 09:37:55.020,3.419,4700
2020-10-13 09:37:56.230,3.419,17100
2020-10-13 09:37:56.230,3.419,100
2020-10-13 09:37:56.230,3.419,107800
2020-10-13 09:37:56.700,3.419,3000
2020-10-13 09:37:57.550,3.419,50000
2020-10-13 09:37:58.090,3.419,1000
2020-10-13 09:37:58.480,3.419,5000
2020-10-13 09:37:58.590,3.42,4100
2020-10-13 09:37:58.590,3.42,100
2020-10-13 09:37:58.590,3.42,800
2020-10-13 09:37:58.710,3.42,200
2020-10-13 09:37:58.710,3.42,6800
2020-10-13 09:37:58.710,3.42,2000
2020-10-13 09:37:58.710,3.42,50000
2020-10-13 09:37:58.710,3.42,4500
2020-10-13 09:37:58.710,3.42,236500
2020-10-13 09:37:58.820,3.42,4300
2020-10-13 09:37:59.400,3.419,600
2020-10-13 09:38:00.370,3.42,46700
2020-10-13 09:38:00.370,3.42,2000
2020-10-13 09:38:00.370,3.42,3600
2020-10-13 09:38:00.370,3.42,200
2020-10-13 09:38:00.370,3.42,3000
2020-10-13 09:38:00.370,3.42,300
2020-10-13 09:38:00.370,3.42,3000
2020-10-13 09:38:00.370,3.42,100
2020-10-13 09:38:00.370,3.42,1000
2020-10-13 09:38:00.370,3.42,5000
2020-10-13 09:38:00.370,3.42,3000
2020-10-13 09:38:00.370,3.42,43800
2020-10-13 09:38:00.370,3.42,8500
2020-10-13 09:38:00.370,3.42,2200
2020-10-13 09:38:00.670,3.42,10000
2020-10-13 09:38:01.190,3.42,30000
2020-10-13 09:38:01.370,3.42,1000
2020-10-13 09:38:01.430,3.42,26500
2020-10-13 09:38:01.580,3.42,110100
2020-10-13 09:38:01.580,3.42,189900
2020-10-13 09:38:02.030,3.42,102100
2020-10-13 09:38:02.690,3.42,3000
2020-10-13 09:38:02.840,3.42,500
2020-10-13 09:38:03.690,3.42,2800
2020-10-13 09:38:04.340,3.42,100
2020-10-13 09:38:04.850,3.42,4200
2020-10-13 09:38:04.850,3.42,3000
2020-10-13 09:38:04.850,3.42,2800
2020-10-13 09:38:05.610,3.42,2000
2020-10-13 09:38:06.390,3.42,5000
2020-10-13 09:38:06.800,3.42,600
2020-10-13 09:38:07.090,3.42,3800
2020-10-13 09:38:08.040,3.42,1500
2020-10-13 09:38:08.040,3.42,30000
2020-10-13 09:38:08.040,3.42,5000
2020-10-13 09:38:08.040,3.42,50000
2020-10-13 09:38:08.040,3.42,50000
2020-10-13 09:38:08.040,3.42,41900
2020-10-13 09:38:08.690,3.421,200
2020-10-13 09:38:10.100,3.421,1000
2020-10-13 09:38:10.650,3.421,8000
2020-10-13 09:38:10.650,3.421,100
2020-10-13 09:38:10.800,3.421,2000
2020-10-13 09:38:11.730,3.421,7000
2020-10-13 09:38:11.730,3.421,3000
2020-10-13 09:38:11.850,3.42,900
2020-10-13 09:38:13.550,3.421,500
2020-10-13 09:38:13.550,3.421,2000
2020-10-13 09:38:13.550,3.421,3400
2020-10-13 09:38:13.550,3.421,12100
2020-10-13 09:38:13.550,3.421,5000
2020-10-13 09:38:13.550,3.421,100
2020-10-13 09:38:13.550,3.421,10000
2020-10-13 09:38:13.550,3.421,300
2020-10-13 09:38:14.260,3.421,5000
2020-10-13 09:38:14.710,3.421,10000
2020-10-13 09:38:15.020,3.422,100
2020-10-13 09:38:15.020,3.422,6100
2020-10-13 09:38:15.020,3.422,6000
2020-10-13 09:38:15.020,3.422,100
2020-10-13 09:38:15.020,3.422,2500
2020-10-13 09:38:15.020,3.422,2100
2020-10-13 09:38:15.510,3.422,5000
2020-10-13 09:38:16.450,3.422,200
2020-10-13 09:38:18.110,3.422,3000
2020-10-13 09:38:18.590,3.422,700
2020-10-13 09:38:18.770,3.422,20000
2020-10-13 09:38:19.740,3.422,4000
2020-10-13 09:38:19.830,3.422,16400
2020-10-13 09:38:21.290,3.423,1000
2020-10-13 09:38:21.290,3.423,300
2020-10-13 09:38:21.320,3.422,200
2020-10-13 09:38:21.870,3.422,2400
2020-10-13 09:38:21.870,3.422,5500
2020-10-13 09:38:22.280,3.422,20000
2020-10-13 09:38:22.310,3.422,5300
2020-10-13 09:38:23.210,3.422,500
2020-10-13 09:38:23.530,3.422,200
2020-10-13 09:38:23.670,3.423,1000
2020-10-13 09:38:23.760,3.422,1400
2020-10-13 09:38:24.540,3.422,800
2020-10-13 09:38:25.900,3.422,8000
2020-10-13 09:38:26.390,3.422,2500
2020-10-13 09:38:27.770,3.423,3700
2020-10-13 09:38:27.770,3.423,800
2020-10-13 09:38:27.770,3.423,2400
2020-10-13 09:38:27.770,3.423,3100
2020-10-13 09:38:27.920,3.422,1500
2020-10-13 09:38:28.220,3.422,100000
2020-10-13 09:38:28.220,3.422,3400
2020-10-13 09:38:28.220,3.422,100
2020-10-13 09:38:28.220,3.422,26000
2020-10-13 09:38:28.220,3.422,10000
2020-10-13 09:38:28.480,3.422,400
2020-10-13 09:38:28.540,3.422,160100
2020-10-13 09:38:28.540,3.422,20000
2020-10-13 09:38:28.540,3.422,119900
2020-10-13 09:38:29.960,3.421,97000
2020-10-13 09:38:31.140,3.422,20000
2020-10-13 09:38:31.490,3.421,26600
2020-10-13 09:38:33.160,3.422,20000
2020-10-13 09:38:33.750,3.421,100
2020-10-13 09:38:34.550,3.422,2900
2020-10-13 09:38:35.490,3.421,3600
2020-10-13 09:38:36.520,3.422,100
2020-10-13 09:38:38.180,3.421,124300
2020-10-13 09:38:38.180,3.421,300
2020-10-13 09:38:38.180,3.421,10000
2020-10-13 09:38:38.180,3.421,500
2020-10-13 09:38:38.180,3.421,100
2020-10-13 09:38:38.180,3.421,50000
2020-10-13 09:38:38.180,3.421,200
2020-10-13 09:38:38.180,3.421,5000
2020-10-13 09:38:38.180,3.421,1000
2020-10-13 09:38:38.180,3.421,50000
2020-10-13 09:38:38.900,3.421,10000
2020-10-13 09:38:38.990,3.421,19900
2020-10-13 09:38:39.790,3.42,30000
2020-10-13 09:38:40.100,3.421,28700
2020-10-13 09:38:40.100,3.421,1000
2020-10-13 09:38:40.100,3.422,257000
2020-10-13 09:38:40.100,3.422,60600
2020-10-13 09:38:40.100,3.422,2600
2020-10-13 09:38:40.100,3.422,3000
2020-10-13 09:38:40.100,3.422,4500
2020-10-13 09:38:40.100,3.422,400
2020-10-13 09:38:40.100,3.422,200
2020-10-13 09:38:40.100,3.422,6600
2020-10-13 09:38:40.100,3.422,600
2020-10-13 09:38:40.100,3.422,300000
2020-10-13 09:38:40.100,3.423,228600
2020-10-13 09:38:40.100,3.423,20000
2020-10-13 09:38:40.100,3.423,84200
2020-10-13 09:38:40.280,3.421,600
2020-10-13 09:38:40.280,3.423,9400
2020-10-13 09:38:40.590,3.421,2000
2020-10-13 09:38:41.660,3.421,1000
2020-10-13 09:38:41.660,3.421,800
2020-10-13 09:38:41.830,3.422,1000
2020-10-13 09:38:42.310,3.421,2200
2020-10-13 09:38:42.310,3.421,800
2020-10-13 09:38:42.310,3.421,1400
2020-10-13 09:38:43.820,3.421,900
2020-10-13 09:38:45.510,3.422,1000
2020-10-13 09:38:45.510,3.422,2000
2020-10-13 09:38:46.080,3.421,100
2020-10-13 09:38:46.890,3.422,200
2020-10-13 09:38:46.890,3.422,300
2020-10-13 09:38:49.990,3.421,600
2020-10-13 09:38:50.990,3.421,3500
2020-10-13 09:38:51.290,3.421,100
2020-10-13 09:38:51.540,3.422,100
2020-10-13 09:38:52.830,3.421,10000
2020-10-13 09:38:54.410,3.422,100
2020-10-13 09:38:54.410,3.422,14500
2020-10-13 09:38:55.080,3.422,285500
2020-10-13 09:38:55.080,3.422,300000
2020-10-13 09:38:55.080,3.422,180100
2020-10-13 09:38:55.080,3.422,134400
2020-10-13 09:38:55.800,3.422,2000
2020-10-13 09:38:55.800,3.422,4000
2020-10-13 09:38:55.800,3.422,1400
2020-10-13 09:38:55.970,3.422,1000
2020-10-13 09:38:56.000,3.421,100
2020-10-13 09:38:57.110,3.421,10000
2020-10-13 09:38:57.540,3.421,300
2020-10-13 09:38:57.800,3.421,3000
2020-10-13 09:38:57.860,3.422,1000
2020-10-13 09:38:58.540,3.421,3000
2020-10-13 09:38:58.840,3.421,5000
2020-10-13 09:38:59.020,3.421,2100
2020-10-13 09:38:59.730,3.421,6000
2020-10-13 09:39:00.020,3.421,5000
2020-10-13 09:39:00.850,3.422,15200
2020-10-13 09:39:01.090,3.421,15300
2020-10-13 09:39:01.150,3.421,400
2020-10-13 09:39:01.430,3.421,26500
2020-10-13 09:39:01.880,3.422,8600
2020-10-13 09:39:02.220,3.422,2000
2020-10-13 09:39:03.110,3.421,3000
2020-10-13 09:39:03.320,3.422,1000
2020-10-13 09:39:04.580,3.421,4200
2020-10-13 09:39:04.790,3.421,1000
2020-10-13 09:39:05.480,3.422,100
2020-10-13 09:39:05.550,3.422,300
2020-10-13 09:39:05.900,3.422,3000
2020-10-13 09:39:05.900,3.422,10000
2020-10-13 09:39:05.900,3.422,1000
2020-10-13 09:39:05.900,3.422,286000
2020-10-13 09:39:06.720,3.421,15100
2020-10-13 09:39:07.170,3.422,500
2020-10-13 09:39:07.570,3.421,1000
2020-10-13 09:39:07.900,3.422,13500
2020-10-13 09:39:07.900,3.422,1900
2020-10-13 09:39:08.020,3.422,3300
2020-10-13 09:39:09.340,3.422,1400
2020-10-13 09:39:09.370,3.421,27800
2020-10-13 09:39:09.860,3.421,10000
2020-10-13 09:39:10.070,3.421,6500
2020-10-13 09:39:10.070,3.421,100
2020-10-13 09:39:10.070,3.421,2000
2020-10-13 09:39:10.070,3.421,600
2020-10-13 09:39:10.070,3.421,200
2020-10-13 09:39:10.070,3.421,100
2020-10-13 09:39:10.070,3.421,5000
2020-10-13 09:39:10.070,3.421,100
2020-10-13 09:39:10.070,3.421,5000
2020-10-13 09:39:10.070,3.421,280400
2020-10-13 09:39:10.310,3.422,23000
2020-10-13 09:39:11.330,3.422,300
2020-10-13 09:39:11.890,3.421,2200
2020-10-13 09:39:11.890,3.421,150000
2020-10-13 09:39:12.660,3.421,3500
2020-10-13 09:39:14.740,3.422,200
2020-10-13 09:39:15.070,3.421,1000
2020-10-13 09:39:15.220,3.421,20000
2020-10-13 09:39:16.040,3.421,700
2020-10-13 09:39:17.120,3.421,299800
2020-10-13 09:39:17.520,3.421,4000
2020-10-13 09:39:17.730,3.421,138400
2020-10-13 09:39:17.730,3.421,10000
2020-10-13 09:39:17.730,3.421,6000
2020-10-13 09:39:17.730,3.421,6000
2020-10-13 09:39:18.180,3.421,100
2020-10-13 09:39:19.320,3.421,500
2020-10-13 09:39:19.630,3.42,1000
2020-10-13 09:39:20.070,3.421,4700
2020-10-13 09:39:20.070,3.421,185000
2020-10-13 09:39:21.040,3.421,1500
2020-10-13 09:39:21.060,3.421,5000
2020-10-13 09:39:21.610,3.42,4700
2020-10-13 09:39:22.340,3.421,100
2020-10-13 09:39:24.160,3.42,3600
2020-10-13 09:39:24.930,3.421,300
2020-10-13 09:39:25.350,3.421,2900
2020-10-13 09:39:25.940,3.421,1000
2020-10-13 09:39:27.920,3.42,2000
2020-10-13 09:39:28.750,3.421,10000
2020-10-13 09:39:30.300,3.42,500
2020-10-13 09:39:31.420,3.42,5000
2020-10-13 09:39:31.420,3.42,26500
2020-10-13 09:39:32.280,3.421,1000
2020-10-13 09:39:32.830,3.421,93400
2020-10-13 09:39:32.830,3.421,194300
2020-10-13 09:39:32.830,3.421,300000
2020-10-13 09:39:32.830,3.421,300000
2020-10-13 09:39:32.830,3.421,100
2020-10-13 09:39:32.830,3.421,200
2020-10-13 09:39:32.830,3.421,700
2020-10-13 09:39:32.830,3.421,6200
2020-10-13 09:39:32.830,3.421,1000
2020-10-13 09:39:32.830,3.421,4100
2020-10-13 09:39:32.960,3.42,300000
2020-10-13 09:39:33.200,3.42,100
2020-10-13 09:39:33.500,3.42,226600
2020-10-13 09:39:33.500,3.42,2200
2020-10-13 09:39:33.500,3.42,29200
2020-10-13 09:39:33.500,3.42,36600
2020-10-13 09:39:33.500,3.42,5400
2020-10-13 09:39:34.160,3.42,4600
2020-10-13 09:39:34.160,3.42,400
2020-10-13 09:39:34.160,3.42,5000
2020-10-13 09:39:34.160,3.42,62600
2020-10-13 09:39:34.160,3.42,500
2020-10-13 09:39:34.160,3.42,100
2020-10-13 09:39:34.160,3.42,50000
2020-10-13 09:39:34.160,3.42,1000
2020-10-13 09:39:34.160,3.42,10000
2020-10-13 09:39:34.160,3.42,1100
2020-10-13 09:39:34.160,3.42,5000
2020-10-13 09:39:34.160,3.42,3000
2020-10-13 09:39:34.160,3.42,5000
2020-10-13 09:39:34.160,3.42,10000
2020-10-13 09:39:34.160,3.42,300
2020-10-13 09:39:34.160,3.42,5000
2020-10-13 09:39:34.160,3.42,10000
2020-10-13 09:39:34.160,3.42,1000
2020-10-13 09:39:34.160,3.42,5000
2020-10-13 09:39:34.160,3.42,500
2020-10-13 09:39:34.160,3.42,1100
2020-10-13 09:39:34.160,3.42,18800
2020-10-13 09:39:35.290,3.42,1000
2020-10-13 09:39:35.460,3.421,10000
2020-10-13 09:39:35.460,3.421,1000
2020-10-13 09:39:35.460,3.421,1600
2020-10-13 09:39:35.460,3.421,2000
2020-10-13 09:39:35.460,3.421,225600
2020-10-13 09:39:35.460,3.421,200
2020-10-13 09:39:35.460,3.421,700
2020-10-13 09:39:36.090,3.421,300000
2020-10-13 09:39:36.510,3.421,358900
2020-10-13 09:39:36.510,3.42,641100
2020-10-13 09:39:36.540,3.42,239100
2020-10-13 09:39:36.540,3.42,1000
2020-10-13 09:39:36.540,3.42,33500
2020-10-13 09:39:36.540,3.42,5000
2020-10-13 09:39:37.260,3.42,1500
2020-10-13 09:39:37.590,3.42,5000
2020-10-13 09:39:38.140,3.42,6000
2020-10-13 09:39:38.230,3.42,8900
2020-10-13 09:39:38.230,3.42,9500
2020-10-13 09:39:38.230,3.42,42600
2020-10-13 09:39:38.670,3.42,1000
2020-10-13 09:39:39.450,3.42,300
2020-10-13 09:39:39.450,3.419,1000
2020-10-13 09:39:39.450,3.419,10000
2020-10-13 09:39:39.450,3.419,6400
2020-10-13 09:39:39.450,3.419,30000
2020-10-13 09:39:39.450,3.419,100
2020-10-13 09:39:39.450,3.419,10000
2020-10-13 09:39:39.450,3.419,5000
2020-10-13 09:39:39.450,3.419,900
2020-10-13 09:39:39.450,3.419,2000
2020-10-13 09:39:39.450,3.419,5000
2020-10-13 09:39:39.450,3.419,9900
2020-10-13 09:39:39.450,3.419,3000
2020-10-13 09:39:39.450,3.419,3000
2020-10-13 09:39:39.450,3.419,1000
2020-10-13 09:39:39.450,3.419,10000
2020-10-13 09:39:39.450,3.419,2000
2020-10-13 09:39:39.450,3.419,50000
2020-10-13 09:39:39.450,3.419,50000
2020-10-13 09:39:41.020,3.419,1000
2020-10-13 09:39:41.320,3.419,100
2020-10-13 09:39:42.820,3.419,99600
2020-10-13 09:39:43.740,3.42,90000
2020-10-13 09:39:44.370,3.42,10000
2020-10-13 09:39:46.050,3.42,300
2020-10-13 09:39:48.060,3.419,2700
2020-10-13 09:39:48.510,3.42,155800
2020-10-13 09:39:48.510,3.42,100
2020-10-13 09:39:48.510,3.42,10000
2020-10-13 09:39:48.510,3.42,30000
2020-10-13 09:39:48.510,3.42,1000
2020-10-13 09:39:48.510,3.42,5000
2020-10-13 09:39:48.510,3.42,1000
2020-10-13 09:39:48.510,3.42,5000
2020-10-13 09:39:48.510,3.42,2600
2020-10-13 09:39:48.510,3.42,500
2020-10-13 09:39:49.350,3.42,10000
2020-10-13 09:39:49.520,3.42,1400
2020-10-13 09:39:49.580,3.42,200
2020-10-13 09:39:50.570,3.42,700
2020-10-13 09:39:50.980,3.42,1000
2020-10-13 09:39:51.140,3.42,3400
2020-10-13 09:39:52.360,3.42,2000
2020-10-13 09:39:52.420,3.42,4000
2020-10-13 09:39:52.930,3.42,10000
2020-10-13 09:39:53.160,3.42,5900
2020-10-13 09:39:54.100,3.42,100
2020-10-13 09:39:55.230,3.421,10000
2020-10-13 09:39:55.950,3.421,2000
2020-10-13 09:39:57.130,3.421,100
2020-10-13 09:39:57.190,3.42,100
2020-10-13 09:39:57.380,3.42,500
2020-10-13 09:39:58.630,3.421,5000
2020-10-13 09:39:58.660,3.421,282900
2020-10-13 09:39:58.660,3.421,300000
2020-10-13 09:39:58.660,3.421,301500
2020-10-13 09:39:58.660,3.421,15600
2020-10-13 09:39:58.720,3.421,284600
2020-10-13 09:39:58.720,3.421,300000
2020-10-13 09:39:58.720,3.421,300000
2020-10-13 09:39:58.720,3.421,15400
2020-10-13 09:39:58.720,3.42,2000
2020-10-13 09:39:59.680,3.42,30000
2020-10-13 09:40:00.080,3.421,10200
2020-10-13 09:40:00.170,3.421,274400
2020-10-13 09:40:00.170,3.421,2000
2020-10-13 09:40:00.350,3.421,13000
2020-10-13 09:40:00.380,3.421,25000
2020-10-13 09:40:01.430,3.421,26500
2020-10-13 09:40:01.830,3.421,20000
2020-10-13 09:40:01.980,3.421,3100
2020-10-13 09:40:02.000,3.421,2000
2020-10-13 09:40:02.030,3.421,300000
2020-10-13 09:40:02.360,3.421,100
2020-10-13 09:40:02.870,3.421,100000
2020-10-13 09:40:03.170,3.421,131200
2020-10-13 09:40:03.170,3.421,168800
2020-10-13 09:40:03.590,3.421,300000
2020-10-13 09:40:04.650,3.421,1200
2020-10-13 09:40:05.840,3.421,5000
2020-10-13 09:40:06.070,3.421,2000
2020-10-13 09:40:06.450,3.421,1100
2020-10-13 09:40:07.390,3.421,100
2020-10-13 09:40:07.630,3.421,1500
2020-10-13 09:40:07.920,3.422,65000
2020-10-13 09:40:09.790,3.422,1000
2020-10-13 09:40:10.930,3.421,5000
2020-10-13 09:40:11.050,3.421,3500
2020-10-13 09:40:12.610,3.421,400
2020-10-13 09:40:12.820,3.422,5000
2020-10-13 09:40:12.820,3.422,198900
2020-10-13 09:40:12.820,3.422,2600
2020-10-13 09:40:12.820,3.422,1200
2020-10-13 09:40:12.820,3.422,10000
2020-10-13 09:40:12.820,3.422,1000
2020-10-13 09:40:12.820,3.422,400
2020-10-13 09:40:12.820,3.422,65300
2020-10-13 09:40:12.820,3.422,5000
2020-10-13 09:40:12.820,3.422,5700
2020-10-13 09:40:12.820,3.422,500
2020-10-13 09:40:12.820,3.422,1000
2020-10-13 09:40:12.820,3.422,400
2020-10-13 09:40:12.820,3.422,700
2020-10-13 09:40:13.440,3.422,6600
2020-10-13 09:40:13.500,3.422,3400
2020-10-13 09:40:13.580,3.422,60300
2020-10-13 09:40:13.580,3.422,115700
2020-10-13 09:40:14.150,3.422,3800
2020-10-13 09:40:14.950,3.422,2000
2020-10-13 09:40:16.060,3.422,60000
2020-10-13 09:40:16.930,3.422,800
2020-10-13 09:40:17.030,3.422,5000
2020-10-13 09:40:17.600,3.422,4000
2020-10-13 09:40:17.660,3.422,1100
2020-10-13 09:40:19.280,3.422,1000
2020-10-13 09:40:20.350,3.423,10000
2020-10-13 09:40:20.350,3.423,400
2020-10-13 09:40:20.350,3.423,8200
2020-10-13 09:40:20.350,3.423,7200
2020-10-13 09:40:20.350,3.423,900
2020-10-13 09:40:20.350,3.423,30000
2020-10-13 09:40:20.350,3.423,1000
2020-10-13 09:40:20.350,3.423,20000
2020-10-13 09:40:20.440,3.423,100
2020-10-13 09:40:20.680,3.423,900
2020-10-13 09:40:21.210,3.423,10000
2020-10-13 09:40:21.240,3.423,400
2020-10-13 09:40:21.460,3.423,8000
2020-10-13 09:40:21.760,3.423,282000
2020-10-13 09:40:21.950,3.423,300
2020-10-13 09:40:22.060,3.423,39000
2020-10-13 09:40:22.870,3.423,71000
2020-10-13 09:40:23.510,3.423,300000
2020-10-13 09:40:24.110,3.423,110600
2020-10-13 09:40:24.110,3.423,189400
2020-10-13 09:40:25.300,3.423,100
2020-10-13 09:40:27.040,3.423,300
2020-10-13 09:40:27.190,3.423,20000
2020-10-13 09:40:27.430,3.424,337300
2020-10-13 09:40:27.430,3.424,5000
2020-10-13 09:40:27.430,3.424,4000
2020-10-13 09:40:27.430,3.424,5000
2020-10-13 09:40:27.430,3.424,800
2020-10-13 09:40:27.430,3.424,100
2020-10-13 09:40:27.430,3.424,4500
2020-10-13 09:40:27.430,3.424,1500
2020-10-13 09:40:27.430,3.424,300
2020-10-13 09:40:27.430,3.424,10000
2020-10-13 09:40:27.430,3.424,30000
2020-10-13 09:40:27.430,3.424,300100
2020-10-13 09:40:27.430,3.424,20000
2020-10-13 09:40:27.430,3.424,181400
2020-10-13 09:40:27.640,3.424,3000
2020-10-13 09:40:28.560,3.424,15000
2020-10-13 09:40:30.550,3.424,38000
2020-10-13 09:40:31.510,3.424,26500
2020-10-13 09:40:32.150,3.425,1500
2020-10-13 09:40:32.150,3.425,500
2020-10-13 09:40:32.520,3.424,3000
2020-10-13 09:40:33.530,3.424,4000
2020-10-13 09:40:33.590,3.424,20000
2020-10-13 09:40:34.210,3.424,5000
2020-10-13 09:40:34.610,3.424,298500
2020-10-13 09:40:34.610,3.424,1500
2020-10-13 09:40:34.680,3.424,690
2020-10-13 09:40:34.710,3.424,2810
2020-10-13 09:40:34.710,3.424,297190
2020-10-13 09:40:35.250,3.424,5000
2020-10-13 09:40:35.250,3.424,15000
2020-10-13 09:40:35.490,3.425,13600
2020-10-13 09:40:35.490,3.425,14200
2020-10-13 09:40:35.490,3.425,200
2020-10-13 09:40:35.490,3.425,500
2020-10-13 09:40:35.490,3.425,2400
2020-10-13 09:40:35.570,3.425,100
2020-10-13 09:40:35.690,3.425,27500
2020-10-13 09:40:35.690,3.425,1200
2020-10-13 09:40:35.690,3.425,500
2020-10-13 09:40:35.690,3.425,800
2020-10-13 09:40:35.690,3.424,300200
2020-10-13 09:40:35.750,3.424,300000
2020-10-13 09:40:35.990,3.424,200
2020-10-13 09:40:36.020,3.424,284600
2020-10-13 09:40:36.020,3.424,100
2020-10-13 09:40:39.990,3.424,5000
2020-10-13 09:40:40.250,3.424,10300
2020-10-13 09:40:40.250,3.424,55000
2020-10-13 09:40:40.490,3.424,10000
2020-10-13 09:40:40.490,3.424,5000
2020-10-13 09:40:41.310,3.423,16400
2020-10-13 09:40:41.700,3.424,1400
2020-10-13 09:40:43.450,3.423,4000
2020-10-13 09:40:43.570,3.424,5000
2020-10-13 09:40:44.490,3.423,600
2020-10-13 09:40:45.720,3.424,1100
2020-10-13 09:40:45.900,3.424,2000
2020-10-13 09:40:47.890,3.424,5000
2020-10-13 09:40:48.540,3.424,31100
2020-10-13 09:40:48.540,3.424,2000
2020-10-13 09:40:48.540,3.424,29300
2020-10-13 09:40:48.540,3.424,237600
2020-10-13 09:40:49.500,3.424,55900
2020-10-13 09:40:49.500,3.424,400
2020-10-13 09:40:49.500,3.424,1300
2020-10-13 09:40:49.500,3.424,700
2020-10-13 09:40:50.540,3.425,9200
2020-10-13 09:40:50.540,3.425,1000
2020-10-13 09:40:50.540,3.425,10500
2020-10-13 09:40:50.540,3.425,1000
2020-10-13 09:40:50.540,3.425,100
2020-10-13 09:40:50.540,3.425,3100
2020-10-13 09:40:50.540,3.425,600
2020-10-13 09:40:50.540,3.425,500
2020-10-13 09:40:50.600,3.425,2500
2020-10-13 09:40:50.600,3.425,7500
2020-10-13 09:40:51.570,3.424,2600
2020-10-13 09:40:52.300,3.424,15000
2020-10-13 09:40:53.840,3.424,400
2020-10-13 09:40:54.730,3.425,2500
2020-10-13 09:40:54.730,3.425,7500
2020-10-13 09:40:55.190,3.425,200
2020-10-13 09:40:55.620,3.424,1500
2020-10-13 09:40:57.580,3.425,100
2020-10-13 09:41:00.050,3.425,2000
2020-10-13 09:41:00.750,3.425,1000
2020-10-13 09:41:00.750,3.425,3300
2020-10-13 09:41:00.750,3.425,1700
2020-10-13 09:41:00.750,3.425,200
2020-10-13 09:41:00.750,3.425,3100
2020-10-13 09:41:00.750,3.425,5500
2020-10-13 09:41:00.750,3.425,14600
2020-10-13 09:41:00.750,3.425,12000
2020-10-13 09:41:00.750,3.425,100
2020-10-13 09:41:00.750,3.425,1200
2020-10-13 09:41:01.510,3.424,26600
2020-10-13 09:41:01.620,3.425,1800
2020-10-13 09:41:01.620,3.425,3200
2020-10-13 09:41:02.060,3.424,1200
2020-10-13 09:41:02.630,3.425,6800
2020-10-13 09:41:02.630,3.425,10200
2020-10-13 09:41:02.630,3.425,2000
2020-10-13 09:41:02.630,3.425,1000
2020-10-13 09:41:02.880,3.425,100
2020-10-13 09:41:02.970,3.424,2000
2020-10-13 09:41:03.420,3.425,1500
2020-10-13 09:41:03.420,3.425,7800
2020-10-13 09:41:03.420,3.425,11400
2020-10-13 09:41:04.010,3.424,3000
2020-10-13 09:41:05.310,3.425,40000
2020-10-13 09:41:06.890,3.425,46700
2020-10-13 09:41:06.970,3.425,400
2020-10-13 09:41:07.090,3.424,6400
2020-10-13 09:41:07.090,3.424,1000
2020-10-13 09:41:07.090,3.424,3900
2020-10-13 09:41:07.090,3.424,5000
2020-10-13 09:41:07.090,3.424,200
2020-10-13 09:41:07.090,3.424,3000
2020-10-13 09:41:07.090,3.424,500
2020-10-13 09:41:07.090,3.424,5000
2020-10-13 09:41:07.090,3.424,6800
2020-10-13 09:41:07.090,3.424,400
2020-10-13 09:41:07.090,3.424,300
2020-10-13 09:41:08.160,3.424,5800
2020-10-13 09:41:08.720,3.424,50000
2020-10-13 09:41:12.080,3.424,8000
2020-10-13 09:41:13.750,3.424,10000
2020-10-13 09:41:13.810,3.424,193700
2020-10-13 09:41:13.810,3.424,5000
2020-10-13 09:41:13.810,3.424,300
2020-10-13 09:41:15.090,3.425,6000
2020-10-13 09:41:17.560,3.424,4900
2020-10-13 09:41:17.920,3.424,20000
2020-10-13 09:41:18.260,3.424,2000
2020-10-13 09:41:20.400,3.424,7500
2020-10-13 09:41:22.040,3.424,3200
2020-10-13 09:41:22.100,3.424,200
2020-10-13 09:41:22.340,3.425,195500
2020-10-13 09:41:22.340,3.425,10000
2020-10-13 09:41:22.340,3.425,4000
2020-10-13 09:41:22.340,3.425,300000
2020-10-13 09:41:22.340,3.425,3000
2020-10-13 09:41:22.340,3.425,300
2020-10-13 09:41:22.340,3.425,800
2020-10-13 09:41:22.340,3.425,5000
2020-10-13 09:41:22.340,3.425,20000
2020-10-13 09:41:23.190,3.426,200
2020-10-13 09:41:23.190,3.426,300
2020-10-13 09:41:24.610,3.425,900
2020-10-13 09:41:26.190,3.425,5000
2020-10-13 09:41:26.300,3.425,7400
2020-10-13 09:41:27.250,3.425,300
2020-10-13 09:41:29.110,3.425,200
2020-10-13 09:41:29.530,3.425,800
2020-10-13 09:41:30.380,3.425,6000
2020-10-13 09:41:31.540,3.425,26500
2020-10-13 09:41:33.120,3.426,1200
2020-10-13 09:41:33.120,3.426,400
2020-10-13 09:41:33.120,3.426,1000
2020-10-13 09:41:33.120,3.426,1000
2020-10-13 09:41:33.120,3.426,3000
2020-10-13 09:41:33.120,3.426,1200
2020-10-13 09:41:33.120,3.426,400
2020-10-13 09:41:33.120,3.426,100
2020-10-13 09:41:33.120,3.426,600
2020-10-13 09:41:33.920,3.426,1900
2020-10-13 09:41:33.920,3.426,5500
2020-10-13 09:41:34.010,3.425,500
2020-10-13 09:41:34.250,3.426,2000
2020-10-13 09:41:34.810,3.426,3000
2020-10-13 09:41:35.020,3.425,300000
2020-10-13 09:41:35.990,3.426,2000
2020-10-13 09:41:36.160,3.425,3000
2020-10-13 09:41:36.190,3.425,1700
2020-10-13 09:41:36.370,3.425,9200
2020-10-13 09:41:36.370,3.425,1000
2020-10-13 09:41:36.370,3.425,100
2020-10-13 09:41:36.370,3.425,9700
2020-10-13 09:41:36.420,3.426,1000
2020-10-13 09:41:37.020,3.426,1100
2020-10-13 09:41:37.360,3.425,1000
2020-10-13 09:41:37.360,3.426,200
2020-10-13 09:41:37.580,3.426,200
2020-10-13 09:41:37.580,3.426,16800
2020-10-13 09:41:39.420,3.426,600
2020-10-13 09:41:39.850,3.425,1700
2020-10-13 09:41:39.850,3.425,1800
2020-10-13 09:41:39.850,3.425,5000
2020-10-13 09:41:39.850,3.425,300
2020-10-13 09:41:39.850,3.425,1000
2020-10-13 09:41:40.880,3.425,1000
2020-10-13 09:41:41.300,3.425,30400
2020-10-13 09:41:43.110,3.425,58800
2020-10-13 09:41:43.110,3.425,6100
2020-10-13 09:41:43.110,3.425,5000
2020-10-13 09:41:43.110,3.425,600
2020-10-13 09:41:43.110,3.425,14700
2020-10-13 09:41:43.110,3.425,13300
2020-10-13 09:41:43.610,3.425,5000
2020-10-13 09:41:44.080,3.425,3000
2020-10-13 09:41:44.410,3.425,10000
2020-10-13 09:41:44.490,3.426,19400
2020-10-13 09:41:44.490,3.426,10000
2020-10-13 09:41:44.490,3.426,262100
2020-10-13 09:41:44.980,3.425,26700
2020-10-13 09:41:45.010,3.425,3200
2020-10-13 09:41:45.040,3.426,10000
2020-10-13 09:41:45.210,3.426,1000
2020-10-13 09:41:45.500,3.425,4400
2020-10-13 09:41:45.820,3.425,20000
2020-10-13 09:41:47.040,3.426,26900
2020-10-13 09:41:47.040,3.426,5000
2020-10-13 09:41:47.040,3.426,38100
2020-10-13 09:41:47.840,3.425,8200
2020-10-13 09:41:49.320,3.426,2800
2020-10-13 09:41:50.340,3.426,500
2020-10-13 09:41:50.920,3.425,300000
2020-10-13 09:41:51.240,3.426,12700
2020-10-13 09:41:51.690,3.425,121000
2020-10-13 09:41:51.690,3.425,179000
2020-10-13 09:41:52.360,3.426,5000
2020-10-13 09:41:52.740,3.426,100
2020-10-13 09:41:56.640,3.425,200
2020-10-13 09:41:59.590,3.425,200
2020-10-13 09:42:00.160,3.426,3000
2020-10-13 09:42:00.580,3.426,14500
2020-10-13 09:42:01.490,3.425,26500
2020-10-13 09:42:02.780,3.426,3000
2020-10-13 09:42:03.250,3.425,2500
2020-10-13 09:42:03.630,3.425,29200
2020-10-13 09:42:04.180,3.426,220300
2020-10-13 09:42:04.180,3.426,48300
2020-10-13 09:42:04.180,3.426,300000
2020-10-13 09:42:04.180,3.426,14000
2020-10-13 09:42:04.180,3.426,900
2020-10-13 09:42:04.180,3.426,2800
2020-10-13 09:42:04.180,3.426,800
2020-10-13 09:42:04.180,3.426,300000
2020-10-13 09:42:04.180,3.427,1000
2020-10-13 09:42:04.180,3.427,600
2020-10-13 09:42:04.180,3.427,500
2020-10-13 09:42:04.180,3.427,1000
2020-10-13 09:42:04.180,3.427,7000
2020-10-13 09:42:04.420,3.426,12900
2020-10-13 09:42:04.420,3.425,287100
2020-10-13 09:42:04.600,3.426,1700
2020-10-13 09:42:04.600,3.425,298300
2020-10-13 09:42:04.660,3.425,77000
2020-10-13 09:42:04.660,3.425,9000
2020-10-13 09:42:04.660,3.425,10000
2020-10-13 09:42:04.660,3.425,1800
2020-10-13 09:42:04.660,3.425,1100
2020-10-13 09:42:04.660,3.425,1000
2020-10-13 09:42:04.660,3.425,59000
2020-10-13 09:42:04.660,3.425,3700
2020-10-13 09:42:04.660,3.425,13600
2020-10-13 09:42:04.660,3.425,1000
2020-10-13 09:42:04.660,3.425,20000
2020-10-13 09:42:04.660,3.425,102800
2020-10-13 09:42:04.900,3.425,300000
2020-10-13 09:42:05.240,3.425,294500
2020-10-13 09:42:05.610,3.426,20000
2020-10-13 09:42:05.860,3.427,100
2020-10-13 09:42:10.150,3.426,3300
2020-10-13 09:42:10.150,3.426,1500
2020-10-13 09:42:10.150,3.426,7200
2020-10-13 09:42:10.150,3.426,1400
2020-10-13 09:42:10.150,3.426,3000
2020-10-13 09:42:10.150,3.425,3600
2020-10-13 09:42:11.320,3.426,1000
2020-10-13 09:42:12.660,3.426,500
2020-10-13 09:42:13.030,3.426,10000
2020-10-13 09:42:13.060,3.426,10700
2020-10-13 09:42:13.600,3.426,1100
2020-10-13 09:42:13.880,3.425,1500
2020-10-13 09:42:14.790,3.426,5000
2020-10-13 09:42:16.160,3.426,2100
2020-10-13 09:42:16.780,3.426,63200
2020-10-13 09:42:17.180,3.426,3000
2020-10-13 09:42:17.300,3.426,300
2020-10-13 09:42:19.700,3.425,800
2020-10-13 09:42:19.920,3.426,5000
2020-10-13 09:42:19.950,3.426,198100
2020-10-13 09:42:19.950,3.426,6700
2020-10-13 09:42:19.950,3.426,700
2020-10-13 09:42:21.400,3.426,500
2020-10-13 09:42:22.040,3.427,500
2020-10-13 09:42:25.850,3.426,300
2020-10-13 09:42:26.040,3.427,300
2020-10-13 09:42:28.420,3.427,2000
2020-10-13 09:42:28.570,3.427,100
2020-10-13 09:42:28.570,3.427,3500
2020-10-13 09:42:30.250,3.427,7600
2020-10-13 09:42:30.250,3.427,3200
2020-10-13 09:42:30.250,3.427,100
2020-10-13 09:42:30.250,3.427,20000
2020-10-13 09:42:30.250,3.427,7800
2020-10-13 09:42:30.280,3.427,100
2020-10-13 09:42:31.560,3.426,26500
2020-10-13 09:42:32.620,3.427,2000
2020-10-13 09:42:34.590,3.426,100
2020-10-13 09:42:35.410,3.427,3000
2020-10-13 09:42:37.880,3.427,10100
2020-10-13 09:42:37.880,3.427,9900
2020-10-13 09:42:38.350,3.427,16700
2020-10-13 09:42:39.300,3.427,300
2020-10-13 09:42:40.700,3.427,2000
2020-10-13 09:42:40.820,3.426,500
2020-10-13 09:42:42.370,3.427,100
2020-10-13 09:42:44.340,3.426,500
2020-10-13 09:42:44.680,3.426,3000
2020-10-13 09:42:44.920,3.426,100
2020-10-13 09:42:45.630,3.427,500
2020-10-13 09:42:46.940,3.426,63000
2020-10-13 09:42:46.940,3.426,4100
2020-10-13 09:42:46.940,3.426,200
2020-10-13 09:42:46.940,3.426,500
2020-10-13 09:42:46.940,3.426,3000
2020-10-13 09:42:46.940,3.426,200
2020-10-13 09:42:46.940,3.426,2900
2020-10-13 09:42:46.940,3.426,500
2020-10-13 09:42:46.940,3.426,2000
2020-10-13 09:42:46.940,3.426,3000
2020-10-13 09:42:47.030,3.425,196800
2020-10-13 09:42:47.030,3.425,3000
2020-10-13 09:42:47.030,3.425,300
