Datetime,Price,Volume
2020-09-18 09:25:00.070,3.316,1800
2020-09-18 09:25:00.070,3.316,1600
2020-09-18 09:25:00.070,3.316,2000
2020-09-18 09:25:00.070,3.316,8700
2020-09-18 09:25:00.070,3.316,1300
2020-09-18 09:25:00.070,3.316,1000
2020-09-18 09:25:00.070,3.316,500
2020-09-18 09:25:00.070,3.316,2800
2020-09-18 09:25:00.070,3.316,7200
2020-09-18 09:25:00.070,3.316,20000
2020-09-18 09:25:00.070,3.316,20000
2020-09-18 09:25:00.070,3.316,14
2020-09-18 09:25:00.070,3.316,20000
2020-09-18 09:25:00.070,3.316,5900
2020-09-18 09:25:00.070,3.316,2100
2020-09-18 09:25:00.070,3.316,6000
2020-09-18 09:25:00.070,3.316,100
2020-09-18 09:25:00.070,3.316,13100
2020-09-18 09:25:00.070,3.316,100
2020-09-18 09:25:00.070,3.316,200
2020-09-18 09:25:00.070,3.316,22800
2020-09-18 09:25:00.070,3.316,1000
2020-09-18 09:25:00.070,3.316,100
2020-09-18 09:25:00.070,3.316,1386
2020-09-18 09:25:00.070,3.316,914
2020-09-18 09:25:00.070,3.316,1000
2020-09-18 09:25:00.070,3.316,800
2020-09-18 09:25:00.070,3.316,6200
2020-09-18 09:25:00.070,3.316,500
2020-09-18 09:25:00.070,3.316,300
2020-09-18 09:25:00.070,3.316,10000
2020-09-18 09:25:00.070,3.316,16286
2020-09-18 09:25:00.070,3.316,14814
2020-09-18 09:25:00.070,3.316,135186
2020-09-18 09:25:00.070,3.316,49714
2020-09-18 09:25:00.070,3.316,6000
2020-09-18 09:25:00.070,3.316,4286
2020-09-18 09:25:00.070,3.316,4414
2020-09-18 09:25:00.070,3.316,2000
2020-09-18 09:25:00.070,3.316,2400
2020-09-18 09:25:00.070,3.316,100
2020-09-18 09:25:00.070,3.316,51086
2020-09-18 09:25:00.070,3.316,27314
2020-09-18 09:25:00.070,3.316,2400
2020-09-18 09:25:00.070,3.316,2000
2020-09-18 09:25:00.070,3.316,11900
2020-09-18 09:25:00.070,3.316,500
2020-09-18 09:25:00.070,3.316,4100
2020-09-18 09:25:00.070,3.316,100
2020-09-18 09:25:00.070,3.316,300
2020-09-18 09:25:00.070,3.316,9000
2020-09-18 09:25:00.070,3.316,3386
2020-09-18 09:25:00.070,3.316,30014
2020-09-18 09:25:00.070,3.316,900
2020-09-18 09:25:00.070,3.316,24700
2020-09-18 09:25:00.070,3.316,386
2020-09-18 09:25:00.070,3.316,500
2020-09-18 09:25:00.070,3.316,100
2020-09-18 09:25:00.070,3.316,914
2020-09-18 09:25:00.070,3.316,32200
2020-09-18 09:25:00.070,3.316,1286
2020-09-18 09:25:00.070,3.316,9714
2020-09-18 09:25:00.070,3.316,300
2020-09-18 09:25:00.070,3.316,9986
2020-09-18 09:25:00.070,3.316,400
2020-09-18 09:25:00.070,3.316,5800
2020-09-18 09:25:00.070,3.316,9514
2020-09-18 09:25:00.070,3.316,486
2020-09-18 09:25:00.070,3.316,1514
2020-09-18 09:25:00.070,3.316,98
2020-09-18 09:25:00.070,3.316,6388
2020-09-18 09:25:00.070,3.316,10712
2020-09-18 09:25:00.070,3.316,400
2020-09-18 09:25:00.070,3.316,3888
2020-09-18 09:25:00.070,3.316,2000
2020-09-18 09:25:00.070,3.316,1112
2020-09-18 09:25:00.070,3.316,33588
2020-09-18 09:25:00.070,3.316,300000
2020-09-18 09:25:00.070,3.316,500
2020-09-18 09:25:00.070,3.316,7000
2020-09-18 09:25:00.070,3.316,300
2020-09-18 09:30:00.080,3.315,2600
2020-09-18 09:30:00.080,3.315,1500
2020-09-18 09:30:00.080,3.315,100
2020-09-18 09:30:00.080,3.315,3000
2020-09-18 09:30:00.460,3.314,100
2020-09-18 09:30:00.460,3.314,1100
2020-09-18 09:30:00.460,3.314,200
2020-09-18 09:30:00.460,3.314,200
2020-09-18 09:30:00.500,3.315,8000
2020-09-18 09:30:00.550,3.315,7000
2020-09-18 09:30:00.550,3.315,700
2020-09-18 09:30:00.600,3.314,100
2020-09-18 09:30:00.600,3.315,9600
2020-09-18 09:30:00.640,3.315,100
2020-09-18 09:30:00.780,3.315,100
2020-09-18 09:30:00.980,3.314,100
2020-09-18 09:30:00.980,3.314,2500
2020-09-18 09:30:01.060,3.315,3400
2020-09-18 09:30:01.060,3.315,100
2020-09-18 09:30:01.060,3.315,1200
2020-09-18 09:30:01.120,3.315,46700
2020-09-18 09:30:01.520,3.315,1000
2020-09-18 09:30:01.550,3.315,2000
2020-09-18 09:30:01.590,3.315,100
2020-09-18 09:30:01.590,3.315,147600
2020-09-18 09:30:01.590,3.315,1300
2020-09-18 09:30:01.670,3.315,800
2020-09-18 09:30:01.800,3.315,7900
2020-09-18 09:30:01.800,3.315,15000
2020-09-18 09:30:01.800,3.315,3200
2020-09-18 09:30:01.800,3.315,2900
2020-09-18 09:30:01.800,3.315,300
2020-09-18 09:30:01.800,3.315,700
2020-09-18 09:30:01.930,3.315,2000
2020-09-18 09:30:02.090,3.315,800
2020-09-18 09:30:02.090,3.315,1700
2020-09-18 09:30:02.090,3.315,3300
2020-09-18 09:30:02.090,3.315,7900
2020-09-18 09:30:02.090,3.315,6300
2020-09-18 09:30:02.510,3.315,500
2020-09-18 09:30:02.630,3.314,500
2020-09-18 09:30:02.630,3.314,800
2020-09-18 09:30:02.630,3.314,100
2020-09-18 09:30:02.630,3.314,100
2020-09-18 09:30:02.630,3.314,200
2020-09-18 09:30:02.630,3.314,100
2020-09-18 09:30:02.630,3.314,1200
2020-09-18 09:30:02.630,3.314,300
2020-09-18 09:30:02.630,3.314,400
2020-09-18 09:30:02.630,3.314,200
2020-09-18 09:30:02.630,3.314,200
2020-09-18 09:30:02.630,3.314,700
2020-09-18 09:30:02.630,3.314,1000
2020-09-18 09:30:02.630,3.314,5000
2020-09-18 09:30:02.630,3.314,100
2020-09-18 09:30:02.630,3.314,300
2020-09-18 09:30:02.630,3.314,1000
2020-09-18 09:30:02.630,3.314,300
2020-09-18 09:30:02.630,3.314,5000
2020-09-18 09:30:02.630,3.314,37000
2020-09-18 09:30:02.630,3.314,8000
2020-09-18 09:30:02.630,3.314,500
2020-09-18 09:30:02.630,3.314,100
2020-09-18 09:30:02.630,3.314,100
2020-09-18 09:30:02.630,3.314,200
2020-09-18 09:30:02.630,3.314,2600
2020-09-18 09:30:02.630,3.314,2400
2020-09-18 09:30:02.630,3.314,2600
2020-09-18 09:30:02.630,3.314,2400
2020-09-18 09:30:02.630,3.314,1200
2020-09-18 09:30:02.630,3.314,100
2020-09-18 09:30:02.630,3.314,100
2020-09-18 09:30:02.630,3.314,3200
2020-09-18 09:30:02.630,3.314,59700
2020-09-18 09:30:02.770,3.315,3200
2020-09-18 09:30:02.770,3.315,1800
2020-09-18 09:30:02.970,3.314,400
2020-09-18 09:30:03.050,3.315,5000
2020-09-18 09:30:03.230,3.315,900
2020-09-18 09:30:03.230,3.315,200
2020-09-18 09:30:03.230,3.316,38012
2020-09-18 09:30:03.230,3.316,3500
2020-09-18 09:30:03.230,3.316,9600
2020-09-18 09:30:03.230,3.316,7100
2020-09-18 09:30:03.440,3.316,9000
2020-09-18 09:30:03.530,3.317,1000
2020-09-18 09:30:03.580,3.316,1400
2020-09-18 09:30:03.580,3.316,7000
2020-09-18 09:30:04.080,3.317,4100
2020-09-18 09:30:04.080,3.317,500
2020-09-18 09:30:04.080,3.317,28800
2020-09-18 09:30:04.150,3.318,100
2020-09-18 09:30:04.150,3.318,100
2020-09-18 09:30:04.150,3.318,7000
2020-09-18 09:30:04.150,3.318,12800
2020-09-18 09:30:04.150,3.318,20000
2020-09-18 09:30:04.340,3.317,13500
2020-09-18 09:30:04.610,3.317,100
2020-09-18 09:30:05.460,3.317,20000
2020-09-18 09:30:05.570,3.318,2100
2020-09-18 09:30:05.570,3.318,30000
2020-09-18 09:30:05.570,3.318,7500
2020-09-18 09:30:05.570,3.318,16200
2020-09-18 09:30:05.570,3.318,100000
2020-09-18 09:30:05.570,3.318,100000
2020-09-18 09:30:05.760,3.318,20500
2020-09-18 09:30:06.240,3.318,6000
2020-09-18 09:30:06.940,3.318,17700
2020-09-18 09:30:06.940,3.318,300
2020-09-18 09:30:07.440,3.318,32200
2020-09-18 09:30:07.610,3.319,10000
2020-09-18 09:30:07.610,3.319,200000
2020-09-18 09:30:07.610,3.319,7000
2020-09-18 09:30:07.610,3.319,9000
2020-09-18 09:30:07.610,3.319,100
2020-09-18 09:30:07.610,3.319,2000
2020-09-18 09:30:07.610,3.319,50000
2020-09-18 09:30:07.610,3.319,5000
2020-09-18 09:30:07.610,3.319,16900
2020-09-18 09:30:08.980,3.319,172800
2020-09-18 09:30:08.980,3.32,25700
2020-09-18 09:30:08.980,3.32,200
2020-09-18 09:30:08.980,3.32,100
2020-09-18 09:30:08.980,3.32,200
2020-09-18 09:30:08.980,3.32,10000
2020-09-18 09:30:08.980,3.32,4700
2020-09-18 09:30:08.980,3.32,7000
2020-09-18 09:30:08.980,3.32,7000
2020-09-18 09:30:08.980,3.32,200
2020-09-18 09:30:08.980,3.32,53400
2020-09-18 09:30:08.980,3.32,1900
2020-09-18 09:30:08.980,3.32,1000
2020-09-18 09:30:08.980,3.32,2000
2020-09-18 09:30:08.980,3.32,3000
2020-09-18 09:30:08.980,3.32,2500
2020-09-18 09:30:08.980,3.32,8300
2020-09-18 09:30:08.980,3.32,1700
2020-09-18 09:30:08.980,3.32,20000
2020-09-18 09:30:08.980,3.32,18300
2020-09-18 09:30:09.580,3.32,11700
2020-09-18 09:30:09.580,3.321,700
2020-09-18 09:30:09.580,3.321,100
2020-09-18 09:30:09.580,3.321,7500
2020-09-18 09:30:09.580,3.321,2500
2020-09-18 09:30:09.580,3.321,7000
2020-09-18 09:30:09.580,3.321,10000
2020-09-18 09:30:09.580,3.321,5000
2020-09-18 09:30:09.580,3.321,5100
2020-09-18 09:30:09.580,3.321,100
2020-09-18 09:30:09.580,3.321,10300
2020-09-18 09:30:09.580,3.321,40000
2020-09-18 09:30:10.110,3.321,20000
2020-09-18 09:30:10.380,3.32,400
2020-09-18 09:30:10.470,3.321,29700
2020-09-18 09:30:10.470,3.321,100000
2020-09-18 09:30:10.470,3.322,3100
2020-09-18 09:30:10.470,3.322,1000
2020-09-18 09:30:10.470,3.322,10000
2020-09-18 09:30:10.470,3.322,7000
2020-09-18 09:30:10.470,3.322,14800
2020-09-18 09:30:10.470,3.322,10000
2020-09-18 09:30:10.470,3.322,30000
2020-09-18 09:30:10.470,3.322,88000
2020-09-18 09:30:10.470,3.322,1000
2020-09-18 09:30:10.470,3.323,2900
2020-09-18 09:30:10.470,3.323,1000
2020-09-18 09:30:10.470,3.323,1500
2020-09-18 09:30:10.540,3.32,12300
2020-09-18 09:30:10.900,3.32,1800
2020-09-18 09:30:11.530,3.323,6800
2020-09-18 09:30:11.530,3.323,100
2020-09-18 09:30:11.530,3.323,7000
2020-09-18 09:30:11.530,3.323,26100
2020-09-18 09:30:11.870,3.322,20000
2020-09-18 09:30:11.870,3.322,6200
2020-09-18 09:30:13.510,3.319,40000
2020-09-18 09:30:14.340,3.319,2700
2020-09-18 09:30:14.460,3.32,40700
2020-09-18 09:30:14.510,3.32,40000
2020-09-18 09:30:14.510,3.32,40000
2020-09-18 09:30:14.510,3.32,20000
2020-09-18 09:30:14.510,3.32,20000
2020-09-18 09:30:14.510,3.32,27800
2020-09-18 09:30:14.550,3.32,30000
2020-09-18 09:30:14.550,3.32,30000
2020-09-18 09:30:14.550,3.32,30000
2020-09-18 09:30:15.040,3.32,21500
2020-09-18 09:30:15.040,3.323,8500
2020-09-18 09:30:15.540,3.322,2600
2020-09-18 09:30:15.630,3.322,2400
2020-09-18 09:30:15.670,3.322,25000
2020-09-18 09:30:15.670,3.319,10000
2020-09-18 09:30:16.090,3.32,5000
2020-09-18 09:30:16.090,3.322,11300
2020-09-18 09:30:16.090,3.323,265400
2020-09-18 09:30:16.090,3.324,200
2020-09-18 09:30:16.090,3.324,10000
2020-09-18 09:30:16.090,3.324,1000
2020-09-18 09:30:16.090,3.324,7100
2020-09-18 09:30:16.660,3.324,2900
2020-09-18 09:30:16.660,3.324,10000
2020-09-18 09:30:16.660,3.324,7000
2020-09-18 09:30:16.660,3.324,100000
2020-09-18 09:30:16.660,3.324,100000
2020-09-18 09:30:16.660,3.324,100
2020-09-18 09:30:16.660,3.325,100
2020-09-18 09:30:16.660,3.325,100
2020-09-18 09:30:16.660,3.325,1000
2020-09-18 09:30:16.660,3.325,10000
2020-09-18 09:30:16.660,3.325,10000
2020-09-18 09:30:16.660,3.325,7000
2020-09-18 09:30:16.660,3.325,10000
2020-09-18 09:30:16.660,3.325,12000
2020-09-18 09:30:16.660,3.325,100
2020-09-18 09:30:16.660,3.325,500
2020-09-18 09:30:16.660,3.325,300
2020-09-18 09:30:16.660,3.326,2000
2020-09-18 09:30:16.660,3.326,11000
2020-09-18 09:30:16.660,3.326,1000
2020-09-18 09:30:16.660,3.326,10000
2020-09-18 09:30:16.660,3.326,100
2020-09-18 09:30:16.660,3.326,4800
2020-09-18 09:30:17.910,3.325,20000
2020-09-18 09:30:17.910,3.325,20000
2020-09-18 09:30:17.910,3.324,20000
2020-09-18 09:30:17.910,3.323,20000
2020-09-18 09:30:18.070,3.321,20000
2020-09-18 09:30:18.140,3.321,239000
2020-09-18 09:30:18.520,3.325,1000
2020-09-18 09:30:19.340,3.325,10000
2020-09-18 09:30:20.390,3.326,2200
2020-09-18 09:30:20.390,3.326,4400
2020-09-18 09:30:21.010,3.326,20000
2020-09-18 09:30:21.400,3.326,20000
2020-09-18 09:30:21.490,3.326,20000
2020-09-18 09:30:22.550,3.326,19300
2020-09-18 09:30:22.550,3.325,500
2020-09-18 09:30:23.030,3.326,20000
2020-09-18 09:30:23.030,3.326,20000
2020-09-18 09:30:23.030,3.326,20000
2020-09-18 09:30:23.060,3.326,20000
2020-09-18 09:30:23.060,3.326,20000
2020-09-18 09:30:23.440,3.326,20000
2020-09-18 09:30:23.840,3.326,10000
2020-09-18 09:30:23.890,3.325,5200
2020-09-18 09:30:24.410,3.325,39300
2020-09-18 09:30:24.870,3.325,20000
2020-09-18 09:30:24.870,3.325,10000
2020-09-18 09:30:26.080,3.326,20000
2020-09-18 09:30:26.520,3.325,200
2020-09-18 09:30:26.600,3.325,19800
2020-09-18 09:30:26.600,3.324,400
2020-09-18 09:30:26.600,3.324,82500
2020-09-18 09:30:27.450,3.325,1000
2020-09-18 09:30:27.930,3.326,20000
2020-09-18 09:30:28.070,3.326,46300
2020-09-18 09:30:28.070,3.326,500
2020-09-18 09:30:28.070,3.326,200
2020-09-18 09:30:28.070,3.326,9000
2020-09-18 09:30:28.070,3.326,1000
2020-09-18 09:30:29.270,3.326,7200
2020-09-18 09:30:29.510,3.326,500
2020-09-18 09:30:29.770,3.326,3000
2020-09-18 09:30:30.020,3.327,5100
2020-09-18 09:30:30.020,3.327,5100
2020-09-18 09:30:30.020,3.327,5100
2020-09-18 09:30:30.020,3.327,5100
2020-09-18 09:30:30.020,3.327,5000
2020-09-18 09:30:30.020,3.327,1000
2020-09-18 09:30:30.020,3.327,10000
2020-09-18 09:30:30.020,3.327,10000
2020-09-18 09:30:30.020,3.327,7000
2020-09-18 09:30:30.020,3.327,5000
2020-09-18 09:30:30.020,3.327,100000
2020-09-18 09:30:30.020,3.327,2000
2020-09-18 09:30:30.020,3.327,30000
2020-09-18 09:30:30.020,3.327,100000
2020-09-18 09:30:30.020,3.328,9600
2020-09-18 09:30:30.140,3.328,400
2020-09-18 09:30:30.140,3.328,200
2020-09-18 09:30:30.140,3.328,39400
2020-09-18 09:30:30.240,3.327,20000
2020-09-18 09:30:30.240,3.327,30000
2020-09-18 09:30:32.110,3.327,10000
2020-09-18 09:30:32.110,3.327,300
2020-09-18 09:30:32.110,3.326,4700
2020-09-18 09:30:32.440,3.326,30000
2020-09-18 09:30:32.680,3.326,200
2020-09-18 09:30:32.820,3.326,10000
2020-09-18 09:30:33.050,3.328,10600
2020-09-18 09:30:33.050,3.328,29400
2020-09-18 09:30:33.720,3.327,19600
2020-09-18 09:30:34.020,3.327,300
2020-09-18 09:30:35.100,3.327,20000
2020-09-18 09:30:35.720,3.327,100
2020-09-18 09:30:35.720,3.327,29900
2020-09-18 09:30:36.000,3.327,1000
2020-09-18 09:30:36.390,3.327,100
2020-09-18 09:30:37.220,3.327,2000
2020-09-18 09:30:37.820,3.327,200
2020-09-18 09:30:37.970,3.327,64400
2020-09-18 09:30:38.720,3.326,10000
2020-09-18 09:30:38.820,3.327,3300
2020-09-18 09:30:39.010,3.326,19700
2020-09-18 09:30:39.090,3.327,40000
2020-09-18 09:30:39.320,3.327,60200
2020-09-18 09:30:39.860,3.327,2000
2020-09-18 09:30:39.930,3.327,19800
2020-09-18 09:30:39.930,3.327,11200
2020-09-18 09:30:41.570,3.327,18800
2020-09-18 09:30:41.570,3.327,800
2020-09-18 09:30:41.570,3.327,3000
2020-09-18 09:30:41.570,3.327,20000
2020-09-18 09:30:41.570,3.327,100
2020-09-18 09:30:41.570,3.327,17500
2020-09-18 09:30:43.350,3.326,5000
2020-09-18 09:30:43.720,3.327,9000
2020-09-18 09:30:44.830,3.326,8000
2020-09-18 09:30:45.110,3.326,3000
2020-09-18 09:30:46.150,3.327,4000
2020-09-18 09:30:46.150,3.327,8100
2020-09-18 09:30:46.210,3.326,101700
2020-09-18 09:30:46.700,3.325,500
2020-09-18 09:30:47.180,3.325,39500
2020-09-18 09:30:47.180,3.325,100
2020-09-18 09:30:48.090,3.324,20600
2020-09-18 09:30:48.180,3.324,2800
2020-09-18 09:30:48.360,3.325,40000
2020-09-18 09:30:48.360,3.325,40000
2020-09-18 09:30:48.360,3.325,30000
2020-09-18 09:30:48.360,3.325,50000
2020-09-18 09:30:48.360,3.325,30000
2020-09-18 09:30:48.480,3.325,1400
2020-09-18 09:30:49.400,3.325,69000
2020-09-18 09:30:49.400,3.326,300
2020-09-18 09:30:49.400,3.326,200
2020-09-18 09:30:49.400,3.326,30000
2020-09-18 09:30:49.400,3.326,50500
2020-09-18 09:30:50.370,3.325,40000
2020-09-18 09:30:50.700,3.324,5000
2020-09-18 09:30:51.400,3.325,30000
2020-09-18 09:30:51.400,3.325,20000
2020-09-18 09:30:51.400,3.325,30000
2020-09-18 09:30:51.400,3.325,30000
2020-09-18 09:30:51.400,3.325,40000
2020-09-18 09:30:51.400,3.325,40000
2020-09-18 09:30:51.430,3.324,4000
2020-09-18 09:30:52.510,3.325,10000
2020-09-18 09:30:53.060,3.325,20000
2020-09-18 09:30:53.670,3.324,11000
2020-09-18 09:30:53.670,3.324,60200
2020-09-18 09:30:54.530,3.324,30000
2020-09-18 09:30:54.770,3.324,54900
2020-09-18 09:30:54.830,3.324,1000
2020-09-18 09:30:55.040,3.324,20000
2020-09-18 09:30:55.090,3.324,20000
2020-09-18 09:30:55.190,3.323,20000
2020-09-18 09:30:55.190,3.323,10000
2020-09-18 09:30:55.930,3.323,2000
2020-09-18 09:30:56.080,3.324,20000
2020-09-18 09:30:56.080,3.324,29000
2020-09-18 09:30:56.910,3.324,49200
2020-09-18 09:30:56.910,3.324,13500
2020-09-18 09:30:56.950,3.324,10000
2020-09-18 09:30:59.360,3.325,14000
2020-09-18 09:30:59.460,3.324,6000
2020-09-18 09:31:00.070,3.325,20000
2020-09-18 09:31:00.190,3.325,600
2020-09-18 09:31:00.520,3.324,15000
2020-09-18 09:31:00.610,3.324,1500
2020-09-18 09:31:01.370,3.325,100
2020-09-18 09:31:01.780,3.324,5000
2020-09-18 09:31:02.020,3.325,20000
2020-09-18 09:31:02.020,3.325,40000
2020-09-18 09:31:02.920,3.324,11600
2020-09-18 09:31:03.020,3.325,20000
2020-09-18 09:31:03.020,3.325,15300
2020-09-18 09:31:03.320,3.325,3500
2020-09-18 09:31:06.780,3.325,300
2020-09-18 09:31:06.870,3.325,900
2020-09-18 09:31:06.870,3.325,30600
2020-09-18 09:31:07.250,3.325,5000
2020-09-18 09:31:07.540,3.326,12000
2020-09-18 09:31:07.540,3.326,10000
2020-09-18 09:31:07.540,3.326,8000
2020-09-18 09:31:07.920,3.325,2000
2020-09-18 09:31:08.660,3.325,2400
2020-09-18 09:31:08.660,3.325,20000
2020-09-18 09:31:08.660,3.325,36200
2020-09-18 09:31:08.660,3.325,55100
2020-09-18 09:31:09.020,3.325,20000
2020-09-18 09:31:09.020,3.325,20000
2020-09-18 09:31:09.080,3.325,4600
2020-09-18 09:31:09.200,3.325,7300
2020-09-18 09:31:10.380,3.325,1400
2020-09-18 09:31:10.380,3.325,10600
2020-09-18 09:31:11.180,3.325,40000
2020-09-18 09:31:11.180,3.325,20000
2020-09-18 09:31:12.040,3.325,50000
2020-09-18 09:31:12.040,3.325,30000
2020-09-18 09:31:12.040,3.325,50000
2020-09-18 09:31:12.040,3.325,10000
2020-09-18 09:31:12.040,3.325,10000
2020-09-18 09:31:12.040,3.325,50000
2020-09-18 09:31:12.040,3.325,20000
2020-09-18 09:31:12.250,3.324,135500
2020-09-18 09:31:12.250,3.324,20000
2020-09-18 09:31:12.250,3.324,20000
2020-09-18 09:31:12.250,3.324,30000
2020-09-18 09:31:12.250,3.324,40000
2020-09-18 09:31:12.250,3.324,62200
2020-09-18 09:31:13.000,3.325,400
2020-09-18 09:31:13.300,3.324,33800
2020-09-18 09:31:13.540,3.325,3100
2020-09-18 09:31:14.900,3.325,1000
2020-09-18 09:31:15.110,3.325,1700
2020-09-18 09:31:15.830,3.325,200
2020-09-18 09:31:16.250,3.324,3300
2020-09-18 09:31:16.340,3.324,20000
2020-09-18 09:31:17.390,3.323,20000
2020-09-18 09:31:17.390,3.323,31100
2020-09-18 09:31:17.420,3.323,100
2020-09-18 09:31:18.020,3.324,1000
2020-09-18 09:31:18.080,3.324,10000
2020-09-18 09:31:19.560,3.323,8800
2020-09-18 09:31:23.360,3.323,3000
2020-09-18 09:31:25.450,3.322,10000
2020-09-18 09:31:25.700,3.323,2400
2020-09-18 09:31:26.300,3.322,100
2020-09-18 09:31:26.740,3.322,400
2020-09-18 09:31:26.930,3.323,300
2020-09-18 09:31:29.290,3.322,1600
2020-09-18 09:31:29.780,3.322,3700
2020-09-18 09:31:29.780,3.322,26300
2020-09-18 09:31:29.780,3.322,20000
2020-09-18 09:31:29.990,3.322,20000
2020-09-18 09:31:30.050,3.322,35700
2020-09-18 09:31:30.050,3.322,4300
2020-09-18 09:31:30.110,3.322,50000
2020-09-18 09:31:30.110,3.322,40000
2020-09-18 09:31:30.110,3.322,30600
2020-09-18 09:31:30.300,3.323,1000
2020-09-18 09:31:30.710,3.323,1000
2020-09-18 09:31:31.890,3.322,17100
2020-09-18 09:31:32.340,3.322,2300
2020-09-18 09:31:32.960,3.323,5000
2020-09-18 09:31:33.200,3.321,20000
2020-09-18 09:31:33.200,3.321,20000
2020-09-18 09:31:35.000,3.321,9600
2020-09-18 09:31:35.060,3.322,20000
2020-09-18 09:31:35.510,3.321,10400
2020-09-18 09:31:35.510,3.321,10100
2020-09-18 09:31:36.660,3.321,9900
2020-09-18 09:31:36.660,3.321,1000
2020-09-18 09:31:38.130,3.321,19100
2020-09-18 09:31:38.630,3.321,900
2020-09-18 09:31:38.630,3.321,100
2020-09-18 09:31:39.100,3.322,30000
2020-09-18 09:31:39.100,3.322,10000
2020-09-18 09:31:41.860,3.321,39900
2020-09-18 09:31:41.860,3.32,6600
2020-09-18 09:31:42.430,3.32,400
2020-09-18 09:31:42.430,3.32,300
2020-09-18 09:31:42.430,3.32,400
2020-09-18 09:31:42.430,3.32,900
2020-09-18 09:31:43.200,3.321,1000
2020-09-18 09:31:43.200,3.321,3000
2020-09-18 09:31:43.200,3.322,6000
2020-09-18 09:31:45.110,3.321,50000
2020-09-18 09:31:45.110,3.321,30000
2020-09-18 09:31:45.110,3.321,50000
2020-09-18 09:31:45.110,3.321,50000
2020-09-18 09:31:47.070,3.32,3700
2020-09-18 09:31:47.490,3.32,2000
2020-09-18 09:31:48.060,3.32,1000
2020-09-18 09:31:48.240,3.321,1000
2020-09-18 09:31:48.270,3.32,2400
2020-09-18 09:31:48.270,3.32,20000
2020-09-18 09:31:48.270,3.32,40000
2020-09-18 09:31:50.280,3.319,7000
2020-09-18 09:31:50.280,3.319,40000
2020-09-18 09:31:50.280,3.319,20000
2020-09-18 09:31:51.080,3.319,40000
2020-09-18 09:31:51.080,3.319,30000
2020-09-18 09:31:51.080,3.319,50000
2020-09-18 09:31:51.080,3.319,10000
2020-09-18 09:31:51.080,3.319,50000
2020-09-18 09:31:51.500,3.319,1000
2020-09-18 09:31:52.580,3.318,700
2020-09-18 09:31:52.580,3.318,3300
2020-09-18 09:31:54.050,3.319,30000
2020-09-18 09:31:54.050,3.319,10000
2020-09-18 09:31:57.800,3.319,500
2020-09-18 09:31:57.800,3.318,6500
2020-09-18 09:31:58.810,3.318,2000
2020-09-18 09:32:02.360,3.318,3200
2020-09-18 09:32:02.360,3.318,100
2020-09-18 09:32:02.360,3.318,7000
2020-09-18 09:32:02.360,3.318,1000
2020-09-18 09:32:02.360,3.318,5000
2020-09-18 09:32:03.060,3.318,30000
2020-09-18 09:32:03.060,3.318,30000
2020-09-18 09:32:03.060,3.318,30000
2020-09-18 09:32:03.060,3.318,10000
2020-09-18 09:32:03.060,3.318,30000
2020-09-18 09:32:04.820,3.318,500
2020-09-18 09:32:05.470,3.318,40000
2020-09-18 09:32:06.020,3.318,20000
2020-09-18 09:32:06.050,3.318,40000
2020-09-18 09:32:06.050,3.318,10000
2020-09-18 09:32:06.050,3.318,12100
2020-09-18 09:32:06.050,3.318,30000
2020-09-18 09:32:06.050,3.318,7900
2020-09-18 09:32:06.800,3.318,3100
2020-09-18 09:32:06.800,3.318,10000
2020-09-18 09:32:06.930,3.319,7900
2020-09-18 09:32:06.930,3.319,5000
2020-09-18 09:32:06.930,3.32,100
2020-09-18 09:32:06.930,3.32,400
2020-09-18 09:32:06.930,3.32,600
2020-09-18 09:32:06.930,3.32,200
2020-09-18 09:32:07.630,3.32,500
2020-09-18 09:32:08.040,3.32,2700
2020-09-18 09:32:09.080,3.32,15100
2020-09-18 09:32:09.230,3.32,4000
2020-09-18 09:32:09.350,3.32,1000
2020-09-18 09:32:10.370,3.32,262500
2020-09-18 09:32:10.370,3.32,37500
2020-09-18 09:32:11.150,3.32,400
2020-09-18 09:32:12.200,3.32,3100
2020-09-18 09:32:13.650,3.32,1800
2020-09-18 09:32:14.070,3.321,5000
2020-09-18 09:32:14.840,3.32,257200
2020-09-18 09:32:14.840,3.32,3000
2020-09-18 09:32:14.870,3.319,10100
2020-09-18 09:32:15.510,3.32,27100
2020-09-18 09:32:15.510,3.32,9400
2020-09-18 09:32:15.510,3.32,1000
2020-09-18 09:32:16.090,3.32,2500
2020-09-18 09:32:16.090,3.319,8500
2020-09-18 09:32:18.980,3.32,20000
2020-09-18 09:32:18.980,3.32,6200
2020-09-18 09:32:19.280,3.32,3800
2020-09-18 09:32:19.280,3.321,6200
2020-09-18 09:32:20.100,3.32,400
2020-09-18 09:32:20.470,3.321,1000
2020-09-18 09:32:21.230,3.32,10000
2020-09-18 09:32:22.860,3.32,9600
2020-09-18 09:32:22.860,3.32,11000
2020-09-18 09:32:22.880,3.32,6700
2020-09-18 09:32:23.070,3.321,6800
2020-09-18 09:32:23.070,3.321,5000
2020-09-18 09:32:23.070,3.322,100
2020-09-18 09:32:23.070,3.322,2000
2020-09-18 09:32:23.070,3.322,1000
2020-09-18 09:32:23.070,3.322,5000
2020-09-18 09:32:23.070,3.322,20100
2020-09-18 09:32:27.760,3.32,22300
2020-09-18 09:32:27.760,3.32,6000
2020-09-18 09:32:27.760,3.32,20000
2020-09-18 09:32:27.760,3.32,20000
2020-09-18 09:32:27.760,3.319,20000
2020-09-18 09:32:27.760,3.319,20000
2020-09-18 09:32:27.760,3.319,21400
2020-09-18 09:32:27.760,3.319,50000
2020-09-18 09:32:27.760,3.319,160000
2020-09-18 09:32:27.760,3.319,30000
2020-09-18 09:32:27.970,3.319,300000
2020-09-18 09:32:27.970,3.319,30000
2020-09-18 09:32:27.970,3.319,30000
2020-09-18 09:32:27.970,3.319,10000
2020-09-18 09:32:27.970,3.319,30000
2020-09-18 09:32:27.970,3.319,20000
2020-09-18 09:32:27.970,3.319,30000
2020-09-18 09:32:27.970,3.319,30000
2020-09-18 09:32:28.240,3.319,10000
2020-09-18 09:32:28.680,3.319,100
2020-09-18 09:32:29.140,3.319,20000
2020-09-18 09:32:29.140,3.319,20000
2020-09-18 09:32:29.200,3.319,10000
2020-09-18 09:32:30.420,3.319,20000
2020-09-18 09:32:30.570,3.319,300
2020-09-18 09:32:30.960,3.319,30000
2020-09-18 09:32:30.960,3.319,20000
2020-09-18 09:32:31.030,3.319,700
2020-09-18 09:32:31.030,3.319,19200
2020-09-18 09:32:31.270,3.319,2100
2020-09-18 09:32:32.130,3.32,500
2020-09-18 09:32:32.310,3.32,19500
2020-09-18 09:32:32.310,3.319,105500
2020-09-18 09:32:34.470,3.319,3000
2020-09-18 09:32:35.100,3.32,700
2020-09-18 09:32:35.130,3.32,600
2020-09-18 09:32:36.920,3.321,50000
2020-09-18 09:32:36.920,3.321,50000
2020-09-18 09:32:36.920,3.321,10000
2020-09-18 09:32:36.920,3.321,50000
2020-09-18 09:32:36.920,3.321,50000
2020-09-18 09:32:36.920,3.321,50000
2020-09-18 09:32:39.970,3.321,20000
2020-09-18 09:32:40.490,3.321,300
2020-09-18 09:32:42.020,3.32,300
2020-09-18 09:32:42.020,3.32,8500
2020-09-18 09:32:42.450,3.32,1500
2020-09-18 09:32:42.450,3.32,8700
2020-09-18 09:32:42.580,3.32,21300
2020-09-18 09:32:42.580,3.32,3000
2020-09-18 09:32:42.580,3.319,5700
2020-09-18 09:32:42.910,3.32,300000
2020-09-18 09:32:42.910,3.32,50000
2020-09-18 09:32:42.910,3.32,50000
2020-09-18 09:32:42.910,3.32,50000
2020-09-18 09:32:42.910,3.32,30000
2020-09-18 09:32:42.910,3.32,50000
2020-09-18 09:32:42.910,3.32,50000
2020-09-18 09:32:42.950,3.32,50000
2020-09-18 09:32:42.950,3.32,50000
2020-09-18 09:32:42.950,3.32,50000
2020-09-18 09:32:42.990,3.32,50000
2020-09-18 09:32:43.050,3.319,900
2020-09-18 09:32:43.210,3.32,20000
2020-09-18 09:32:43.560,3.32,3000
2020-09-18 09:32:44.170,3.32,30000
2020-09-18 09:32:45.530,3.32,30000
2020-09-18 09:32:45.930,3.32,30000
2020-09-18 09:32:45.930,3.32,50000
2020-09-18 09:32:46.030,3.32,30000
2020-09-18 09:32:47.090,3.32,27000
2020-09-18 09:32:47.090,3.32,1400
2020-09-18 09:32:47.090,3.32,1600
2020-09-18 09:32:47.220,3.32,200
2020-09-18 09:32:47.860,3.32,3100
2020-09-18 09:32:48.960,3.321,9700
2020-09-18 09:32:48.960,3.321,20300
2020-09-18 09:32:49.620,3.321,14000
2020-09-18 09:32:50.720,3.321,1400
2020-09-18 09:32:55.100,3.321,20000
2020-09-18 09:32:55.230,3.321,10000
2020-09-18 09:32:55.260,3.32,200
2020-09-18 09:32:55.380,3.321,30000
2020-09-18 09:32:55.380,3.321,50000
2020-09-18 09:32:55.380,3.321,50000
2020-09-18 09:32:55.380,3.321,50000
2020-09-18 09:32:55.380,3.321,50000
2020-09-18 09:32:55.380,3.321,50000
2020-09-18 09:32:55.380,3.321,50000
2020-09-18 09:32:55.380,3.321,50000
2020-09-18 09:32:55.380,3.321,50000
2020-09-18 09:32:55.380,3.321,50000
2020-09-18 09:32:55.380,3.321,30000
2020-09-18 09:32:55.380,3.321,50000
2020-09-18 09:32:55.540,3.321,50000
2020-09-18 09:32:58.030,3.321,30000
2020-09-18 09:32:58.100,3.321,30000
2020-09-18 09:32:58.290,3.32,10000
2020-09-18 09:32:58.650,3.321,21600
2020-09-18 09:32:58.650,3.321,4700
2020-09-18 09:33:00.130,3.321,30000
2020-09-18 09:33:02.570,3.321,500
2020-09-18 09:33:02.780,3.321,99800
2020-09-18 09:33:03.390,3.321,7000
2020-09-18 09:33:03.390,3.321,1000
2020-09-18 09:33:03.420,3.32,9400
2020-09-18 09:33:07.070,3.32,150000
2020-09-18 09:33:07.260,3.321,12500
2020-09-18 09:33:07.260,3.321,37500
2020-09-18 09:33:07.260,3.321,20400
2020-09-18 09:33:07.260,3.321,9600
2020-09-18 09:33:07.590,3.32,45800
2020-09-18 09:33:08.010,3.321,3000
2020-09-18 09:33:08.190,3.321,10000
2020-09-18 09:33:08.600,3.32,31300
2020-09-18 09:33:08.600,3.32,57800
2020-09-18 09:33:09.110,3.321,20000
2020-09-18 09:33:10.090,3.321,15900
2020-09-18 09:33:11.030,3.32,88900
2020-09-18 09:33:11.250,3.321,6000
2020-09-18 09:33:11.990,3.321,5000
2020-09-18 09:33:12.320,3.321,7500
2020-09-18 09:33:12.320,3.321,1500
2020-09-18 09:33:12.490,3.32,3300
2020-09-18 09:33:12.490,3.32,4100
2020-09-18 09:33:18.630,3.32,1800
2020-09-18 09:33:21.560,3.32,2000
2020-09-18 09:33:22.020,3.321,3500
2020-09-18 09:33:22.020,3.321,24800
2020-09-18 09:33:25.320,3.321,12000
2020-09-18 09:33:26.050,3.321,500
2020-09-18 09:33:26.480,3.32,2100
2020-09-18 09:33:26.480,3.32,10000
2020-09-18 09:33:26.480,3.32,5000
2020-09-18 09:33:26.480,3.32,2900
2020-09-18 09:33:27.740,3.32,14300
2020-09-18 09:33:27.740,3.321,2700
2020-09-18 09:33:27.740,3.321,1000
2020-09-18 09:33:27.740,3.321,2000
2020-09-18 09:33:27.740,3.321,300
2020-09-18 09:33:27.740,3.321,79700
2020-09-18 09:33:30.270,3.32,9000
2020-09-18 09:33:30.750,3.32,10000
2020-09-18 09:33:31.290,3.32,50000
2020-09-18 09:33:31.290,3.32,10000
2020-09-18 09:33:31.480,3.319,200
2020-09-18 09:33:31.480,3.319,200
2020-09-18 09:33:31.480,3.319,1000
2020-09-18 09:33:31.480,3.319,20000
2020-09-18 09:33:31.480,3.319,5000
2020-09-18 09:33:31.480,3.319,40000
2020-09-18 09:33:31.480,3.318,1000
2020-09-18 09:33:31.480,3.318,500
2020-09-18 09:33:31.480,3.318,1000
2020-09-18 09:33:31.480,3.318,4900
2020-09-18 09:33:33.470,3.318,1000
2020-09-18 09:33:33.830,3.318,500
2020-09-18 09:33:33.830,3.318,89500
2020-09-18 09:33:34.650,3.32,11000
2020-09-18 09:33:37.620,3.319,20000
2020-09-18 09:33:38.970,3.319,6000
2020-09-18 09:33:39.550,3.318,9400
2020-09-18 09:33:40.050,3.319,50000
2020-09-18 09:33:40.050,3.319,50000
2020-09-18 09:33:40.050,3.319,10000
2020-09-18 09:33:40.050,3.319,50000
2020-09-18 09:33:40.120,3.319,50000
2020-09-18 09:33:43.080,3.319,50000
2020-09-18 09:33:44.010,3.318,1000
2020-09-18 09:33:45.080,3.319,200
2020-09-18 09:33:46.060,3.319,10000
2020-09-18 09:33:46.510,3.318,9600
2020-09-18 09:33:46.510,3.318,6900
2020-09-18 09:33:46.580,3.318,3000
2020-09-18 09:33:46.710,3.318,300
2020-09-18 09:33:46.900,3.318,29800
2020-09-18 09:33:46.900,3.318,200
2020-09-18 09:33:47.660,3.318,800
2020-09-18 09:33:47.660,3.318,30000
2020-09-18 09:33:47.660,3.318,20000
2020-09-18 09:33:48.560,3.318,3000
2020-09-18 09:33:49.060,3.318,40000
2020-09-18 09:33:49.060,3.318,50000
2020-09-18 09:33:49.060,3.318,50000
2020-09-18 09:33:49.060,3.318,10000
2020-09-18 09:33:49.060,3.318,40000
2020-09-18 09:33:49.480,3.318,40000
2020-09-18 09:33:49.810,3.318,1000
2020-09-18 09:33:50.050,3.318,15200
2020-09-18 09:33:50.050,3.318,1000
2020-09-18 09:33:52.150,3.319,3800
2020-09-18 09:33:52.150,3.319,500
2020-09-18 09:33:52.150,3.319,300
2020-09-18 09:33:52.150,3.319,15400
2020-09-18 09:33:52.210,3.318,1000
2020-09-18 09:33:54.590,3.317,900
2020-09-18 09:33:55.080,3.318,50000
2020-09-18 09:33:55.080,3.318,30000
2020-09-18 09:33:55.080,3.318,50000
2020-09-18 09:33:55.080,3.318,20000
2020-09-18 09:33:55.080,3.318,40000
2020-09-18 09:33:55.080,3.318,50000
2020-09-18 09:33:55.290,3.318,300
2020-09-18 09:33:58.050,3.318,40000
2020-09-18 09:33:59.050,3.318,19700
2020-09-18 09:33:59.050,3.318,300
2020-09-18 09:33:59.050,3.317,200
2020-09-18 09:33:59.210,3.319,13600
2020-09-18 09:33:59.210,3.319,5000
2020-09-18 09:33:59.520,3.319,700
2020-09-18 09:33:59.930,3.319,19900
2020-09-18 09:34:02.950,3.319,300
2020-09-18 09:34:03.070,3.319,7300
2020-09-18 09:34:03.900,3.319,6800
2020-09-18 09:34:07.190,3.319,15200
2020-09-18 09:34:07.220,3.319,800
2020-09-18 09:34:08.040,3.319,230400
2020-09-18 09:34:08.040,3.319,69600
2020-09-18 09:34:08.410,3.319,400
2020-09-18 09:34:10.800,3.32,800
2020-09-18 09:34:11.890,3.319,900
2020-09-18 09:34:12.100,3.319,7400
2020-09-18 09:34:12.750,3.319,20000
2020-09-18 09:34:12.910,3.319,7400
2020-09-18 09:34:14.310,3.319,15000
2020-09-18 09:34:14.480,3.319,10000
2020-09-18 09:34:16.370,3.319,4700
2020-09-18 09:34:16.540,3.319,3000
2020-09-18 09:34:16.690,3.319,200
2020-09-18 09:34:16.820,3.319,4400
2020-09-18 09:34:17.050,3.319,135200
2020-09-18 09:34:19.230,3.32,9200
2020-09-18 09:34:19.230,3.32,9900
2020-09-18 09:34:19.230,3.32,60900
2020-09-18 09:34:19.590,3.319,20700
2020-09-18 09:34:19.650,3.319,1100
2020-09-18 09:34:19.650,3.319,1000
2020-09-18 09:34:19.840,3.319,300
2020-09-18 09:34:21.320,3.318,7400
2020-09-18 09:34:22.020,3.319,50000
2020-09-18 09:34:22.020,3.319,20000
2020-09-18 09:34:22.020,3.319,50000
2020-09-18 09:34:22.540,3.319,20000
2020-09-18 09:34:22.540,3.319,14500
2020-09-18 09:34:22.540,3.319,1000
2020-09-18 09:34:22.970,3.319,4500
2020-09-18 09:34:23.640,3.319,6200
2020-09-18 09:34:23.640,3.32,3800
2020-09-18 09:34:24.100,3.32,24800
2020-09-18 09:34:24.100,3.32,100
2020-09-18 09:34:24.100,3.32,10000
2020-09-18 09:34:24.100,3.32,20000
2020-09-18 09:34:24.100,3.32,10000
2020-09-18 09:34:24.100,3.32,6000
2020-09-18 09:34:24.100,3.32,6400
2020-09-18 09:34:24.100,3.32,222700
2020-09-18 09:34:24.980,3.32,10000
2020-09-18 09:34:24.980,3.32,30000
2020-09-18 09:34:24.980,3.32,10000
2020-09-18 09:34:25.590,3.319,2000
2020-09-18 09:34:25.650,3.319,27800
2020-09-18 09:34:26.560,3.32,20000
2020-09-18 09:34:26.620,3.32,7300
2020-09-18 09:34:26.620,3.32,5800
2020-09-18 09:34:26.620,3.32,100
2020-09-18 09:34:26.620,3.32,3000
2020-09-18 09:34:28.040,3.321,40000
2020-09-18 09:34:29.240,3.32,500
2020-09-18 09:34:30.610,3.321,5700
2020-09-18 09:34:30.610,3.321,6500
2020-09-18 09:34:32.300,3.322,28000
2020-09-18 09:34:32.300,3.322,2000
2020-09-18 09:34:32.300,3.322,400
2020-09-18 09:34:32.300,3.322,300
2020-09-18 09:34:32.300,3.322,15400
2020-09-18 09:34:32.300,3.322,1700
2020-09-18 09:34:32.300,3.322,10000
2020-09-18 09:34:32.300,3.322,100
2020-09-18 09:34:32.300,3.323,2000
2020-09-18 09:34:32.300,3.323,5900
2020-09-18 09:34:32.300,3.323,30000
2020-09-18 09:34:32.300,3.323,3000
2020-09-18 09:34:32.300,3.323,700
2020-09-18 09:34:32.300,3.323,230500
2020-09-18 09:34:32.300,3.323,69500
2020-09-18 09:34:32.300,3.323,100
2020-09-18 09:34:33.900,3.323,7500
2020-09-18 09:34:34.040,3.323,500
2020-09-18 09:34:35.210,3.323,100
2020-09-18 09:34:36.720,3.323,400
2020-09-18 09:34:39.900,3.323,15000
2020-09-18 09:34:48.110,3.323,93100
2020-09-18 09:34:48.110,3.323,3000
2020-09-18 09:34:48.110,3.323,3300
2020-09-18 09:34:49.840,3.324,50000
2020-09-18 09:34:49.840,3.324,1000
2020-09-18 09:34:49.840,3.324,100
2020-09-18 09:34:49.840,3.324,5800
2020-09-18 09:34:49.840,3.324,12000
2020-09-18 09:34:49.840,3.324,100
2020-09-18 09:34:49.840,3.324,1000
2020-09-18 09:34:50.430,3.323,1900
2020-09-18 09:34:53.870,3.323,1000
2020-09-18 09:34:54.240,3.323,100
2020-09-18 09:34:55.090,3.323,35300
2020-09-18 09:34:56.880,3.323,162300
2020-09-18 09:34:56.880,3.323,10000
2020-09-18 09:34:56.880,3.323,161000
2020-09-18 09:34:57.360,3.323,300
2020-09-18 09:34:57.930,3.323,1100
2020-09-18 09:34:58.080,3.324,9900
2020-09-18 09:34:58.080,3.324,100
2020-09-18 09:34:58.850,3.324,900
2020-09-18 09:34:58.850,3.324,800
2020-09-18 09:34:59.210,3.324,2000
2020-09-18 09:35:00.380,3.323,500
2020-09-18 09:35:00.810,3.324,300
2020-09-18 09:35:01.160,3.324,1900
2020-09-18 09:35:01.160,3.324,298100
2020-09-18 09:35:01.160,3.324,50000
2020-09-18 09:35:01.160,3.324,20000
2020-09-18 09:35:01.570,3.324,136600
2020-09-18 09:35:03.740,3.324,20000
2020-09-18 09:35:03.920,3.324,20000
2020-09-18 09:35:06.640,3.324,1800
2020-09-18 09:35:07.410,3.325,3000
2020-09-18 09:35:07.410,3.325,5000
2020-09-18 09:35:07.410,3.325,100
2020-09-18 09:35:07.410,3.325,3000
2020-09-18 09:35:07.410,3.325,10000
2020-09-18 09:35:07.410,3.325,30000
2020-09-18 09:35:07.410,3.325,5000
2020-09-18 09:35:07.410,3.325,1700
2020-09-18 09:35:07.410,3.325,30000
2020-09-18 09:35:07.410,3.325,9100
2020-09-18 09:35:07.410,3.325,203100
2020-09-18 09:35:07.410,3.325,300000
2020-09-18 09:35:08.350,3.324,100
2020-09-18 09:35:09.900,3.325,5000
2020-09-18 09:35:11.970,3.325,300000
2020-09-18 09:35:13.900,3.324,4500
2020-09-18 09:35:15.080,3.325,3000
2020-09-18 09:35:15.370,3.325,1400
2020-09-18 09:35:17.980,3.325,22400
2020-09-18 09:35:20.660,3.324,100
2020-09-18 09:35:20.780,3.325,10000
2020-09-18 09:35:21.540,3.325,100
2020-09-18 09:35:26.540,3.325,3800
2020-09-18 09:35:27.970,3.324,10200
2020-09-18 09:35:28.250,3.324,5000
2020-09-18 09:35:30.190,3.324,9000
2020-09-18 09:35:31.500,3.324,10000
2020-09-18 09:35:32.200,3.324,200
2020-09-18 09:35:33.650,3.324,2200
2020-09-18 09:35:33.870,3.325,5000
2020-09-18 09:35:34.210,3.324,20000
2020-09-18 09:35:34.410,3.325,9100
2020-09-18 09:35:34.410,3.325,900
2020-09-18 09:35:35.000,3.324,53700
2020-09-18 09:35:35.000,3.324,8900
2020-09-18 09:35:37.450,3.324,1100
2020-09-18 09:35:37.450,3.324,1500
2020-09-18 09:35:41.100,3.324,300
2020-09-18 09:35:42.150,3.324,300
2020-09-18 09:35:46.850,3.324,40000
2020-09-18 09:35:48.260,3.324,6800
2020-09-18 09:35:48.260,3.324,3000
2020-09-18 09:35:48.260,3.324,20000
2020-09-18 09:35:48.260,3.324,1000
2020-09-18 09:35:48.260,3.324,7000
2020-09-18 09:35:48.260,3.324,12200
2020-09-18 09:35:48.260,3.324,6900
2020-09-18 09:35:48.260,3.324,20000
2020-09-18 09:35:48.260,3.324,10000
2020-09-18 09:35:48.260,3.324,1500
2020-09-18 09:35:48.260,3.324,10000
2020-09-18 09:35:48.260,3.324,1600
2020-09-18 09:35:48.260,3.324,50000
2020-09-18 09:35:49.600,3.324,40000
2020-09-18 09:35:49.600,3.324,40000
2020-09-18 09:35:51.210,3.324,100
2020-09-18 09:35:51.390,3.323,100
2020-09-18 09:35:52.010,3.323,3000
2020-09-18 09:35:52.040,3.323,12400
2020-09-18 09:35:52.040,3.323,7600
2020-09-18 09:35:52.680,3.324,300000
2020-09-18 09:35:52.840,3.324,10000
2020-09-18 09:35:52.840,3.324,35000
2020-09-18 09:35:52.840,3.324,1000
2020-09-18 09:35:53.080,3.324,4000
2020-09-18 09:35:53.080,3.324,20000
2020-09-18 09:35:55.220,3.323,1400
2020-09-18 09:35:55.940,3.323,600
2020-09-18 09:35:55.940,3.323,2500
2020-09-18 09:35:57.080,3.323,7500
2020-09-18 09:35:57.260,3.324,38600
2020-09-18 09:35:57.260,3.324,20000
2020-09-18 09:35:59.080,3.324,15100
2020-09-18 09:35:59.180,3.324,2000
2020-09-18 09:36:00.500,3.324,40000
2020-09-18 09:36:01.260,3.324,1000
2020-09-18 09:36:02.560,3.324,20200
2020-09-18 09:36:04.330,3.324,200
2020-09-18 09:36:04.970,3.325,500
2020-09-18 09:36:08.630,3.324,1200
2020-09-18 09:36:09.490,3.325,8600
2020-09-18 09:36:09.490,3.325,4800
2020-09-18 09:36:09.490,3.325,100
2020-09-18 09:36:09.490,3.325,12300
2020-09-18 09:36:09.490,3.325,100
2020-09-18 09:36:09.490,3.325,100
2020-09-18 09:36:09.490,3.325,3700
2020-09-18 09:36:09.490,3.325,1000
2020-09-18 09:36:09.490,3.325,7000
2020-09-18 09:36:09.490,3.325,4500
2020-09-18 09:36:09.490,3.325,2000
2020-09-18 09:36:09.490,3.325,255800
2020-09-18 09:36:10.440,3.324,700
2020-09-18 09:36:10.440,3.324,600
2020-09-18 09:36:12.460,3.324,2700
2020-09-18 09:36:12.840,3.324,23700
2020-09-18 09:36:13.830,3.324,10000
2020-09-18 09:36:14.620,3.324,15000
2020-09-18 09:36:18.070,3.324,109000
2020-09-18 09:36:18.070,3.324,3000
2020-09-18 09:36:18.070,3.324,5000
2020-09-18 09:36:18.070,3.324,200
2020-09-18 09:36:18.070,3.324,30100
2020-09-18 09:36:19.200,3.324,300000
2020-09-18 09:36:22.670,3.324,2400
2020-09-18 09:36:23.780,3.324,50000
2020-09-18 09:36:23.780,3.324,50000
2020-09-18 09:36:23.780,3.324,10000
2020-09-18 09:36:23.940,3.324,30000
2020-09-18 09:36:24.720,3.324,30000
2020-09-18 09:36:24.720,3.324,30000
2020-09-18 09:36:24.720,3.324,30000
2020-09-18 09:36:24.720,3.324,20000
2020-09-18 09:36:24.720,3.324,30000
2020-09-18 09:36:24.720,3.324,30000
2020-09-18 09:36:25.000,3.324,240300
2020-09-18 09:36:25.000,3.324,30000
2020-09-18 09:36:25.000,3.324,2400
2020-09-18 09:36:25.000,3.324,10300
2020-09-18 09:36:25.000,3.324,17000
2020-09-18 09:36:25.000,3.324,50000
2020-09-18 09:36:25.000,3.324,50000
2020-09-18 09:36:25.280,3.324,103000
2020-09-18 09:36:25.280,3.324,6800
2020-09-18 09:36:25.280,3.324,600
2020-09-18 09:36:25.280,3.324,11500
2020-09-18 09:36:25.280,3.324,9000
2020-09-18 09:36:26.640,3.324,700
2020-09-18 09:36:27.190,3.324,1800
2020-09-18 09:36:29.730,3.325,50000
2020-09-18 09:36:29.730,3.325,40000
2020-09-18 09:36:30.530,3.324,700
2020-09-18 09:36:30.530,3.324,500
2020-09-18 09:36:31.130,3.324,2000
2020-09-18 09:36:31.240,3.324,7500
2020-09-18 09:36:31.240,3.324,1100
2020-09-18 09:36:31.630,3.325,37800
2020-09-18 09:36:31.630,3.325,1100
2020-09-18 09:36:31.630,3.325,500
2020-09-18 09:36:31.630,3.325,3000
2020-09-18 09:36:31.630,3.325,1000
2020-09-18 09:36:31.630,3.325,200
2020-09-18 09:36:31.630,3.325,20000
2020-09-18 09:36:31.630,3.325,2000
2020-09-18 09:36:31.630,3.325,5600
2020-09-18 09:36:31.630,3.325,10000
2020-09-18 09:36:31.630,3.325,1000
2020-09-18 09:36:31.630,3.325,6500
2020-09-18 09:36:31.630,3.325,10000
2020-09-18 09:36:31.630,3.325,300
2020-09-18 09:36:31.630,3.325,2300
2020-09-18 09:36:31.630,3.325,5000
2020-09-18 09:36:31.630,3.325,25000
2020-09-18 09:36:31.630,3.325,168700
2020-09-18 09:36:31.790,3.325,50000
2020-09-18 09:36:31.790,3.325,50000
2020-09-18 09:36:31.790,3.325,31300
2020-09-18 09:36:31.790,3.325,2000
2020-09-18 09:36:31.790,3.325,6000
2020-09-18 09:36:31.790,3.325,700
2020-09-18 09:36:31.790,3.325,4400
2020-09-18 09:36:31.790,3.325,2000
2020-09-18 09:36:33.640,3.325,2000
2020-09-18 09:36:33.830,3.325,17900
2020-09-18 09:36:34.050,3.325,10000
2020-09-18 09:36:34.210,3.325,10000
2020-09-18 09:36:34.660,3.325,3700
2020-09-18 09:36:34.660,3.325,40000
2020-09-18 09:36:34.660,3.325,6300
2020-09-18 09:36:34.820,3.325,16200
2020-09-18 09:36:35.790,3.325,15400
2020-09-18 09:36:36.860,3.325,3000
2020-09-18 09:36:37.290,3.325,2000
2020-09-18 09:36:37.690,3.325,7100
2020-09-18 09:36:37.690,3.325,7500
2020-09-18 09:36:38.580,3.325,12500
2020-09-18 09:36:38.580,3.325,2100
2020-09-18 09:36:38.610,3.325,1000
2020-09-18 09:36:38.740,3.326,2300
2020-09-18 09:36:38.740,3.326,7700
2020-09-18 09:36:38.740,3.326,10000
2020-09-18 09:36:38.740,3.326,12300
2020-09-18 09:36:38.740,3.326,6400
2020-09-18 09:36:38.740,3.326,1000
2020-09-18 09:36:38.740,3.326,1000
2020-09-18 09:36:38.740,3.326,29300
2020-09-18 09:36:38.740,3.326,20700
2020-09-18 09:36:38.740,3.326,29300
2020-09-18 09:36:38.740,3.326,20700
2020-09-18 09:36:38.740,3.326,7000
2020-09-18 09:36:38.740,3.326,10100
2020-09-18 09:36:38.740,3.326,12200
2020-09-18 09:36:38.740,3.326,50000
2020-09-18 09:36:38.740,3.326,50000
2020-09-18 09:36:38.740,3.326,50000
2020-09-18 09:36:38.820,3.326,50000
2020-09-18 09:36:38.820,3.326,30000
2020-09-18 09:36:39.630,3.325,17500
2020-09-18 09:36:40.040,3.326,12500
2020-09-18 09:36:40.320,3.326,300000
2020-09-18 09:36:40.320,3.326,50000
2020-09-18 09:36:40.320,3.326,50000
2020-09-18 09:36:40.320,3.326,50000
2020-09-18 09:36:40.320,3.326,40000
2020-09-18 09:36:40.320,3.326,50000
2020-09-18 09:36:42.120,3.325,1300
2020-09-18 09:36:42.770,3.325,100
2020-09-18 09:36:42.770,3.325,16800
2020-09-18 09:36:42.980,3.325,3200
2020-09-18 09:36:42.980,3.325,1800
2020-09-18 09:36:43.080,3.326,10000
2020-09-18 09:36:43.080,3.326,100
2020-09-18 09:36:43.080,3.326,300
2020-09-18 09:36:43.080,3.326,9300
2020-09-18 09:36:43.080,3.326,30300
2020-09-18 09:36:43.920,3.325,16900
2020-09-18 09:36:44.160,3.326,10000
2020-09-18 09:36:44.830,3.326,2000
2020-09-18 09:36:45.150,3.325,1300
2020-09-18 09:36:45.150,3.325,2700
2020-09-18 09:36:45.180,3.325,13600
2020-09-18 09:36:45.780,3.325,2000
2020-09-18 09:36:46.030,3.326,7700
2020-09-18 09:36:46.030,3.326,400
2020-09-18 09:36:47.890,3.326,3600
2020-09-18 09:36:47.890,3.326,200
2020-09-18 09:36:49.630,3.326,16200
2020-09-18 09:36:49.630,3.324,18900
2020-09-18 09:36:49.630,3.324,20000
2020-09-18 09:36:49.630,3.324,1300
2020-09-18 09:36:49.630,3.324,15700
2020-09-18 09:36:49.630,3.324,40000
2020-09-18 09:36:49.630,3.324,300
2020-09-18 09:36:49.630,3.324,30000
2020-09-18 09:36:50.190,3.324,20000
2020-09-18 09:36:50.320,3.324,20000
2020-09-18 09:36:51.950,3.324,47600
2020-09-18 09:36:52.400,3.326,2000
2020-09-18 09:36:54.210,3.326,6400
2020-09-18 09:36:55.770,3.326,39200
2020-09-18 09:36:55.770,3.326,35300
2020-09-18 09:36:55.770,3.326,57700
2020-09-18 09:36:55.770,3.326,1800
2020-09-18 09:36:55.770,3.327,10000
2020-09-18 09:36:55.770,3.327,3000
2020-09-18 09:36:55.770,3.327,6100
2020-09-18 09:36:55.770,3.327,2000
2020-09-18 09:36:55.770,3.327,7000
2020-09-18 09:36:55.770,3.327,27500
2020-09-18 09:36:55.770,3.327,50000
2020-09-18 09:36:55.770,3.327,5000
2020-09-18 09:36:55.770,3.327,40000
2020-09-18 09:36:55.770,3.327,4700
2020-09-18 09:36:55.770,3.327,5200
2020-09-18 09:36:55.770,3.327,80000
2020-09-18 09:36:56.810,3.327,300000
2020-09-18 09:36:57.390,3.326,20000
2020-09-18 09:36:57.630,3.327,300
2020-09-18 09:36:58.160,3.327,5600
2020-09-18 09:36:58.930,3.327,50000
2020-09-18 09:36:59.820,3.327,2000
2020-09-18 09:37:00.580,3.328,1000
2020-09-18 09:37:00.580,3.328,6000
2020-09-18 09:37:01.250,3.327,100
2020-09-18 09:37:01.440,3.327,25000
2020-09-18 09:37:02.440,3.328,4000
2020-09-18 09:37:02.440,3.328,4300
2020-09-18 09:37:02.440,3.328,7000
2020-09-18 09:37:02.440,3.328,800
2020-09-18 09:37:02.440,3.328,3900
2020-09-18 09:37:03.100,3.327,400
2020-09-18 09:37:03.730,3.328,10000
2020-09-18 09:37:04.060,3.327,3000
2020-09-18 09:37:04.830,3.328,50000
2020-09-18 09:37:04.830,3.328,50000
2020-09-18 09:37:04.830,3.328,10000
2020-09-18 09:37:04.830,3.328,50000
2020-09-18 09:37:04.830,3.328,50000
2020-09-18 09:37:04.830,3.328,30000
2020-09-18 09:37:04.890,3.327,2300
2020-09-18 09:37:05.320,3.327,1000
2020-09-18 09:37:07.510,3.327,300
2020-09-18 09:37:08.520,3.328,10200
2020-09-18 09:37:09.790,3.327,6000
2020-09-18 09:37:10.870,3.328,35900
2020-09-18 09:37:10.870,3.328,1000
2020-09-18 09:37:10.870,3.328,100
2020-09-18 09:37:10.870,3.328,100
2020-09-18 09:37:10.870,3.328,9100
2020-09-18 09:37:10.870,3.328,1000
2020-09-18 09:37:10.870,3.328,10000
2020-09-18 09:37:10.870,3.328,50000
2020-09-18 09:37:10.870,3.328,5000
2020-09-18 09:37:10.870,3.328,20000
2020-09-18 09:37:10.870,3.328,161200
2020-09-18 09:37:12.770,3.328,50000
2020-09-18 09:37:12.770,3.328,20000
2020-09-18 09:37:12.880,3.327,204000
2020-09-18 09:37:12.880,3.327,10000
2020-09-18 09:37:12.880,3.327,1200
2020-09-18 09:37:12.880,3.327,1600
2020-09-18 09:37:12.980,3.327,83200
2020-09-18 09:37:12.980,3.328,68800
2020-09-18 09:37:12.980,3.328,10000
2020-09-18 09:37:12.980,3.328,94700
2020-09-18 09:37:12.980,3.328,30000
2020-09-18 09:37:12.980,3.328,13300
2020-09-18 09:37:13.200,3.327,8300
2020-09-18 09:37:13.200,3.328,7400
2020-09-18 09:37:13.330,3.328,5000
2020-09-18 09:37:15.490,3.327,500
2020-09-18 09:37:15.490,3.327,2000
2020-09-18 09:37:15.490,3.328,7500
2020-09-18 09:37:17.370,3.327,1000
2020-09-18 09:37:19.420,3.326,10000
2020-09-18 09:37:20.350,3.327,300
2020-09-18 09:37:20.620,3.327,27100
2020-09-18 09:37:22.100,3.327,1000
2020-09-18 09:37:26.890,3.327,3100
2020-09-18 09:37:28.060,3.327,1900
2020-09-18 09:37:28.060,3.327,900
2020-09-18 09:37:28.640,3.326,500
2020-09-18 09:37:29.060,3.327,100
2020-09-18 09:37:30.420,3.327,500
2020-09-18 09:37:30.740,3.326,4500
2020-09-18 09:37:30.740,3.326,1500
2020-09-18 09:37:31.200,3.327,10000
2020-09-18 09:37:34.040,3.327,1500
2020-09-18 09:37:34.270,3.327,50000
2020-09-18 09:37:34.270,3.327,20000
2020-09-18 09:37:34.960,3.327,900
2020-09-18 09:37:36.780,3.327,50000
2020-09-18 09:37:36.780,3.327,20000
2020-09-18 09:37:36.870,3.327,100000
2020-09-18 09:37:37.240,3.327,30000
2020-09-18 09:37:37.240,3.327,16100
2020-09-18 09:37:37.240,3.327,13900
2020-09-18 09:37:37.240,3.327,10000
2020-09-18 09:37:37.490,3.326,1000
2020-09-18 09:37:39.770,3.327,50000
2020-09-18 09:37:40.160,3.326,1500
2020-09-18 09:37:40.160,3.326,1300
2020-09-18 09:37:40.160,3.326,2200
2020-09-18 09:37:40.700,3.327,10100
2020-09-18 09:37:40.760,3.327,2400
2020-09-18 09:37:41.120,3.326,16600
2020-09-18 09:37:42.180,3.326,1200
2020-09-18 09:37:42.180,3.326,16500
2020-09-18 09:37:43.260,3.327,8200
2020-09-18 09:37:43.260,3.327,500
2020-09-18 09:37:43.260,3.327,3000
2020-09-18 09:37:43.380,3.327,5200
2020-09-18 09:37:43.380,3.327,300
2020-09-18 09:37:43.710,3.327,15000
2020-09-18 09:37:43.770,3.327,57700
2020-09-18 09:37:43.770,3.326,39500
2020-09-18 09:37:45.800,3.327,6500
2020-09-18 09:37:45.800,3.327,300
2020-09-18 09:37:45.830,3.326,400
2020-09-18 09:37:46.830,3.326,1200
2020-09-18 09:37:47.140,3.326,1900
2020-09-18 09:37:47.390,3.327,2000
2020-09-18 09:37:48.010,3.327,10000
2020-09-18 09:37:48.530,3.327,248000
2020-09-18 09:37:48.530,3.327,600
2020-09-18 09:37:48.800,3.327,200
2020-09-18 09:37:50.140,3.327,3000
2020-09-18 09:37:50.460,3.327,48200
2020-09-18 09:37:50.460,3.327,20000
2020-09-18 09:37:50.460,3.327,20000
2020-09-18 09:37:50.460,3.327,30000
2020-09-18 09:37:50.460,3.327,50000
2020-09-18 09:37:50.460,3.327,30000
2020-09-18 09:37:50.460,3.327,30000
2020-09-18 09:37:50.460,3.326,40500
2020-09-18 09:37:50.460,3.326,1300
2020-09-18 09:37:50.460,3.326,10000
2020-09-18 09:37:50.460,3.326,8000
2020-09-18 09:37:50.460,3.326,20000
2020-09-18 09:37:50.460,3.326,30000
2020-09-18 09:37:50.460,3.326,40000
2020-09-18 09:37:50.460,3.326,20000
2020-09-18 09:37:50.460,3.326,102000
2020-09-18 09:37:52.870,3.328,10000
2020-09-18 09:37:52.870,3.328,5000
2020-09-18 09:37:52.870,3.328,5000
2020-09-18 09:37:52.870,3.328,1000
2020-09-18 09:37:52.870,3.328,10000
2020-09-18 09:37:52.870,3.328,2000
2020-09-18 09:37:52.870,3.328,2000
2020-09-18 09:37:52.870,3.328,15000
2020-09-18 09:37:52.870,3.328,20000
2020-09-18 09:37:53.940,3.327,1900
2020-09-18 09:37:55.700,3.326,20000
2020-09-18 09:37:55.700,3.326,40000
2020-09-18 09:37:55.700,3.326,20000
2020-09-18 09:37:55.700,3.326,30000
2020-09-18 09:37:55.700,3.325,5600
2020-09-18 09:37:56.280,3.326,10000
2020-09-18 09:37:56.280,3.328,40000
2020-09-18 09:37:56.280,3.328,19600
2020-09-18 09:37:56.280,3.328,400
2020-09-18 09:37:57.460,3.328,200
2020-09-18 09:37:57.740,3.328,9400
2020-09-18 09:37:57.740,3.328,6500
2020-09-18 09:37:57.740,3.328,20000
2020-09-18 09:37:57.740,3.328,3100
2020-09-18 09:37:57.740,3.328,2000
2020-09-18 09:37:57.740,3.328,9000
2020-09-18 09:37:57.740,3.328,30000
2020-09-18 09:37:57.740,3.328,30000
2020-09-18 09:37:57.740,3.328,50000
2020-09-18 09:37:57.740,3.328,20000
2020-09-18 09:37:58.260,3.326,21800
2020-09-18 09:37:58.910,3.326,8200
2020-09-18 09:37:58.910,3.326,40000
2020-09-18 09:37:58.910,3.326,20000
2020-09-18 09:37:59.200,3.326,20000
2020-09-18 09:37:59.700,3.326,20000
2020-09-18 09:38:00.750,3.326,20000
2020-09-18 09:38:00.750,3.326,20000
2020-09-18 09:38:00.750,3.326,50000
2020-09-18 09:38:00.750,3.326,50000
2020-09-18 09:38:00.750,3.326,50000
2020-09-18 09:38:00.750,3.326,50000
2020-09-18 09:38:00.750,3.326,50000
2020-09-18 09:38:00.750,3.326,50000
2020-09-18 09:38:00.750,3.326,50000
2020-09-18 09:38:00.750,3.326,50000
2020-09-18 09:38:00.750,3.326,30000
2020-09-18 09:38:00.750,3.326,40000
2020-09-18 09:38:00.750,3.326,50000
2020-09-18 09:38:00.750,3.326,50000
2020-09-18 09:38:00.750,3.326,50000
2020-09-18 09:38:00.750,3.326,30000
2020-09-18 09:38:00.750,3.326,20000
2020-09-18 09:38:01.610,3.326,181800
2020-09-18 09:38:01.610,3.326,2000
2020-09-18 09:38:02.080,3.327,30000
2020-09-18 09:38:02.200,3.327,6000
2020-09-18 09:38:02.580,3.327,2000
2020-09-18 09:38:02.750,3.328,3100
2020-09-18 09:38:02.750,3.328,2000
2020-09-18 09:38:02.750,3.328,2300
2020-09-18 09:38:02.750,3.328,20000
2020-09-18 09:38:02.750,3.328,50000
2020-09-18 09:38:02.750,3.328,10000
2020-09-18 09:38:03.610,3.328,15200
2020-09-18 09:38:03.760,3.329,11000
2020-09-18 09:38:03.760,3.329,8000
2020-09-18 09:38:03.760,3.329,1000
2020-09-18 09:38:03.760,3.329,9000
2020-09-18 09:38:03.760,3.329,300
2020-09-18 09:38:03.760,3.329,1000
2020-09-18 09:38:03.760,3.329,1500
2020-09-18 09:38:03.760,3.329,7000
2020-09-18 09:38:03.760,3.329,1000
2020-09-18 09:38:03.760,3.329,10000
2020-09-18 09:38:03.760,3.329,5000
2020-09-18 09:38:03.760,3.329,15200
2020-09-18 09:38:03.760,3.329,30000
2020-09-18 09:38:03.760,3.329,8200
2020-09-18 09:38:03.760,3.329,1000
2020-09-18 09:38:03.760,3.329,100
2020-09-18 09:38:03.760,3.329,8000
2020-09-18 09:38:03.760,3.329,5000
2020-09-18 09:38:03.760,3.329,3000
2020-09-18 09:38:03.760,3.329,24700
2020-09-18 09:38:03.760,3.329,25300
2020-09-18 09:38:03.760,3.329,5000
2020-09-18 09:38:03.760,3.329,15600
2020-09-18 09:38:03.760,3.329,4100
2020-09-18 09:38:03.760,3.329,7000
2020-09-18 09:38:03.760,3.329,43000
2020-09-18 09:38:03.760,3.329,20000
2020-09-18 09:38:03.760,3.329,50000
2020-09-18 09:38:03.760,3.329,40000
2020-09-18 09:38:03.760,3.329,30000
2020-09-18 09:38:03.760,3.329,20000
2020-09-18 09:38:03.760,3.329,50000
2020-09-18 09:38:03.760,3.329,50000
2020-09-18 09:38:03.760,3.329,20000
2020-09-18 09:38:03.760,3.329,50000
2020-09-18 09:38:04.290,3.329,300000
2020-09-18 09:38:05.010,3.328,11500
2020-09-18 09:38:05.220,3.329,227000
2020-09-18 09:38:06.750,3.33,100
2020-09-18 09:38:06.750,3.33,3100
2020-09-18 09:38:06.750,3.33,2000
2020-09-18 09:38:06.750,3.33,8000
2020-09-18 09:38:06.750,3.33,2000
2020-09-18 09:38:06.750,3.33,100
2020-09-18 09:38:06.750,3.33,1000
2020-09-18 09:38:06.750,3.33,10000
2020-09-18 09:38:06.750,3.33,10000
2020-09-18 09:38:06.750,3.33,5000
2020-09-18 09:38:06.750,3.33,100
2020-09-18 09:38:06.750,3.33,15000
2020-09-18 09:38:06.750,3.33,1000
2020-09-18 09:38:06.750,3.33,7300
2020-09-18 09:38:06.750,3.33,7000
2020-09-18 09:38:06.750,3.33,12000
2020-09-18 09:38:06.750,3.33,30000
2020-09-18 09:38:06.750,3.33,11200
2020-09-18 09:38:06.750,3.33,3000
2020-09-18 09:38:06.750,3.33,600
2020-09-18 09:38:06.750,3.33,2500
2020-09-18 09:38:06.750,3.33,10000
2020-09-18 09:38:06.750,3.33,200
2020-09-18 09:38:06.750,3.33,100000
2020-09-18 09:38:06.750,3.33,58800
2020-09-18 09:38:07.100,3.329,16500
2020-09-18 09:38:07.790,3.33,41200
2020-09-18 09:38:07.790,3.33,3000
2020-09-18 09:38:07.790,3.33,1500
2020-09-18 09:38:07.790,3.33,4300
2020-09-18 09:38:07.790,3.33,35700
2020-09-18 09:38:07.790,3.33,7300
2020-09-18 09:38:07.790,3.33,5000
2020-09-18 09:38:07.790,3.33,2000
2020-09-18 09:38:07.790,3.33,7700
2020-09-18 09:38:07.790,3.33,10000
2020-09-18 09:38:07.790,3.33,1000
2020-09-18 09:38:07.790,3.33,1000
2020-09-18 09:38:07.790,3.33,100
2020-09-18 09:38:07.790,3.33,1000
2020-09-18 09:38:07.790,3.33,19200
2020-09-18 09:38:07.820,3.329,1000
2020-09-18 09:38:08.290,3.329,7700
2020-09-18 09:38:09.090,3.329,5000
2020-09-18 09:38:09.810,3.329,20000
2020-09-18 09:38:10.550,3.329,600
2020-09-18 09:38:11.740,3.33,30800
2020-09-18 09:38:11.740,3.33,81700
2020-09-18 09:38:13.870,3.329,500
2020-09-18 09:38:15.090,3.329,11400
2020-09-18 09:38:15.270,3.33,18300
2020-09-18 09:38:15.270,3.33,5000
2020-09-18 09:38:15.270,3.33,5000
2020-09-18 09:38:15.270,3.33,10000
2020-09-18 09:38:15.270,3.33,100
2020-09-18 09:38:15.270,3.33,200
2020-09-18 09:38:15.270,3.33,3000
2020-09-18 09:38:15.270,3.33,8400
2020-09-18 09:38:15.350,3.33,1600
2020-09-18 09:38:15.350,3.33,5800
2020-09-18 09:38:15.730,3.329,10300
2020-09-18 09:38:16.210,3.329,1000
2020-09-18 09:38:16.240,3.329,5000
2020-09-18 09:38:16.280,3.329,13700
2020-09-18 09:38:16.280,3.33,800
2020-09-18 09:38:16.280,3.33,6400
2020-09-18 09:38:16.280,3.33,500
2020-09-18 09:38:16.280,3.33,8600
2020-09-18 09:38:17.090,3.33,7500
2020-09-18 09:38:17.210,3.33,3900
2020-09-18 09:38:17.210,3.33,5000
2020-09-18 09:38:17.210,3.33,3000
2020-09-18 09:38:17.210,3.33,6500
2020-09-18 09:38:17.210,3.33,5000
2020-09-18 09:38:17.210,3.33,1700
2020-09-18 09:38:17.210,3.331,1000
2020-09-18 09:38:17.210,3.331,1000
2020-09-18 09:38:17.210,3.331,1000
2020-09-18 09:38:17.210,3.331,10000
2020-09-18 09:38:17.210,3.331,2600
2020-09-18 09:38:17.210,3.331,7600
2020-09-18 09:38:17.210,3.331,7000
2020-09-18 09:38:17.210,3.331,100000
2020-09-18 09:38:17.210,3.331,100000
2020-09-18 09:38:17.210,3.331,5000
2020-09-18 09:38:17.210,3.331,39700
2020-09-18 09:38:17.540,3.33,6400
2020-09-18 09:38:17.540,3.33,3000
2020-09-18 09:38:17.540,3.331,10300
2020-09-18 09:38:17.540,3.331,40300
2020-09-18 09:38:18.750,3.331,50000
2020-09-18 09:38:18.810,3.331,9700
2020-09-18 09:38:18.810,3.331,300
2020-09-18 09:38:18.840,3.33,100
2020-09-18 09:38:19.590,3.33,3000
2020-09-18 09:38:20.260,3.33,3500
2020-09-18 09:38:20.910,3.331,4700
2020-09-18 09:38:20.910,3.331,10000
2020-09-18 09:38:20.910,3.331,500
2020-09-18 09:38:20.910,3.331,100
2020-09-18 09:38:21.090,3.331,284700
2020-09-18 09:38:21.760,3.331,300000
2020-09-18 09:38:21.760,3.331,20000
2020-09-18 09:38:21.760,3.331,20000
2020-09-18 09:38:21.760,3.331,10000
2020-09-18 09:38:21.760,3.331,10000
2020-09-18 09:38:21.760,3.331,30000
2020-09-18 09:38:21.760,3.331,40000
2020-09-18 09:38:21.760,3.331,10000
2020-09-18 09:38:22.020,3.33,1500
2020-09-18 09:38:22.610,3.33,5000
2020-09-18 09:38:22.880,3.33,1000
2020-09-18 09:38:23.730,3.33,5900
2020-09-18 09:38:23.730,3.33,3100
2020-09-18 09:38:24.720,3.331,9100
2020-09-18 09:38:24.720,3.331,20900
2020-09-18 09:38:26.480,3.33,300
2020-09-18 09:38:27.790,3.331,9100
2020-09-18 09:38:27.790,3.331,20600
2020-09-18 09:38:27.790,3.331,10000
2020-09-18 09:38:27.790,3.331,300
2020-09-18 09:38:28.610,3.331,600
2020-09-18 09:38:29.820,3.331,9100
2020-09-18 09:38:29.820,3.331,1000
2020-09-18 09:38:30.190,3.33,16600
2020-09-18 09:38:30.190,3.33,5800
2020-09-18 09:38:30.190,3.33,6000
2020-09-18 09:38:30.190,3.33,1600
2020-09-18 09:38:30.700,3.331,5000
2020-09-18 09:38:30.700,3.331,5000
2020-09-18 09:38:32.480,3.331,100
2020-09-18 09:38:33.790,3.331,6400
2020-09-18 09:38:33.790,3.331,700
2020-09-18 09:38:33.790,3.331,2900
2020-09-18 09:38:34.640,3.33,6000
2020-09-18 09:38:34.670,3.331,1100
2020-09-18 09:38:34.670,3.331,10000
2020-09-18 09:38:35.170,3.331,8900
2020-09-18 09:38:36.090,3.331,1100
2020-09-18 09:38:36.090,3.331,400
2020-09-18 09:38:36.090,3.331,200
2020-09-18 09:38:37.070,3.331,1300
2020-09-18 09:38:38.590,3.33,500
2020-09-18 09:38:38.730,3.331,8700
2020-09-18 09:38:38.730,3.331,3600
2020-09-18 09:38:38.730,3.332,200
2020-09-18 09:38:38.730,3.332,1000
2020-09-18 09:38:38.730,3.332,10000
2020-09-18 09:38:38.730,3.332,10000
2020-09-18 09:38:38.730,3.332,4400
2020-09-18 09:38:38.730,3.332,100
2020-09-18 09:38:38.730,3.332,10000
2020-09-18 09:38:38.730,3.332,2000
2020-09-18 09:38:38.830,3.332,8800
2020-09-18 09:38:38.830,3.332,7000
2020-09-18 09:38:38.830,3.332,4200
2020-09-18 09:38:39.130,3.33,300
2020-09-18 09:38:39.520,3.33,4000
2020-09-18 09:38:40.230,3.331,30000
2020-09-18 09:38:40.230,3.331,50000
2020-09-18 09:38:40.230,3.331,800
2020-09-18 09:38:40.230,3.332,5800
2020-09-18 09:38:40.230,3.332,100000
2020-09-18 09:38:40.230,3.332,100000
2020-09-18 09:38:40.230,3.332,10000
2020-09-18 09:38:40.230,3.332,2000
2020-09-18 09:38:40.230,3.332,1400
2020-09-18 09:38:40.450,3.33,7600
2020-09-18 09:38:40.450,3.33,100
2020-09-18 09:38:40.450,3.33,14500
2020-09-18 09:38:40.580,3.33,200
2020-09-18 09:38:40.970,3.331,700
2020-09-18 09:38:41.310,3.331,200
2020-09-18 09:38:41.930,3.331,4100
2020-09-18 09:38:41.930,3.331,20000
2020-09-18 09:38:41.930,3.33,5300
2020-09-18 09:38:41.930,3.33,40000
2020-09-18 09:38:41.930,3.33,300
2020-09-18 09:38:41.930,3.329,10300
2020-09-18 09:38:42.790,3.332,50000
2020-09-18 09:38:42.790,3.332,48600
2020-09-18 09:38:42.790,3.332,800
2020-09-18 09:38:42.790,3.332,600
2020-09-18 09:38:42.790,3.332,4400
2020-09-18 09:38:42.790,3.332,25600
2020-09-18 09:38:42.790,3.332,24400
2020-09-18 09:38:42.790,3.332,25600
2020-09-18 09:38:43.000,3.329,3000
2020-09-18 09:38:44.310,3.33,2800
2020-09-18 09:38:44.310,3.33,2200
2020-09-18 09:38:44.630,3.331,400
2020-09-18 09:38:45.120,3.33,17000
2020-09-18 09:38:45.220,3.331,4600
2020-09-18 09:38:45.220,3.331,7400
2020-09-18 09:38:45.280,3.332,30000
2020-09-18 09:38:45.280,3.332,30000
2020-09-18 09:38:45.280,3.332,30000
2020-09-18 09:38:45.280,3.332,30000
2020-09-18 09:38:45.280,3.332,30000
2020-09-18 09:38:45.280,3.332,30000
2020-09-18 09:38:45.280,3.332,30000
2020-09-18 09:38:45.280,3.332,30000
2020-09-18 09:38:45.340,3.332,30000
2020-09-18 09:38:45.510,3.331,8000
2020-09-18 09:38:45.510,3.33,800
2020-09-18 09:38:45.510,3.33,20000
2020-09-18 09:38:45.510,3.33,40000
2020-09-18 09:38:45.840,3.33,50000
2020-09-18 09:38:45.840,3.33,40000
2020-09-18 09:38:45.900,3.33,10000
2020-09-18 09:38:46.440,3.33,2000
2020-09-18 09:38:46.720,3.33,10000
2020-09-18 09:38:47.010,3.33,39200
2020-09-18 09:38:47.250,3.331,10000
2020-09-18 09:38:47.250,3.331,10000
2020-09-18 09:38:47.880,3.331,10000
2020-09-18 09:38:48.120,3.331,10000
2020-09-18 09:38:48.590,3.331,10000
2020-09-18 09:38:48.680,3.331,60000
2020-09-18 09:38:48.680,3.331,20000
2020-09-18 09:38:48.680,3.331,10000
2020-09-18 09:38:48.680,3.332,104400
2020-09-18 09:38:48.680,3.332,100
2020-09-18 09:38:48.680,3.332,5000
2020-09-18 09:38:48.680,3.332,5000
2020-09-18 09:38:48.680,3.332,600
2020-09-18 09:38:48.680,3.332,500
2020-09-18 09:38:48.680,3.332,87800
2020-09-18 09:38:49.240,3.332,179000
2020-09-18 09:38:49.430,3.333,1700
2020-09-18 09:38:49.490,3.332,10000
2020-09-18 09:38:50.800,3.332,300
2020-09-18 09:38:50.900,3.332,2700
2020-09-18 09:38:51.090,3.332,6000
2020-09-18 09:38:52.190,3.332,1300
2020-09-18 09:38:52.550,3.332,20000
2020-09-18 09:38:53.420,3.332,5000
2020-09-18 09:38:58.470,3.332,600
2020-09-18 09:38:58.590,3.332,5000
2020-09-18 09:38:59.100,3.333,300
2020-09-18 09:38:59.100,3.333,3100
2020-09-18 09:38:59.160,3.332,7000
2020-09-18 09:38:59.710,3.333,6900
2020-09-18 09:38:59.710,3.333,2900
2020-09-18 09:38:59.710,3.333,15000
2020-09-18 09:38:59.710,3.333,2700
2020-09-18 09:38:59.710,3.333,1000
2020-09-18 09:38:59.710,3.333,10000
2020-09-18 09:38:59.710,3.333,100
2020-09-18 09:38:59.710,3.333,11400
2020-09-18 09:39:00.430,3.333,8600
2020-09-18 09:39:00.430,3.333,7000
2020-09-18 09:39:00.430,3.333,1800
2020-09-18 09:39:00.430,3.333,200
2020-09-18 09:39:00.430,3.333,10000
2020-09-18 09:39:00.430,3.333,4100
2020-09-18 09:39:00.430,3.333,20000
2020-09-18 09:39:00.430,3.333,800
2020-09-18 09:39:00.430,3.333,800
2020-09-18 09:39:00.430,3.333,9800
2020-09-18 09:39:00.820,3.333,10200
2020-09-18 09:39:00.820,3.333,9800
2020-09-18 09:39:01.490,3.332,2000
2020-09-18 09:39:01.670,3.333,400
2020-09-18 09:39:03.000,3.332,100
2020-09-18 09:39:03.000,3.332,200
2020-09-18 09:39:05.680,3.332,200
2020-09-18 09:39:05.680,3.332,10000
2020-09-18 09:39:05.680,3.332,7100
2020-09-18 09:39:05.680,3.332,200
2020-09-18 09:39:05.680,3.333,7700
2020-09-18 09:39:05.680,3.333,274800
2020-09-18 09:39:06.260,3.333,25200
2020-09-18 09:39:06.260,3.333,2200
2020-09-18 09:39:06.260,3.333,700
2020-09-18 09:39:06.260,3.333,1000
2020-09-18 09:39:06.260,3.333,10000
2020-09-18 09:39:06.260,3.333,12200
2020-09-18 09:39:06.260,3.333,1500
2020-09-18 09:39:06.260,3.333,3000
2020-09-18 09:39:06.620,3.333,500
2020-09-18 09:39:06.710,3.333,30000
2020-09-18 09:39:06.710,3.334,300
2020-09-18 09:39:06.710,3.334,100
2020-09-18 09:39:06.710,3.334,10000
2020-09-18 09:39:06.710,3.334,10000
2020-09-18 09:39:06.710,3.334,1000
2020-09-18 09:39:06.710,3.334,10000
2020-09-18 09:39:06.710,3.334,3000
2020-09-18 09:39:06.710,3.334,7000
2020-09-18 09:39:06.710,3.334,3000
2020-09-18 09:39:06.710,3.334,3000
2020-09-18 09:39:06.710,3.334,2600
2020-09-18 09:39:06.710,3.334,7400
2020-09-18 09:39:06.710,3.334,500
2020-09-18 09:39:06.710,3.334,12100
2020-09-18 09:39:06.770,3.333,1300
2020-09-18 09:39:07.400,3.333,2400
2020-09-18 09:39:07.470,3.333,7000
2020-09-18 09:39:08.800,3.334,30000
2020-09-18 09:39:08.800,3.334,7900
2020-09-18 09:39:08.800,3.334,3000
2020-09-18 09:39:08.800,3.334,100
2020-09-18 09:39:08.800,3.334,3800
2020-09-18 09:39:08.800,3.334,15200
2020-09-18 09:39:08.800,3.334,10000
2020-09-18 09:39:08.870,3.333,7800
2020-09-18 09:39:09.230,3.334,300000
2020-09-18 09:39:09.600,3.333,7900
2020-09-18 09:39:09.690,3.334,30000
2020-09-18 09:39:09.760,3.334,100000
2020-09-18 09:39:09.790,3.334,50000
2020-09-18 09:39:09.790,3.334,10000
2020-09-18 09:39:09.790,3.334,50000
2020-09-18 09:39:09.790,3.334,40000
2020-09-18 09:39:09.790,3.334,50000
2020-09-18 09:39:09.790,3.334,50000
2020-09-18 09:39:09.790,3.334,50000
2020-09-18 09:39:09.790,3.334,30000
2020-09-18 09:39:09.790,3.334,50000
2020-09-18 09:39:09.790,3.334,20000
2020-09-18 09:39:09.790,3.334,30000
2020-09-18 09:39:11.190,3.333,6200
2020-09-18 09:39:11.740,3.333,200
2020-09-18 09:39:12.550,3.333,3000
2020-09-18 09:39:12.550,3.333,6000
2020-09-18 09:39:13.440,3.333,2600
2020-09-18 09:39:14.860,3.334,7400
2020-09-18 09:39:15.180,3.333,3000
2020-09-18 09:39:16.010,3.334,100
2020-09-18 09:39:17.250,3.334,4000
2020-09-18 09:39:17.250,3.334,10000
2020-09-18 09:39:17.250,3.334,800
2020-09-18 09:39:17.250,3.334,8000
2020-09-18 09:39:17.250,3.334,27200
2020-09-18 09:39:17.250,3.334,22800
2020-09-18 09:39:17.250,3.334,17200
2020-09-18 09:39:18.170,3.334,7400
2020-09-18 09:39:18.680,3.334,25400
2020-09-18 09:39:18.680,3.334,500
2020-09-18 09:39:18.680,3.334,4000
2020-09-18 09:39:18.680,3.334,2000
2020-09-18 09:39:18.680,3.334,18100
2020-09-18 09:39:18.680,3.334,10000
2020-09-18 09:39:18.680,3.334,50000
2020-09-18 09:39:19.400,3.333,200
2020-09-18 09:39:21.310,3.333,14600
2020-09-18 09:39:21.870,3.334,4400
2020-09-18 09:39:22.130,3.333,3700
2020-09-18 09:39:24.120,3.334,7400
2020-09-18 09:39:25.060,3.333,1500
2020-09-18 09:39:25.100,3.333,700
2020-09-18 09:39:25.400,3.334,100
2020-09-18 09:39:25.810,3.333,600
2020-09-18 09:39:26.630,3.333,50000
2020-09-18 09:39:26.810,3.334,10000
2020-09-18 09:39:27.140,3.333,200
2020-09-18 09:39:28.480,3.333,2000
2020-09-18 09:39:28.750,3.333,600
2020-09-18 09:39:28.780,3.333,1000
2020-09-18 09:39:28.840,3.334,50000
2020-09-18 09:39:28.840,3.334,50000
2020-09-18 09:39:28.840,3.334,50000
2020-09-18 09:39:28.840,3.334,30000
2020-09-18 09:39:28.840,3.334,50000
2020-09-18 09:39:29.310,3.334,200
2020-09-18 09:39:30.530,3.333,3000
2020-09-18 09:39:30.710,3.334,3000
2020-09-18 09:39:30.710,3.334,24100
2020-09-18 09:39:30.770,3.334,50000
2020-09-18 09:39:30.770,3.334,2600
2020-09-18 09:39:30.770,3.334,1300
2020-09-18 09:39:30.770,3.334,30000
2020-09-18 09:39:30.770,3.334,700
2020-09-18 09:39:30.770,3.334,2000
2020-09-18 09:39:30.770,3.334,13400
2020-09-18 09:39:30.770,3.334,2000
2020-09-18 09:39:30.770,3.334,900
2020-09-18 09:39:30.770,3.334,300
2020-09-18 09:39:30.770,3.334,5800
2020-09-18 09:39:30.770,3.334,1000
2020-09-18 09:39:31.160,3.333,2300
2020-09-18 09:39:31.450,3.333,5000
2020-09-18 09:39:31.540,3.333,2000
2020-09-18 09:39:32.620,3.333,1000
2020-09-18 09:39:33.170,3.333,500
2020-09-18 09:39:34.090,3.333,1000
2020-09-18 09:39:34.210,3.334,100
2020-09-18 09:39:34.380,3.333,1000
2020-09-18 09:39:34.440,3.333,10000
2020-09-18 09:39:34.440,3.334,1900
2020-09-18 09:39:34.440,3.334,1000
2020-09-18 09:39:34.440,3.334,100
2020-09-18 09:39:34.770,3.333,6000
2020-09-18 09:39:35.650,3.333,100
2020-09-18 09:39:36.170,3.333,3000
2020-09-18 09:39:37.310,3.334,900
2020-09-18 09:39:37.310,3.334,2000
2020-09-18 09:39:37.310,3.334,3000
2020-09-18 09:39:37.310,3.334,100
2020-09-18 09:39:37.310,3.334,14000
2020-09-18 09:39:37.830,3.334,11000
2020-09-18 09:39:37.830,3.334,300
2020-09-18 09:39:37.830,3.334,100
2020-09-18 09:39:37.830,3.334,5000
2020-09-18 09:39:37.830,3.334,13600
2020-09-18 09:39:37.830,3.334,10000
2020-09-18 09:39:39.350,3.333,500
2020-09-18 09:39:40.840,3.334,50000
2020-09-18 09:39:40.840,3.334,10000
2020-09-18 09:39:41.810,3.333,2000
2020-09-18 09:39:42.100,3.333,4000
2020-09-18 09:39:42.980,3.334,10900
2020-09-18 09:39:42.980,3.334,800
2020-09-18 09:39:42.980,3.334,1000
2020-09-18 09:39:42.980,3.334,3000
2020-09-18 09:39:42.980,3.334,1000
2020-09-18 09:39:42.980,3.334,100
2020-09-18 09:39:42.980,3.334,5500
2020-09-18 09:39:42.980,3.334,1800
2020-09-18 09:39:42.980,3.334,100
2020-09-18 09:39:42.980,3.334,1000
2020-09-18 09:39:42.980,3.334,2000
2020-09-18 09:39:42.980,3.334,1300
2020-09-18 09:39:42.980,3.334,3000
2020-09-18 09:39:42.980,3.334,10000
2020-09-18 09:39:42.980,3.334,1000
2020-09-18 09:39:43.530,3.334,7500
2020-09-18 09:39:43.530,3.334,2500
2020-09-18 09:39:44.130,3.334,2500
2020-09-18 09:39:44.400,3.334,25000
2020-09-18 09:39:45.130,3.334,400
2020-09-18 09:39:45.390,3.333,10900
2020-09-18 09:39:45.750,3.334,20000
2020-09-18 09:39:45.860,3.334,4600
2020-09-18 09:39:45.860,3.334,2500
2020-09-18 09:39:46.810,3.333,5000
2020-09-18 09:39:46.930,3.334,500
2020-09-18 09:39:46.930,3.334,3000
2020-09-18 09:39:46.930,3.334,2000
2020-09-18 09:39:46.930,3.334,5000
2020-09-18 09:39:46.930,3.334,5000
2020-09-18 09:39:46.930,3.334,6400
2020-09-18 09:39:46.930,3.334,7500
2020-09-18 09:39:47.860,3.334,2000
2020-09-18 09:39:48.040,3.334,500
2020-09-18 09:39:48.640,3.334,5000
2020-09-18 09:39:48.670,3.334,16600
2020-09-18 09:39:48.950,3.334,200
2020-09-18 09:39:49.330,3.334,10000
2020-09-18 09:39:49.390,3.334,5200
2020-09-18 09:39:49.390,3.334,5000
2020-09-18 09:39:49.670,3.333,900
2020-09-18 09:39:50.580,3.333,17000
2020-09-18 09:39:50.780,3.333,1000
2020-09-18 09:39:51.420,3.334,30000
2020-09-18 09:39:56.210,3.333,9900
2020-09-18 09:39:58.300,3.333,5100
2020-09-18 09:39:58.300,3.333,500
2020-09-18 09:39:58.300,3.333,14300
2020-09-18 09:39:58.360,3.334,1000
2020-09-18 09:39:58.500,3.333,4000
2020-09-18 09:39:59.500,3.333,2500
2020-09-18 09:39:59.710,3.334,3000
2020-09-18 09:40:01.270,3.333,1100
2020-09-18 09:40:01.650,3.333,1000
2020-09-18 09:40:02.360,3.333,1500
2020-09-18 09:40:02.480,3.334,6600
2020-09-18 09:40:02.480,3.334,1500
2020-09-18 09:40:02.480,3.334,3000
2020-09-18 09:40:02.480,3.334,7300
2020-09-18 09:40:02.480,3.334,11500
2020-09-18 09:40:04.090,3.333,19000
2020-09-18 09:40:04.090,3.333,11900
2020-09-18 09:40:04.090,3.333,1000
2020-09-18 09:40:04.090,3.333,268100
2020-09-18 09:40:04.370,3.333,31900
2020-09-18 09:40:04.850,3.333,63800
2020-09-18 09:40:06.140,3.332,700
2020-09-18 09:40:08.120,3.332,2000
2020-09-18 09:40:10.120,3.333,1000
2020-09-18 09:40:10.270,3.332,47300
2020-09-18 09:40:10.270,3.332,800
2020-09-18 09:40:10.270,3.332,300
2020-09-18 09:40:10.270,3.332,2000
2020-09-18 09:40:13.360,3.332,50000
2020-09-18 09:40:13.360,3.332,50000
2020-09-18 09:40:13.360,3.332,10000
2020-09-18 09:40:13.930,3.332,59500
2020-09-18 09:40:16.150,3.331,5000
2020-09-18 09:40:16.310,3.332,100
2020-09-18 09:40:16.310,3.332,2000
2020-09-18 09:40:16.310,3.332,47900
2020-09-18 09:40:16.310,3.332,20000
2020-09-18 09:40:16.380,3.331,41100
2020-09-18 09:40:16.730,3.331,253200
2020-09-18 09:40:16.790,3.331,700
2020-09-18 09:40:16.790,3.331,6100
2020-09-18 09:40:16.850,3.331,5400
2020-09-18 09:40:17.710,3.331,5000
2020-09-18 09:40:18.920,3.331,5000
2020-09-18 09:40:18.960,3.331,6000
2020-09-18 09:40:18.990,3.332,40000
2020-09-18 09:40:19.420,3.331,12500
2020-09-18 09:40:20.340,3.331,30000
2020-09-18 09:40:20.340,3.331,30000
2020-09-18 09:40:20.340,3.331,10000
2020-09-18 09:40:20.340,3.331,30000
2020-09-18 09:40:20.340,3.331,16400
2020-09-18 09:40:20.340,3.331,13600
2020-09-18 09:40:20.340,3.331,30000
2020-09-18 09:40:20.720,3.331,1500
2020-09-18 09:40:20.720,3.331,2300
2020-09-18 09:40:20.720,3.331,1000
2020-09-18 09:40:20.720,3.331,1900
2020-09-18 09:40:21.500,3.331,500
2020-09-18 09:40:21.760,3.331,5000
2020-09-18 09:40:22.000,3.332,50000
2020-09-18 09:40:22.000,3.332,20000
2020-09-18 09:40:22.060,3.331,7700
2020-09-18 09:40:22.770,3.331,100
2020-09-18 09:40:22.770,3.331,900
2020-09-18 09:40:23.290,3.332,30000
2020-09-18 09:40:23.290,3.332,30000
2020-09-18 09:40:23.290,3.332,20000
2020-09-18 09:40:23.320,3.331,100
2020-09-18 09:40:23.710,3.331,4000
2020-09-18 09:40:23.890,3.331,100
2020-09-18 09:40:24.410,3.331,10000
2020-09-18 09:40:24.440,3.332,30000
2020-09-18 09:40:24.440,3.332,270000
2020-09-18 09:40:24.440,3.332,300000
2020-09-18 09:40:24.440,3.332,300000
2020-09-18 09:40:24.570,3.331,4000
2020-09-18 09:40:24.970,3.332,30000
2020-09-18 09:40:24.970,3.332,2500
2020-09-18 09:40:24.970,3.332,4900
2020-09-18 09:40:24.970,3.332,2600
2020-09-18 09:40:26.130,3.331,100
2020-09-18 09:40:26.220,3.331,4200
2020-09-18 09:40:26.750,3.331,1000
2020-09-18 09:40:26.780,3.331,41500
2020-09-18 09:40:27.310,3.331,1300
2020-09-18 09:40:27.560,3.331,5000
2020-09-18 09:40:27.960,3.331,1300
2020-09-18 09:40:28.080,3.332,2400
2020-09-18 09:40:28.080,3.332,700
2020-09-18 09:40:28.080,3.332,3000
2020-09-18 09:40:28.080,3.332,2700
2020-09-18 09:40:28.080,3.332,1500
2020-09-18 09:40:28.080,3.332,300
2020-09-18 09:40:28.080,3.332,10000
2020-09-18 09:40:28.080,3.333,700
2020-09-18 09:40:28.080,3.333,100
2020-09-18 09:40:28.080,3.333,5000
2020-09-18 09:40:28.080,3.333,2000
2020-09-18 09:40:28.080,3.333,3000
2020-09-18 09:40:28.080,3.333,500
2020-09-18 09:40:28.080,3.333,10000
2020-09-18 09:40:28.080,3.333,4500
2020-09-18 09:40:28.080,3.333,500
2020-09-18 09:40:28.080,3.333,800
2020-09-18 09:40:28.080,3.333,3000
2020-09-18 09:40:28.080,3.333,2100
2020-09-18 09:40:28.080,3.333,1000
2020-09-18 09:40:28.080,3.333,3000
2020-09-18 09:40:28.080,3.333,43200
2020-09-18 09:40:28.150,3.331,203300
2020-09-18 09:40:28.580,3.332,1000
2020-09-18 09:40:28.600,3.332,7400
2020-09-18 09:40:28.880,3.332,1600
2020-09-18 09:40:28.880,3.331,600
2020-09-18 09:40:29.630,3.331,1200
2020-09-18 09:40:29.700,3.331,1200
2020-09-18 09:40:29.870,3.331,10000
2020-09-18 09:40:30.370,3.331,5000
2020-09-18 09:40:30.430,3.331,800
2020-09-18 09:40:31.020,3.332,10000
2020-09-18 09:40:31.360,3.332,500
2020-09-18 09:40:31.450,3.331,2200
2020-09-18 09:40:32.110,3.331,100
2020-09-18 09:40:32.200,3.331,2100
2020-09-18 09:40:32.200,3.331,900
2020-09-18 09:40:33.200,3.331,1400
2020-09-18 09:40:33.450,3.331,5000
2020-09-18 09:40:34.020,3.332,10000
2020-09-18 09:40:34.590,3.331,32700
2020-09-18 09:40:34.590,3.331,3000
2020-09-18 09:40:34.590,3.331,9500
2020-09-18 09:40:36.360,3.331,1300
2020-09-18 09:40:36.390,3.331,1000
2020-09-18 09:40:36.450,3.331,5000
2020-09-18 09:40:36.630,3.332,3400
2020-09-18 09:40:36.630,3.332,37400
2020-09-18 09:40:36.630,3.332,48000
2020-09-18 09:40:36.630,3.332,1000
2020-09-18 09:40:36.630,3.332,2500
2020-09-18 09:40:37.750,3.332,14500
2020-09-18 09:40:38.270,3.332,500000
2020-09-18 09:40:38.820,3.332,8800
2020-09-18 09:40:41.340,3.332,1000
2020-09-18 09:40:41.370,3.332,200
2020-09-18 09:40:42.040,3.332,600
2020-09-18 09:40:42.270,3.332,2000
2020-09-18 09:40:42.480,3.332,34900
2020-09-18 09:40:42.910,3.332,2500
2020-09-18 09:40:43.030,3.332,500
2020-09-18 09:40:43.290,3.332,12700
2020-09-18 09:40:43.290,3.332,1000
2020-09-18 09:40:43.290,3.331,200
2020-09-18 09:40:43.290,3.331,25500
2020-09-18 09:40:43.350,3.331,6000
2020-09-18 09:40:44.050,3.331,8500
2020-09-18 09:40:44.050,3.33,11500
2020-09-18 09:40:47.230,3.332,2000
2020-09-18 09:40:47.230,3.332,2600
2020-09-18 09:40:47.230,3.332,500
2020-09-18 09:40:47.230,3.332,4900
2020-09-18 09:40:47.420,3.331,800
2020-09-18 09:40:48.690,3.331,2200
2020-09-18 09:40:48.690,3.33,3200
2020-09-18 09:40:49.510,3.331,23000
2020-09-18 09:40:51.600,3.33,20000
2020-09-18 09:40:52.230,3.331,2000
2020-09-18 09:40:53.340,3.331,5000
2020-09-18 09:40:53.340,3.331,1000
2020-09-18 09:40:53.460,3.331,100
2020-09-18 09:40:53.710,3.331,12300
2020-09-18 09:40:54.750,3.331,100
2020-09-18 09:40:54.810,3.331,3900
2020-09-18 09:40:55.180,3.331,1000
2020-09-18 09:40:55.860,3.331,3000
2020-09-18 09:40:58.290,3.331,1500
2020-09-18 09:41:00.330,3.331,5000
2020-09-18 09:41:01.920,3.331,700
2020-09-18 09:41:02.840,3.331,600
2020-09-18 09:41:04.010,3.331,3000
2020-09-18 09:41:04.510,3.331,500
2020-09-18 09:41:04.750,3.331,36800
2020-09-18 09:41:05.570,3.331,1000
2020-09-18 09:41:06.230,3.331,12100
2020-09-18 09:41:06.320,3.332,9000
2020-09-18 09:41:06.560,3.331,2000
2020-09-18 09:41:07.580,3.331,10000
2020-09-18 09:41:07.820,3.331,400
2020-09-18 09:41:08.370,3.331,800
2020-09-18 09:41:08.840,3.332,5000
2020-09-18 09:41:08.900,3.331,6200
2020-09-18 09:41:08.900,3.331,26000
2020-09-18 09:41:12.030,3.331,6600
2020-09-18 09:41:13.100,3.33,6000
2020-09-18 09:41:16.880,3.331,5000
2020-09-18 09:41:16.910,3.331,2600
2020-09-18 09:41:16.970,3.33,59300
2020-09-18 09:41:16.970,3.33,1500
2020-09-18 09:41:16.970,3.33,1000
2020-09-18 09:41:16.970,3.33,3100
2020-09-18 09:41:16.970,3.33,5900
2020-09-18 09:41:16.970,3.33,6000
2020-09-18 09:41:16.970,3.33,10000
2020-09-18 09:41:16.970,3.33,10000
2020-09-18 09:41:16.970,3.33,203400
2020-09-18 09:41:17.430,3.33,5500
2020-09-18 09:41:17.490,3.33,3300
2020-09-18 09:41:17.760,3.33,300
2020-09-18 09:41:19.090,3.331,20100
2020-09-18 09:41:19.310,3.33,46000
2020-09-18 09:41:19.400,3.331,3000
2020-09-18 09:41:19.550,3.33,2300
2020-09-18 09:41:19.750,3.331,1000
2020-09-18 09:41:19.780,3.33,2700
2020-09-18 09:41:19.780,3.33,222400
2020-09-18 09:41:27.430,3.329,1400
2020-09-18 09:41:27.430,3.329,4100
2020-09-18 09:41:29.090,3.33,300
2020-09-18 09:41:32.230,3.329,1200
2020-09-18 09:41:32.350,3.33,600
2020-09-18 09:41:32.470,3.33,100
2020-09-18 09:41:32.940,3.329,4700
2020-09-18 09:41:32.940,3.329,300
2020-09-18 09:41:33.850,3.329,3700
2020-09-18 09:41:33.850,3.329,200
2020-09-18 09:41:35.720,3.329,2800
2020-09-18 09:41:35.720,3.329,3500
2020-09-18 09:41:36.720,3.329,1500
2020-09-18 09:41:36.720,3.329,1000
2020-09-18 09:41:37.210,3.33,1400
2020-09-18 09:41:37.530,3.329,2200
2020-09-18 09:41:37.600,3.329,37800
2020-09-18 09:41:42.180,3.329,11200
2020-09-18 09:41:42.180,3.329,282300
2020-09-18 09:41:44.780,3.329,17700
2020-09-18 09:41:44.780,3.329,3000
2020-09-18 09:41:44.780,3.329,100
2020-09-18 09:41:44.780,3.329,1400
2020-09-18 09:41:44.780,3.329,17800
2020-09-18 09:41:45.840,3.329,30000
2020-09-18 09:41:45.840,3.329,30000
2020-09-18 09:41:45.840,3.329,30000
2020-09-18 09:41:45.840,3.329,30000
2020-09-18 09:41:45.840,3.329,10000
2020-09-18 09:41:45.840,3.329,30000
2020-09-18 09:41:46.210,3.328,100
2020-09-18 09:41:46.210,3.328,1300
2020-09-18 09:41:46.210,3.328,8800
2020-09-18 09:41:46.360,3.329,122200
2020-09-18 09:41:46.360,3.329,3000
2020-09-18 09:41:46.360,3.329,2000
2020-09-18 09:41:46.360,3.329,500
2020-09-18 09:41:46.940,3.329,5000
2020-09-18 09:41:47.500,3.329,3000
2020-09-18 09:41:48.210,3.329,2900
2020-09-18 09:41:48.640,3.329,100
2020-09-18 09:41:50.420,3.329,500
2020-09-18 09:41:50.450,3.329,1000
2020-09-18 09:41:50.750,3.329,4300
2020-09-18 09:41:50.900,3.329,4100
2020-09-18 09:41:50.900,3.329,10000
2020-09-18 09:41:50.900,3.329,34900
2020-09-18 09:41:52.060,3.329,500
2020-09-18 09:41:52.290,3.329,700
2020-09-18 09:41:52.610,3.329,1500
2020-09-18 09:41:52.910,3.329,3000
2020-09-18 09:41:53.250,3.33,400
2020-09-18 09:41:53.590,3.329,600
2020-09-18 09:41:54.310,3.329,1900
2020-09-18 09:41:54.550,3.329,1400
2020-09-18 09:41:55.380,3.329,1400
2020-09-18 09:41:55.600,3.329,500
2020-09-18 09:41:56.470,3.329,3600
2020-09-18 09:41:56.470,3.329,30000
2020-09-18 09:41:57.790,3.329,4200
2020-09-18 09:41:57.790,3.329,600
2020-09-18 09:41:58.030,3.329,500
2020-09-18 09:41:59.540,3.329,4700
2020-09-18 09:42:00.430,3.328,200
2020-09-18 09:42:01.030,3.329,25300
2020-09-18 09:42:01.030,3.329,24700
2020-09-18 09:42:01.030,3.329,20000
2020-09-18 09:42:01.380,3.329,15300
2020-09-18 09:42:01.380,3.329,1100
2020-09-18 09:42:01.380,3.329,1000
2020-09-18 09:42:01.380,3.329,200
2020-09-18 09:42:01.380,3.329,1200
2020-09-18 09:42:01.640,3.329,6500
2020-09-18 09:42:01.770,3.329,300
2020-09-18 09:42:02.380,3.329,3000
2020-09-18 09:42:02.650,3.329,100
2020-09-18 09:42:03.670,3.329,3100
2020-09-18 09:42:05.600,3.329,10000
2020-09-18 09:42:05.840,3.33,10000
2020-09-18 09:42:06.130,3.329,600
2020-09-18 09:42:06.630,3.329,40000
2020-09-18 09:42:06.990,3.33,50000
2020-09-18 09:42:06.990,3.33,3800
2020-09-18 09:42:06.990,3.33,1700
2020-09-18 09:42:06.990,3.33,44500
2020-09-18 09:42:06.990,3.33,50000
2020-09-18 09:42:06.990,3.33,50000
2020-09-18 09:42:06.990,3.33,5500
2020-09-18 09:42:06.990,3.33,10900
2020-09-18 09:42:06.990,3.33,33600
2020-09-18 09:42:06.990,3.33,50000
2020-09-18 09:42:06.990,3.33,10000
2020-09-18 09:42:07.020,3.33,50000
2020-09-18 09:42:07.020,3.33,50000
2020-09-18 09:42:07.020,3.33,50000
2020-09-18 09:42:07.020,3.33,20000
2020-09-18 09:42:07.020,3.33,36400
2020-09-18 09:42:07.020,3.33,1500
2020-09-18 09:42:07.020,3.33,5400
2020-09-18 09:42:07.020,3.33,6700
2020-09-18 09:42:07.490,3.329,6000
2020-09-18 09:42:07.750,3.329,40000
2020-09-18 09:42:08.250,3.329,10000
2020-09-18 09:42:08.400,3.33,3300
2020-09-18 09:42:08.400,3.33,16000
2020-09-18 09:42:08.400,3.33,100
2020-09-18 09:42:08.400,3.33,2200
2020-09-18 09:42:08.400,3.33,1500
2020-09-18 09:42:08.400,3.33,5400
2020-09-18 09:42:08.400,3.33,1900
2020-09-18 09:42:08.400,3.33,400
2020-09-18 09:42:08.400,3.33,700
2020-09-18 09:42:08.400,3.33,200
2020-09-18 09:42:08.400,3.33,1400
2020-09-18 09:42:08.400,3.33,100
2020-09-18 09:42:08.400,3.33,5000
2020-09-18 09:42:08.400,3.33,90000
2020-09-18 09:42:08.400,3.33,1000
2020-09-18 09:42:08.400,3.33,700
2020-09-18 09:42:08.400,3.33,600
2020-09-18 09:42:08.400,3.33,300
2020-09-18 09:42:08.400,3.33,1000
2020-09-18 09:42:08.400,3.33,300
2020-09-18 09:42:08.400,3.33,2000
2020-09-18 09:42:08.400,3.33,300
2020-09-18 09:42:08.400,3.33,29500
2020-09-18 09:42:08.400,3.33,2000
2020-09-18 09:42:09.820,3.33,2500
2020-09-18 09:42:10.130,3.33,700
2020-09-18 09:42:10.950,3.329,1900
2020-09-18 09:42:11.350,3.331,2500
2020-09-18 09:42:11.350,3.331,3000
2020-09-18 09:42:11.350,3.331,5000
2020-09-18 09:42:11.350,3.331,5000
2020-09-18 09:42:11.350,3.331,1000
2020-09-18 09:42:11.350,3.331,100
2020-09-18 09:42:11.350,3.331,700
2020-09-18 09:42:11.350,3.331,200
2020-09-18 09:42:11.350,3.331,200
2020-09-18 09:42:11.350,3.331,100
2020-09-18 09:42:11.350,3.331,2200
2020-09-18 09:42:11.510,3.329,2000
2020-09-18 09:42:11.600,3.329,2100
2020-09-18 09:42:12.040,3.33,6000
2020-09-18 09:42:12.450,3.33,15000
2020-09-18 09:42:12.790,3.331,500
2020-09-18 09:42:12.790,3.331,1000
2020-09-18 09:42:12.790,3.331,1000
2020-09-18 09:42:12.790,3.331,100
2020-09-18 09:42:12.790,3.331,300
2020-09-18 09:42:12.790,3.331,700
2020-09-18 09:42:12.790,3.331,14000
2020-09-18 09:42:12.790,3.331,500
2020-09-18 09:42:12.790,3.331,10000
2020-09-18 09:42:12.790,3.331,900
2020-09-18 09:42:16.340,3.331,400
2020-09-18 09:42:16.880,3.331,600
2020-09-18 09:42:16.880,3.331,16100
2020-09-18 09:42:17.970,3.331,3900
2020-09-18 09:42:17.970,3.331,1600
2020-09-18 09:42:18.520,3.331,20000
2020-09-18 09:42:19.280,3.331,300
2020-09-18 09:42:19.410,3.331,8100
2020-09-18 09:42:19.410,3.331,1900
2020-09-18 09:42:22.120,3.331,18100
2020-09-18 09:42:22.120,3.331,1900
2020-09-18 09:42:22.430,3.331,600
2020-09-18 09:42:22.430,3.331,1900
2020-09-18 09:42:22.430,3.331,400
2020-09-18 09:42:26.640,3.331,100
2020-09-18 09:42:26.640,3.331,1000
2020-09-18 09:42:26.640,3.331,9600
2020-09-18 09:42:26.640,3.331,39300
2020-09-18 09:42:27.560,3.33,5000
2020-09-18 09:42:29.510,3.331,300
2020-09-18 09:42:30.620,3.33,4900
2020-09-18 09:42:32.850,3.33,5100
2020-09-18 09:42:32.850,3.33,4800
2020-09-18 09:42:32.850,3.33,3600
2020-09-18 09:42:32.910,3.33,2000
2020-09-18 09:42:35.340,3.33,1500
2020-09-18 09:42:35.370,3.331,150000
2020-09-18 09:42:35.560,3.33,2900
2020-09-18 09:42:35.850,3.33,100
2020-09-18 09:42:35.850,3.331,49900
2020-09-18 09:42:35.850,3.331,20000
2020-09-18 09:42:35.890,3.331,2100
2020-09-18 09:42:37.520,3.331,10000
2020-09-18 09:42:38.760,3.33,100
2020-09-18 09:42:38.870,3.331,300
2020-09-18 09:42:40.260,3.33,6000
2020-09-18 09:42:40.840,3.33,1000
2020-09-18 09:42:43.450,3.33,700
2020-09-18 09:42:44.100,3.33,20000
2020-09-18 09:42:44.740,3.331,28100
2020-09-18 09:42:44.740,3.331,1000
2020-09-18 09:42:44.740,3.331,3000
2020-09-18 09:42:44.740,3.331,17900
2020-09-18 09:42:45.190,3.331,300
2020-09-18 09:42:45.340,3.33,10900
2020-09-18 09:42:46.090,3.331,1800
2020-09-18 09:42:46.090,3.331,2400
2020-09-18 09:42:46.090,3.331,300
2020-09-18 09:42:46.090,3.331,2100
2020-09-18 09:42:46.090,3.331,8400
2020-09-18 09:42:46.090,3.331,3000
2020-09-18 09:42:46.090,3.331,3200
2020-09-18 09:42:46.090,3.331,8800
2020-09-18 09:42:46.090,3.331,30000
2020-09-18 09:42:46.090,3.331,30000
2020-09-18 09:42:46.780,3.331,600
2020-09-18 09:42:47.740,3.331,30000
2020-09-18 09:42:49.070,3.331,30000
2020-09-18 09:42:49.070,3.331,18100
2020-09-18 09:42:49.070,3.331,1000
2020-09-18 09:42:49.070,3.331,900
2020-09-18 09:42:50.380,3.331,36300
2020-09-18 09:42:50.380,3.331,500
2020-09-18 09:42:51.510,3.331,3200
2020-09-18 09:42:51.510,3.331,8800
2020-09-18 09:42:52.040,3.331,11200
2020-09-18 09:42:52.040,3.331,10000
2020-09-18 09:42:52.040,3.33,1300
2020-09-18 09:42:52.040,3.33,27500
2020-09-18 09:42:52.400,3.33,2000
2020-09-18 09:42:52.680,3.33,100
2020-09-18 09:42:53.780,3.33,400
2020-09-18 09:42:54.270,3.332,3000
2020-09-18 09:42:54.270,3.332,1000
2020-09-18 09:42:54.270,3.332,1000
2020-09-18 09:42:54.270,3.332,4700
2020-09-18 09:42:54.270,3.332,5000
2020-09-18 09:42:54.270,3.332,1200
2020-09-18 09:42:54.270,3.332,2600
2020-09-18 09:42:54.270,3.332,300
2020-09-18 09:42:54.270,3.332,1000
2020-09-18 09:42:54.270,3.332,600
2020-09-18 09:42:54.270,3.332,5000
2020-09-18 09:42:54.270,3.332,2000
2020-09-18 09:42:54.270,3.332,200
2020-09-18 09:42:54.270,3.332,200
2020-09-18 09:42:54.270,3.332,300
2020-09-18 09:42:54.270,3.332,21900
2020-09-18 09:42:54.270,3.332,50000
2020-09-18 09:42:54.270,3.332,10000
2020-09-18 09:42:54.270,3.332,50000
2020-09-18 09:42:54.270,3.332,50000
2020-09-18 09:42:54.720,3.331,10000
2020-09-18 09:42:55.350,3.332,40000
2020-09-18 09:42:55.350,3.332,50000
2020-09-18 09:42:55.350,3.332,20000
2020-09-18 09:42:56.210,3.331,100
2020-09-18 09:42:56.270,3.332,30000
2020-09-18 09:42:56.270,3.332,20000
2020-09-18 09:42:56.270,3.332,30000
2020-09-18 09:42:57.740,3.331,10000
2020-09-18 09:42:58.450,3.331,2000
2020-09-18 09:42:59.050,3.331,1600
2020-09-18 09:42:59.290,3.332,500
2020-09-18 09:42:59.290,3.332,500
2020-09-18 09:42:59.290,3.332,1600
2020-09-18 09:42:59.290,3.332,2000
2020-09-18 09:43:00.050,3.332,1000
2020-09-18 09:43:00.200,3.332,200
2020-09-18 09:43:00.330,3.332,2000
2020-09-18 09:43:01.480,3.333,6800
2020-09-18 09:43:01.480,3.333,5100
2020-09-18 09:43:01.480,3.333,1100
2020-09-18 09:43:01.480,3.333,1900
2020-09-18 09:43:01.480,3.333,200
2020-09-18 09:43:01.480,3.333,7000
2020-09-18 09:43:01.480,3.333,2000
2020-09-18 09:43:01.480,3.333,40000
2020-09-18 09:43:01.480,3.333,35500
2020-09-18 09:43:01.480,3.333,1500
2020-09-18 09:43:01.480,3.333,3800
2020-09-18 09:43:01.480,3.333,3100
2020-09-18 09:43:01.480,3.333,500
2020-09-18 09:43:01.480,3.333,200
2020-09-18 09:43:01.480,3.333,5000
2020-09-18 09:43:01.480,3.333,39900
2020-09-18 09:43:01.480,3.333,15500
2020-09-18 09:43:01.480,3.333,6000
2020-09-18 09:43:01.480,3.333,6000
2020-09-18 09:43:04.080,3.333,118900
2020-09-18 09:43:04.080,3.333,5000
2020-09-18 09:43:06.290,3.332,6000
2020-09-18 09:43:06.350,3.332,800
2020-09-18 09:43:10.450,3.331,1000
2020-09-18 09:43:10.720,3.332,30000
2020-09-18 09:43:10.750,3.332,300000
2020-09-18 09:43:10.750,3.332,30000
2020-09-18 09:43:10.750,3.332,50000
2020-09-18 09:43:10.750,3.332,50000
2020-09-18 09:43:10.750,3.332,50000
2020-09-18 09:43:10.750,3.332,50000
2020-09-18 09:43:10.750,3.332,30000
2020-09-18 09:43:10.750,3.332,50000
2020-09-18 09:43:10.750,3.332,50000
2020-09-18 09:43:10.750,3.332,30000
2020-09-18 09:43:10.750,3.332,30000
2020-09-18 09:43:10.860,3.332,1600
2020-09-18 09:43:12.730,3.331,900
2020-09-18 09:43:13.710,3.332,8000
2020-09-18 09:43:13.710,3.332,8400
2020-09-18 09:43:13.710,3.332,10000
2020-09-18 09:43:13.710,3.332,13600
2020-09-18 09:43:13.740,3.332,3200
2020-09-18 09:43:13.740,3.332,46800
2020-09-18 09:43:13.740,3.332,20000
2020-09-18 09:43:13.800,3.332,100
2020-09-18 09:43:15.090,3.332,1700
2020-09-18 09:43:18.320,3.332,31400
2020-09-18 09:43:18.320,3.332,500
2020-09-18 09:43:18.320,3.332,3000
2020-09-18 09:43:18.320,3.332,5100
2020-09-18 09:43:18.710,3.331,100
2020-09-18 09:43:18.740,3.331,1500
2020-09-18 09:43:19.570,3.332,10000
2020-09-18 09:43:19.660,3.332,900
2020-09-18 09:43:19.660,3.332,700
2020-09-18 09:43:19.660,3.332,3100
2020-09-18 09:43:19.660,3.332,5000
2020-09-18 09:43:22.070,3.332,6100
2020-09-18 09:43:22.100,3.332,10000
2020-09-18 09:43:22.810,3.333,40000
2020-09-18 09:43:23.030,3.332,10000
2020-09-18 09:43:23.780,3.333,300000
2020-09-18 09:43:23.780,3.333,1000
2020-09-18 09:43:23.780,3.333,3200
2020-09-18 09:43:23.780,3.333,1000
2020-09-18 09:43:23.780,3.333,147500
2020-09-18 09:43:23.780,3.333,1400
2020-09-18 09:43:23.780,3.333,2000
2020-09-18 09:43:23.780,3.333,143900
2020-09-18 09:43:23.780,3.333,300000
2020-09-18 09:43:24.280,3.332,4400
2020-09-18 09:43:26.680,3.332,1000
2020-09-18 09:43:26.860,3.333,2000
2020-09-18 09:43:26.860,3.333,28000
2020-09-18 09:43:27.190,3.332,8800
2020-09-18 09:43:27.190,3.332,8000
2020-09-18 09:43:28.060,3.332,500
2020-09-18 09:43:30.260,3.332,1200
2020-09-18 09:43:31.620,3.332,5800
2020-09-18 09:43:33.920,3.333,22000
2020-09-18 09:43:33.920,3.333,10000
2020-09-18 09:43:33.920,3.333,6800
2020-09-18 09:43:33.920,3.333,3100
2020-09-18 09:43:33.920,3.333,1000
2020-09-18 09:43:33.920,3.333,1000
2020-09-18 09:43:35.850,3.333,10000
2020-09-18 09:43:36.100,3.333,700
2020-09-18 09:43:39.350,3.333,3000
2020-09-18 09:43:40.570,3.333,60000
2020-09-18 09:43:41.140,3.333,5000
2020-09-18 09:43:41.580,3.333,2400
2020-09-18 09:43:43.260,3.333,2000
2020-09-18 09:43:43.820,3.333,10000
2020-09-18 09:43:44.470,3.334,3000
2020-09-18 09:43:44.590,3.334,2400
2020-09-18 09:43:45.320,3.334,3000
2020-09-18 09:43:45.940,3.333,10100
2020-09-18 09:43:45.940,3.333,4500
2020-09-18 09:43:46.700,3.333,5600
2020-09-18 09:43:46.700,3.334,100
2020-09-18 09:43:46.810,3.333,500
2020-09-18 09:43:46.990,3.333,16200
2020-09-18 09:43:47.690,3.333,266700
2020-09-18 09:43:47.690,3.333,2000
2020-09-18 09:43:48.720,3.333,1700
2020-09-18 09:43:49.290,3.333,300000
2020-09-18 09:43:49.660,3.332,15600
2020-09-18 09:43:49.810,3.333,10000
2020-09-18 09:43:51.600,3.333,100000
2020-09-18 09:43:52.290,3.333,1100
2020-09-18 09:43:52.290,3.333,600
2020-09-18 09:43:52.290,3.333,100
2020-09-18 09:43:52.290,3.333,5000
2020-09-18 09:43:53.030,3.333,3000
2020-09-18 09:43:54.320,3.333,400
2020-09-18 09:43:55.790,3.333,16600
2020-09-18 09:43:55.790,3.333,100
2020-09-18 09:43:56.060,3.333,1100
2020-09-18 09:43:56.180,3.333,500
2020-09-18 09:43:56.890,3.333,3000
2020-09-18 09:43:56.920,3.333,14400
2020-09-18 09:43:57.730,3.333,1500
2020-09-18 09:43:58.180,3.333,15100
2020-09-18 09:43:58.440,3.333,1000
2020-09-18 09:43:59.650,3.333,15300
2020-09-18 09:44:00.400,3.333,17300
2020-09-18 09:44:01.510,3.333,300
2020-09-18 09:44:01.590,3.333,200
2020-09-18 09:44:01.650,3.333,15800
2020-09-18 09:44:02.320,3.333,300
2020-09-18 09:44:02.790,3.333,17500
2020-09-18 09:44:03.420,3.333,1800
2020-09-18 09:44:03.860,3.334,11500
2020-09-18 09:44:03.860,3.334,10000
2020-09-18 09:44:03.860,3.334,1000
2020-09-18 09:44:03.860,3.334,1000
2020-09-18 09:44:03.860,3.334,1000
2020-09-18 09:44:03.860,3.334,10000
2020-09-18 09:44:03.860,3.334,133500
2020-09-18 09:44:03.950,3.333,10000
2020-09-18 09:44:04.000,3.333,5500
2020-09-18 09:44:04.000,3.333,1000
2020-09-18 09:44:04.000,3.334,13900
2020-09-18 09:44:04.350,3.333,100
2020-09-18 09:44:06.980,3.333,300
2020-09-18 09:44:06.980,3.333,14100
2020-09-18 09:44:06.980,3.333,1300
2020-09-18 09:44:06.980,3.333,3000
2020-09-18 09:44:06.980,3.333,10000
2020-09-18 09:44:06.980,3.333,21300
2020-09-18 09:44:07.010,3.333,20000
2020-09-18 09:44:07.010,3.333,30000
2020-09-18 09:44:08.290,3.333,27300
2020-09-18 09:44:08.290,3.333,10000
2020-09-18 09:44:08.290,3.333,10000
2020-09-18 09:44:08.290,3.333,30000
2020-09-18 09:44:09.870,3.333,5000
2020-09-18 09:44:10.050,3.334,40000
2020-09-18 09:44:10.050,3.334,50000
2020-09-18 09:44:10.050,3.334,50000
2020-09-18 09:44:10.050,3.334,50000
2020-09-18 09:44:10.050,3.334,50000
2020-09-18 09:44:10.050,3.334,50000
2020-09-18 09:44:10.050,3.334,50000
2020-09-18 09:44:10.050,3.334,12600
2020-09-18 09:44:10.050,3.334,6300
2020-09-18 09:44:10.050,3.334,100
2020-09-18 09:44:10.050,3.334,100
2020-09-18 09:44:10.050,3.334,10000
2020-09-18 09:44:10.050,3.334,2100
2020-09-18 09:44:10.050,3.334,18800
2020-09-18 09:44:10.050,3.334,50000
2020-09-18 09:44:10.050,3.334,6300
2020-09-18 09:44:10.050,3.334,500
2020-09-18 09:44:10.050,3.334,16500
2020-09-18 09:44:10.050,3.334,6000
2020-09-18 09:44:10.050,3.334,3700
2020-09-18 09:44:10.050,3.334,17000
2020-09-18 09:44:10.080,3.334,6200
2020-09-18 09:44:10.080,3.334,300
2020-09-18 09:44:10.080,3.334,3000
2020-09-18 09:44:10.080,3.334,500
2020-09-18 09:44:10.080,3.334,1000
2020-09-18 09:44:10.080,3.334,5000
2020-09-18 09:44:10.080,3.334,1000
2020-09-18 09:44:10.080,3.334,600
2020-09-18 09:44:10.080,3.334,2000
2020-09-18 09:44:10.080,3.334,5000
2020-09-18 09:44:10.080,3.334,500
2020-09-18 09:44:10.080,3.334,1000
2020-09-18 09:44:10.080,3.334,4700
2020-09-18 09:44:10.080,3.334,9900
2020-09-18 09:44:10.080,3.334,5400
2020-09-18 09:44:10.080,3.334,10000
2020-09-18 09:44:10.080,3.334,700
2020-09-18 09:44:10.080,3.334,3200
2020-09-18 09:44:10.080,3.334,50000
2020-09-18 09:44:10.080,3.334,50000
2020-09-18 09:44:10.080,3.334,50000
2020-09-18 09:44:10.080,3.334,50000
2020-09-18 09:44:10.310,3.334,96900
2020-09-18 09:44:10.310,3.334,75900
2020-09-18 09:44:10.310,3.334,700
2020-09-18 09:44:10.310,3.334,17100
2020-09-18 09:44:11.400,3.334,1700
2020-09-18 09:44:11.960,3.334,4000
2020-09-18 09:44:12.330,3.334,1400
2020-09-18 09:44:12.510,3.335,100
2020-09-18 09:44:12.510,3.335,11000
2020-09-18 09:44:12.510,3.335,7000
2020-09-18 09:44:12.510,3.335,100
2020-09-18 09:44:12.510,3.335,1000
2020-09-18 09:44:12.510,3.335,1000
2020-09-18 09:44:12.510,3.335,10000
2020-09-18 09:44:12.510,3.335,10000
2020-09-18 09:44:12.510,3.335,10000
2020-09-18 09:44:12.510,3.335,5000
2020-09-18 09:44:12.510,3.335,10000
2020-09-18 09:44:12.510,3.335,2500
2020-09-18 09:44:12.510,3.335,4400
2020-09-18 09:44:12.510,3.335,7000
2020-09-18 09:44:12.510,3.335,5500
2020-09-18 09:44:12.510,3.335,5000
2020-09-18 09:44:12.510,3.335,100000
2020-09-18 09:44:12.510,3.335,100000
2020-09-18 09:44:12.510,3.335,1000
2020-09-18 09:44:12.510,3.335,3000
2020-09-18 09:44:12.510,3.335,5000
2020-09-18 09:44:12.510,3.335,1400
2020-09-18 09:44:12.970,3.335,8600
2020-09-18 09:44:12.970,3.335,1400
2020-09-18 09:44:12.970,3.335,100
2020-09-18 09:44:12.970,3.335,3000
2020-09-18 09:44:12.970,3.335,6900
2020-09-18 09:44:12.970,3.335,3100
2020-09-18 09:44:12.970,3.335,6900
2020-09-18 09:44:12.970,3.335,13100
2020-09-18 09:44:12.970,3.335,9100
2020-09-18 09:44:12.970,3.335,700
2020-09-18 09:44:12.970,3.335,100
2020-09-18 09:44:12.970,3.335,7000
2020-09-18 09:44:12.970,3.335,23000
2020-09-18 09:44:12.970,3.335,5000
2020-09-18 09:44:12.970,3.335,2000
2020-09-18 09:44:12.970,3.335,7800
2020-09-18 09:44:12.970,3.335,10000
2020-09-18 09:44:12.970,3.335,5000
2020-09-18 09:44:12.970,3.335,1000
2020-09-18 09:44:12.970,3.335,1000
2020-09-18 09:44:12.970,3.335,5000
2020-09-18 09:44:12.970,3.335,20000
2020-09-18 09:44:12.970,3.335,200
2020-09-18 09:44:12.970,3.335,50000
2020-09-18 09:44:12.970,3.335,10000
2020-09-18 09:44:12.970,3.335,30000
2020-09-18 09:44:12.970,3.335,9800
2020-09-18 09:44:12.970,3.335,10000
2020-09-18 09:44:12.970,3.335,100
2020-09-18 09:44:12.970,3.335,4900
2020-09-18 09:44:12.970,3.335,3000
2020-09-18 09:44:12.970,3.335,2200
2020-09-18 09:44:12.970,3.335,2800
2020-09-18 09:44:12.970,3.335,10000
2020-09-18 09:44:12.970,3.335,700
2020-09-18 09:44:12.970,3.335,2100
2020-09-18 09:44:12.970,3.335,10000
2020-09-18 09:44:12.970,3.335,4400
2020-09-18 09:44:12.970,3.335,5600
2020-09-18 09:44:12.970,3.335,100
2020-09-18 09:44:12.970,3.335,5000
2020-09-18 09:44:12.970,3.335,2300
2020-09-18 09:44:12.970,3.335,300
2020-09-18 09:44:12.970,3.335,3000
2020-09-18 09:44:12.970,3.335,1000
2020-09-18 09:44:12.970,3.335,10000
2020-09-18 09:44:12.970,3.335,4000
2020-09-18 09:44:12.970,3.335,500
2020-09-18 09:44:12.970,3.335,800
2020-09-18 09:44:12.970,3.335,16000
2020-09-18 09:44:12.970,3.335,100
2020-09-18 09:44:12.970,3.335,600
2020-09-18 09:44:12.970,3.335,700
2020-09-18 09:44:13.060,3.335,4300
2020-09-18 09:44:13.060,3.335,400
2020-09-18 09:44:13.060,3.335,4500
2020-09-18 09:44:13.140,3.334,3000
2020-09-18 09:44:13.790,3.335,500
2020-09-18 09:44:13.790,3.335,3000
2020-09-18 09:44:13.790,3.335,500
2020-09-18 09:44:13.790,3.335,12000
2020-09-18 09:44:13.790,3.335,2000
2020-09-18 09:44:13.790,3.335,2500
2020-09-18 09:44:13.790,3.335,5000
2020-09-18 09:44:13.790,3.335,14500
2020-09-18 09:44:14.050,3.335,35500
2020-09-18 09:44:14.050,3.335,3000
2020-09-18 09:44:14.070,3.335,1000
2020-09-18 09:44:14.130,3.335,5000
2020-09-18 09:44:14.720,3.335,800
2020-09-18 09:44:14.930,3.335,3000
2020-09-18 09:44:15.090,3.335,100
2020-09-18 09:44:16.300,3.336,200
2020-09-18 09:44:16.300,3.336,100
2020-09-18 09:44:16.300,3.336,1000
2020-09-18 09:44:16.300,3.336,7600
2020-09-18 09:44:16.300,3.336,5000
2020-09-18 09:44:16.300,3.336,8500
2020-09-18 09:44:16.300,3.336,20700
2020-09-18 09:44:16.300,3.336,1000
2020-09-18 09:44:16.300,3.336,500
2020-09-18 09:44:16.300,3.336,5400
2020-09-18 09:44:16.300,3.336,1600
2020-09-18 09:44:16.300,3.336,28400
2020-09-18 09:44:16.860,3.335,1600
2020-09-18 09:44:16.860,3.335,3400
2020-09-18 09:44:18.210,3.335,36600
2020-09-18 09:44:18.210,3.335,4000
2020-09-18 09:44:18.210,3.334,7000
2020-09-18 09:44:18.210,3.334,40000
2020-09-18 09:44:18.210,3.334,20000
2020-09-18 09:44:18.210,3.334,4600
2020-09-18 09:44:18.210,3.334,30000
2020-09-18 09:44:18.210,3.334,20000
2020-09-18 09:44:18.210,3.334,4800
2020-09-18 09:44:18.240,3.335,500
2020-09-18 09:44:18.420,3.335,3000
2020-09-18 09:44:21.040,3.335,800
2020-09-18 09:44:21.240,3.335,900
2020-09-18 09:44:21.240,3.334,11900
2020-09-18 09:44:21.870,3.335,40000
2020-09-18 09:44:23.730,3.335,5000
2020-09-18 09:44:25.030,3.335,300000
2020-09-18 09:44:25.030,3.335,50000
2020-09-18 09:44:25.030,3.335,40000
2020-09-18 09:44:25.030,3.335,10000
2020-09-18 09:44:25.030,3.335,50000
2020-09-18 09:44:25.030,3.335,50000
2020-09-18 09:44:25.030,3.335,300000
2020-09-18 09:44:25.030,3.335,55000
2020-09-18 09:44:25.030,3.335,245000
2020-09-18 09:44:25.030,3.335,50000
2020-09-18 09:44:25.030,3.335,30000
2020-09-18 09:44:25.030,3.335,40000
2020-09-18 09:44:25.030,3.335,10000
2020-09-18 09:44:25.100,3.335,50000
2020-09-18 09:44:25.100,3.335,10000
2020-09-18 09:44:25.100,3.335,10000
2020-09-18 09:44:25.100,3.335,20000
2020-09-18 09:44:25.100,3.335,20000
2020-09-18 09:44:25.100,3.335,30000
2020-09-18 09:44:25.100,3.335,40000
2020-09-18 09:44:26.240,3.335,3000
2020-09-18 09:44:27.370,3.334,5000
2020-09-18 09:44:28.030,3.335,2000
2020-09-18 09:44:28.030,3.335,15000
2020-09-18 09:44:28.030,3.335,23000
2020-09-18 09:44:28.030,3.335,22300
2020-09-18 09:44:28.030,3.335,7700
2020-09-18 09:44:28.030,3.335,50000
2020-09-18 09:44:28.030,3.335,40000
2020-09-18 09:44:28.030,3.335,30000
2020-09-18 09:44:28.030,3.335,50000
2020-09-18 09:44:28.030,3.335,50000
2020-09-18 09:44:29.450,3.334,20000
2020-09-18 09:44:31.070,3.335,50000
2020-09-18 09:44:31.070,3.335,23500
2020-09-18 09:44:31.070,3.335,3100
2020-09-18 09:44:31.070,3.335,2900
2020-09-18 09:44:31.070,3.335,300
2020-09-18 09:44:31.070,3.335,200
2020-09-18 09:44:32.290,3.334,15000
2020-09-18 09:44:34.030,3.335,4800
2020-09-18 09:44:34.030,3.335,10000
2020-09-18 09:44:34.030,3.335,25200
2020-09-18 09:44:36.970,3.335,10000
2020-09-18 09:44:37.000,3.335,50000
2020-09-18 09:44:37.000,3.335,50000
2020-09-18 09:44:37.000,3.335,50000
2020-09-18 09:44:37.000,3.335,50000
2020-09-18 09:44:37.000,3.335,50000
2020-09-18 09:44:37.000,3.335,14800
2020-09-18 09:44:37.000,3.335,35200
2020-09-18 09:44:37.000,3.335,50000
2020-09-18 09:44:37.000,3.335,50000
2020-09-18 09:44:37.000,3.335,800
2020-09-18 09:44:37.000,3.335,49200
2020-09-18 09:44:37.000,3.335,50000
2020-09-18 09:44:37.000,3.335,50000
2020-09-18 09:44:37.000,3.335,50000
2020-09-18 09:44:37.580,3.334,700
2020-09-18 09:44:37.970,3.335,10000
2020-09-18 09:44:38.800,3.335,20000
2020-09-18 09:44:39.720,3.334,400
2020-09-18 09:44:39.810,3.335,2000
2020-09-18 09:44:40.080,3.335,50000
2020-09-18 09:44:40.080,3.335,18800
2020-09-18 09:44:40.080,3.335,31200
2020-09-18 09:44:40.080,3.335,50000
2020-09-18 09:44:40.080,3.335,50000
2020-09-18 09:44:40.080,3.335,20000
2020-09-18 09:44:40.080,3.335,50000
2020-09-18 09:44:40.080,3.335,50000
2020-09-18 09:44:40.080,3.335,48800
2020-09-18 09:44:40.080,3.335,1200
2020-09-18 09:44:40.080,3.335,3800
2020-09-18 09:44:40.080,3.335,46200
2020-09-18 09:44:40.080,3.335,40000
2020-09-18 09:44:40.330,3.335,10000
2020-09-18 09:44:40.550,3.334,3900
2020-09-18 09:44:40.550,3.334,1100
2020-09-18 09:44:40.610,3.335,200
2020-09-18 09:44:41.820,3.334,1000
2020-09-18 09:44:42.870,3.334,2000
2020-09-18 09:44:42.990,3.335,30000
2020-09-18 09:44:43.230,3.335,1000
2020-09-18 09:44:44.110,3.334,2000
2020-09-18 09:44:44.990,3.335,15000
2020-09-18 09:44:45.550,3.334,5700
2020-09-18 09:44:45.990,3.335,50000
2020-09-18 09:44:46.020,3.334,7000
2020-09-18 09:44:48.350,3.334,23000
2020-09-18 09:44:49.180,3.335,3100
2020-09-18 09:44:49.490,3.335,300
2020-09-18 09:44:49.640,3.334,300
2020-09-18 09:44:50.890,3.335,50000
2020-09-18 09:44:50.890,3.335,20000
2020-09-18 09:44:51.420,3.334,2900
2020-09-18 09:44:51.830,3.334,26000
2020-09-18 09:44:52.430,3.334,200
2020-09-18 09:44:52.910,3.334,70600
2020-09-18 09:44:52.910,3.334,100
2020-09-18 09:44:52.910,3.334,500
2020-09-18 09:44:52.910,3.334,4400
2020-09-18 09:44:52.910,3.334,60000
2020-09-18 09:44:53.810,3.334,50000
2020-09-18 09:44:53.810,3.334,40000
2020-09-18 09:44:53.810,3.334,50000
2020-09-18 09:44:54.290,3.334,20000
2020-09-18 09:44:55.040,3.334,4400
2020-09-18 09:44:55.040,3.334,45600
2020-09-18 09:44:55.040,3.334,50000
2020-09-18 09:44:55.040,3.334,50000
2020-09-18 09:44:55.040,3.334,30000
2020-09-18 09:44:55.040,3.334,50000
2020-09-18 09:44:55.040,3.334,40000
2020-09-18 09:44:55.040,3.334,34400
2020-09-18 09:44:55.040,3.334,15600
2020-09-18 09:44:55.040,3.334,10000
2020-09-18 09:44:56.800,3.334,2000
2020-09-18 09:44:58.100,3.334,10000
2020-09-18 09:44:58.100,3.334,50000
2020-09-18 09:44:59.480,3.334,2700
2020-09-18 09:45:01.060,3.334,9700
2020-09-18 09:45:01.060,3.334,10000
2020-09-18 09:45:01.060,3.334,200
2020-09-18 09:45:01.060,3.334,600
2020-09-18 09:45:01.060,3.334,10000
