Datetime,Price,Volume
2020-09-18 09:25:00.020,4.695,3600
2020-09-18 09:25:00.020,4.695,3500
2020-09-18 09:25:00.020,4.695,2900
2020-09-18 09:25:00.020,4.695,600
2020-09-18 09:25:00.020,4.695,500
2020-09-18 09:25:00.020,4.695,10000
2020-09-18 09:25:00.020,4.695,500
2020-09-18 09:25:00.020,4.695,200
2020-09-18 09:25:00.020,4.695,12000
2020-09-18 09:25:00.020,4.695,1000
2020-09-18 09:25:00.020,4.695,6600
2020-09-18 09:25:00.020,4.695,100
2020-09-18 09:25:00.020,4.695,2000
2020-09-18 09:25:00.020,4.695,2400
2020-09-18 09:25:00.020,4.695,1600
2020-09-18 09:25:00.020,4.695,48400
2020-09-18 09:25:00.020,4.695,21700
2020-09-18 09:25:00.020,4.695,50000
2020-09-18 09:25:00.020,4.695,10000
2020-09-18 09:25:00.020,4.695,80000
2020-09-18 09:25:00.020,4.695,42000
2020-09-18 09:25:00.020,4.695,5000
2020-09-18 09:25:00.020,4.695,10000
2020-09-18 09:25:00.020,4.695,2700
2020-09-18 09:25:00.020,4.695,16800
2020-09-18 09:25:00.020,4.695,3100
2020-09-18 09:25:00.020,4.695,200
2020-09-18 09:25:00.020,4.695,2700
2020-09-18 09:25:00.020,4.695,2300
2020-09-18 09:25:00.020,4.695,20000
2020-09-18 09:25:00.020,4.695,77700
2020-09-18 09:25:00.020,4.695,34600
2020-09-18 09:25:00.020,4.695,2000
2020-09-18 09:25:00.020,4.695,42400
2020-09-18 09:25:00.020,4.695,16200
2020-09-18 09:25:00.020,4.695,100
2020-09-18 09:25:00.020,4.695,500
2020-09-18 09:25:00.020,4.695,200
2020-09-18 09:25:00.020,4.695,4000
2020-09-18 09:25:00.020,4.695,1000
2020-09-18 09:25:00.020,4.695,5000
2020-09-18 09:25:00.020,4.695,300
2020-09-18 09:25:00.020,4.695,100
2020-09-18 09:25:00.020,4.695,10000
2020-09-18 09:25:00.020,4.695,1400
2020-09-18 09:25:00.020,4.695,300
2020-09-18 09:25:00.020,4.695,1000
2020-09-18 09:25:00.020,4.695,100
2020-09-18 09:25:00.020,4.695,2000
2020-09-18 09:25:00.020,4.695,2800
2020-09-18 09:25:00.020,4.695,1200
2020-09-18 09:25:00.020,4.695,100
2020-09-18 09:25:00.020,4.695,500
2020-09-18 09:25:00.020,4.695,200
2020-09-18 09:25:00.020,4.695,9000
2020-09-18 09:25:00.020,4.695,54600
2020-09-18 09:25:00.020,4.695,37700
2020-09-18 09:25:00.020,4.695,2000
2020-09-18 09:25:00.020,4.695,600
2020-09-18 09:25:00.020,4.695,8000
2020-09-18 09:25:00.020,4.695,6600
2020-09-18 09:25:00.020,4.695,700
2020-09-18 09:25:00.020,4.695,500
2020-09-18 09:25:00.020,4.695,100
2020-09-18 09:25:00.020,4.695,300
2020-09-18 09:25:00.020,4.695,100
2020-09-18 09:25:00.020,4.695,16100
2020-09-18 09:25:00.020,4.695,1000
2020-09-18 09:25:00.020,4.695,100
2020-09-18 09:25:00.020,4.695,6700
2020-09-18 09:25:00.020,4.695,1000
2020-09-18 09:25:00.020,4.695,6800
2020-09-18 09:25:00.020,4.695,2000
2020-09-18 09:25:00.020,4.695,9700
2020-09-18 09:25:00.020,4.695,7000
2020-09-18 09:25:00.020,4.695,5000
2020-09-18 09:25:00.020,4.695,1000
2020-09-18 09:25:00.020,4.695,7300
2020-09-18 09:25:00.020,4.695,12700
2020-09-18 09:25:00.020,4.695,3200
2020-09-18 09:25:00.020,4.695,35200
2020-09-18 09:25:00.020,4.695,4100
2020-09-18 09:25:00.020,4.695,5000
2020-09-18 09:25:00.020,4.695,1000
2020-09-18 09:25:00.020,4.695,1700
2020-09-18 09:25:00.020,4.695,100
2020-09-18 09:25:00.020,4.695,200
2020-09-18 09:25:00.020,4.695,20000
2020-09-18 09:25:00.020,4.695,200
2020-09-18 09:25:00.020,4.695,100
2020-09-18 09:25:00.020,4.695,8900
2020-09-18 09:25:00.020,4.695,200
2020-09-18 09:25:00.020,4.695,8600
2020-09-18 09:25:00.020,4.695,3400
2020-09-18 09:25:00.020,4.695,300
2020-09-18 09:25:00.020,4.695,6300
2020-09-18 09:25:00.020,4.695,29900
2020-09-18 09:25:00.020,4.695,600
2020-09-18 09:25:00.020,4.695,8400
2020-09-18 09:25:00.020,4.695,5300
2020-09-18 09:25:00.020,4.695,6300
2020-09-18 09:25:00.020,4.695,1000
2020-09-18 09:25:00.020,4.695,4400
2020-09-18 09:25:00.020,4.695,10000
2020-09-18 09:25:00.020,4.695,11700
2020-09-18 09:25:00.020,4.695,100
2020-09-18 09:25:00.020,4.695,9900
2020-09-18 09:25:00.020,4.695,2200
2020-09-18 09:25:00.020,4.695,5100
2020-09-18 09:25:00.020,4.695,71000
2020-09-18 09:25:00.020,4.695,2000
2020-09-18 09:25:00.020,4.695,20000
2020-09-18 09:25:00.020,4.695,3800
2020-09-18 09:25:00.020,4.695,4500
2020-09-18 09:25:00.020,4.695,2200
2020-09-18 09:25:00.020,4.695,2200
2020-09-18 09:25:00.020,4.695,9000
2020-09-18 09:25:00.020,4.695,100000
2020-09-18 09:25:00.020,4.695,1100
2020-09-18 09:25:00.020,4.695,3800
2020-09-18 09:25:00.020,4.695,3800
2020-09-18 09:25:00.020,4.695,5000
2020-09-18 09:25:00.020,4.695,20500
2020-09-18 09:25:00.020,4.695,1400
2020-09-18 09:25:00.020,4.695,3000
2020-09-18 09:25:00.020,4.695,16100
2020-09-18 09:25:00.020,4.695,83600
2020-09-18 09:25:00.020,4.695,3200
2020-09-18 09:25:00.020,4.695,10000
2020-09-18 09:25:00.020,4.695,100
2020-09-18 09:25:00.020,4.695,100
2020-09-18 09:25:00.020,4.695,1100
2020-09-18 09:25:00.020,4.695,2500
2020-09-18 09:25:00.020,4.695,18000
2020-09-18 09:30:00.280,4.695,300000
2020-09-18 09:30:00.280,4.693,2200
2020-09-18 09:30:00.470,4.693,100
2020-09-18 09:30:00.470,4.693,100
2020-09-18 09:30:00.590,4.693,8500
2020-09-18 09:30:00.590,4.695,20100
2020-09-18 09:30:00.590,4.695,100
2020-09-18 09:30:00.590,4.695,21300
2020-09-18 09:30:00.820,4.695,700
2020-09-18 09:30:00.820,4.695,193000
2020-09-18 09:30:00.820,4.695,2800
2020-09-18 09:30:00.820,4.695,100
2020-09-18 09:30:00.820,4.695,30000
2020-09-18 09:30:00.820,4.695,12600
2020-09-18 09:30:00.820,4.695,1600
2020-09-18 09:30:00.820,4.695,100
2020-09-18 09:30:00.820,4.696,20000
2020-09-18 09:30:00.950,4.696,1600
2020-09-18 09:30:00.950,4.696,2000
2020-09-18 09:30:01.060,4.696,23700
2020-09-18 09:30:01.060,4.696,300
2020-09-18 09:30:01.290,4.696,4000
2020-09-18 09:30:01.530,4.696,8200
2020-09-18 09:30:01.530,4.696,16800
2020-09-18 09:30:01.530,4.696,3000
2020-09-18 09:30:01.530,4.696,100000
2020-09-18 09:30:01.530,4.696,4000
2020-09-18 09:30:01.650,4.696,1100
2020-09-18 09:30:01.760,4.696,2500
2020-09-18 09:30:01.760,4.696,500
2020-09-18 09:30:01.760,4.697,2000
2020-09-18 09:30:01.760,4.697,15000
2020-09-18 09:30:01.760,4.697,100
2020-09-18 09:30:01.760,4.697,5000
2020-09-18 09:30:01.760,4.698,200
2020-09-18 09:30:01.760,4.698,10000
2020-09-18 09:30:01.760,4.698,2000
2020-09-18 09:30:01.760,4.698,5000
2020-09-18 09:30:01.760,4.698,16500
2020-09-18 09:30:01.760,4.698,1000
2020-09-18 09:30:01.760,4.698,10000
2020-09-18 09:30:01.760,4.698,4200
2020-09-18 09:30:01.760,4.698,4000
2020-09-18 09:30:01.760,4.699,3000
2020-09-18 09:30:01.760,4.699,2000
2020-09-18 09:30:01.760,4.699,3000
2020-09-18 09:30:01.760,4.699,10000
2020-09-18 09:30:01.760,4.699,5500
2020-09-18 09:30:01.760,4.699,500
2020-09-18 09:30:01.760,4.699,7500
2020-09-18 09:30:01.760,4.699,24600
2020-09-18 09:30:01.760,4.699,5000
2020-09-18 09:30:01.760,4.699,100000
2020-09-18 09:30:01.760,4.699,1800
2020-09-18 09:30:01.760,4.699,2000
2020-09-18 09:30:01.760,4.699,100
2020-09-18 09:30:01.760,4.699,3000
2020-09-18 09:30:01.760,4.699,14100
2020-09-18 09:30:01.760,4.7,2700
2020-09-18 09:30:01.760,4.7,100
2020-09-18 09:30:01.760,4.7,30000
2020-09-18 09:30:01.760,4.7,1500
2020-09-18 09:30:01.760,4.7,5400
2020-09-18 09:30:01.760,4.7,300
2020-09-18 09:30:01.760,4.7,2900
2020-09-18 09:30:02.000,4.696,1100
2020-09-18 09:30:02.000,4.697,100
2020-09-18 09:30:02.120,4.697,900
2020-09-18 09:30:02.250,4.698,3100
2020-09-18 09:30:02.300,4.698,4200
2020-09-18 09:30:02.300,4.698,21800
2020-09-18 09:30:02.300,4.696,8200
2020-09-18 09:30:02.430,4.696,10000
2020-09-18 09:30:02.430,4.696,8800
2020-09-18 09:30:02.430,4.696,1400
2020-09-18 09:30:02.430,4.696,20000
2020-09-18 09:30:02.430,4.696,12800
2020-09-18 09:30:02.550,4.699,500
2020-09-18 09:30:02.550,4.7,12100
2020-09-18 09:30:02.550,4.7,300
2020-09-18 09:30:02.550,4.7,5000
2020-09-18 09:30:02.550,4.7,10000
2020-09-18 09:30:02.550,4.7,20000
2020-09-18 09:30:02.550,4.7,200
2020-09-18 09:30:02.550,4.7,20000
2020-09-18 09:30:02.550,4.7,2000
2020-09-18 09:30:02.550,4.7,20000
2020-09-18 09:30:02.550,4.7,1000
2020-09-18 09:30:02.550,4.7,25000
2020-09-18 09:30:02.550,4.7,5000
2020-09-18 09:30:02.550,4.701,100
2020-09-18 09:30:02.550,4.701,300
2020-09-18 09:30:02.660,4.701,200
2020-09-18 09:30:02.660,4.701,106500
2020-09-18 09:30:02.790,4.701,600
2020-09-18 09:30:02.790,4.701,5100
2020-09-18 09:30:02.910,4.701,5000
2020-09-18 09:30:03.060,4.701,10000
2020-09-18 09:30:03.060,4.701,20700
2020-09-18 09:30:03.060,4.701,5000
2020-09-18 09:30:03.180,4.701,11000
2020-09-18 09:30:03.410,4.699,700
2020-09-18 09:30:03.410,4.696,21300
2020-09-18 09:30:03.410,4.699,2500
2020-09-18 09:30:03.410,4.699,50000
2020-09-18 09:30:03.410,4.699,200
2020-09-18 09:30:03.710,4.699,100
2020-09-18 09:30:03.830,4.699,100
2020-09-18 09:30:03.890,4.699,200
2020-09-18 09:30:04.240,4.699,100
2020-09-18 09:30:04.380,4.702,1000
2020-09-18 09:30:04.380,4.702,500
2020-09-18 09:30:04.380,4.702,2100
2020-09-18 09:30:04.440,4.699,20000
2020-09-18 09:30:04.490,4.699,19600
2020-09-18 09:30:04.570,4.699,5000
2020-09-18 09:30:04.570,4.699,3700
2020-09-18 09:30:04.750,4.699,19000
2020-09-18 09:30:04.900,4.699,500
2020-09-18 09:30:04.970,4.699,2000
2020-09-18 09:30:05.390,4.699,5000
2020-09-18 09:30:05.460,4.702,2900
2020-09-18 09:30:05.460,4.703,5000
2020-09-18 09:30:05.460,4.703,100
2020-09-18 09:30:05.460,4.703,500
2020-09-18 09:30:05.460,4.704,13900
2020-09-18 09:30:05.560,4.701,2500
2020-09-18 09:30:05.730,4.704,1200
2020-09-18 09:30:06.220,4.7,11700
2020-09-18 09:30:06.790,4.7,500
2020-09-18 09:30:07.650,4.702,3000
2020-09-18 09:30:09.740,4.704,1900
2020-09-18 09:30:09.740,4.704,2200
2020-09-18 09:30:09.740,4.704,1000
2020-09-18 09:30:09.740,4.704,5000
2020-09-18 09:30:10.680,4.704,289900
2020-09-18 09:30:10.770,4.704,10100
2020-09-18 09:30:10.770,4.705,100
2020-09-18 09:30:10.770,4.705,100
2020-09-18 09:30:10.770,4.705,2700
2020-09-18 09:30:10.770,4.705,21300
2020-09-18 09:30:10.770,4.705,20000
2020-09-18 09:30:10.770,4.705,2000
2020-09-18 09:30:10.770,4.705,2500
2020-09-18 09:30:10.770,4.705,16100
2020-09-18 09:30:10.770,4.705,500
2020-09-18 09:30:10.770,4.705,5000
2020-09-18 09:30:10.860,4.705,9000
2020-09-18 09:30:11.120,4.705,5000
2020-09-18 09:30:12.260,4.705,1500
2020-09-18 09:30:12.770,4.705,4400
2020-09-18 09:30:14.080,4.706,100
2020-09-18 09:30:14.080,4.706,8000
2020-09-18 09:30:14.080,4.706,2000
2020-09-18 09:30:14.310,4.707,10000
2020-09-18 09:30:14.310,4.708,100
2020-09-18 09:30:14.310,4.708,6000
2020-09-18 09:30:14.310,4.708,14700
2020-09-18 09:30:14.510,4.706,30000
2020-09-18 09:30:14.880,4.706,37500
2020-09-18 09:30:15.030,4.706,32000
2020-09-18 09:30:15.320,4.706,5000
2020-09-18 09:30:15.500,4.706,500
2020-09-18 09:30:15.830,4.706,25000
2020-09-18 09:30:16.410,4.708,15300
2020-09-18 09:30:16.410,4.708,10000
2020-09-18 09:30:16.410,4.708,50000
2020-09-18 09:30:16.410,4.709,5400
2020-09-18 09:30:16.410,4.709,1000
2020-09-18 09:30:16.410,4.709,5000
2020-09-18 09:30:16.410,4.709,3300
2020-09-18 09:30:16.410,4.71,100
2020-09-18 09:30:16.410,4.71,5800
2020-09-18 09:30:16.410,4.71,100
2020-09-18 09:30:16.410,4.71,5400
2020-09-18 09:30:16.410,4.71,500
2020-09-18 09:30:16.410,4.71,10000
2020-09-18 09:30:16.410,4.71,300
2020-09-18 09:30:16.410,4.71,4200
2020-09-18 09:30:16.410,4.71,10000
2020-09-18 09:30:16.410,4.71,1000
2020-09-18 09:30:16.410,4.71,100
2020-09-18 09:30:16.410,4.71,2500
2020-09-18 09:30:16.410,4.71,10000
2020-09-18 09:30:16.410,4.71,200
2020-09-18 09:30:16.410,4.71,5000
2020-09-18 09:30:16.410,4.71,4900
2020-09-18 09:30:16.860,4.706,500
2020-09-18 09:30:17.390,4.708,5000
2020-09-18 09:30:17.570,4.708,2500
2020-09-18 09:30:17.680,4.708,192500
2020-09-18 09:30:17.680,4.706,22500
2020-09-18 09:30:18.330,4.707,1000
2020-09-18 09:30:18.500,4.707,400
2020-09-18 09:30:19.720,4.707,24900
2020-09-18 09:30:20.120,4.707,20000
2020-09-18 09:30:20.240,4.707,200
2020-09-18 09:30:20.360,4.707,2000
2020-09-18 09:30:20.460,4.708,2100
2020-09-18 09:30:20.990,4.71,5100
2020-09-18 09:30:20.990,4.71,2300
2020-09-18 09:30:20.990,4.71,5000
2020-09-18 09:30:21.360,4.711,11700
2020-09-18 09:30:21.360,4.711,9000
2020-09-18 09:30:21.360,4.711,92400
2020-09-18 09:30:21.360,4.711,2000
2020-09-18 09:30:21.360,4.712,200
2020-09-18 09:30:21.360,4.712,500
2020-09-18 09:30:21.360,4.712,16000
2020-09-18 09:30:21.360,4.712,3000
2020-09-18 09:30:21.360,4.712,5000
2020-09-18 09:30:21.360,4.712,1000
2020-09-18 09:30:21.360,4.712,9300
2020-09-18 09:30:21.480,4.71,500
2020-09-18 09:30:21.500,4.71,400
2020-09-18 09:30:21.580,4.71,500
2020-09-18 09:30:22.100,4.71,5200
2020-09-18 09:30:22.500,4.712,30000
2020-09-18 09:30:24.170,4.711,500
2020-09-18 09:30:24.340,4.711,100
2020-09-18 09:30:24.630,4.711,5000
2020-09-18 09:30:24.690,4.712,6500
2020-09-18 09:30:25.120,4.711,100
2020-09-18 09:30:25.520,4.711,18600
2020-09-18 09:30:25.710,4.711,15000
2020-09-18 09:30:25.930,4.711,25000
2020-09-18 09:30:26.470,4.711,5000
2020-09-18 09:30:26.790,4.71,10000
2020-09-18 09:30:27.970,4.711,500
2020-09-18 09:30:30.340,4.71,6700
2020-09-18 09:30:30.340,4.71,500
2020-09-18 09:30:30.340,4.71,2800
2020-09-18 09:30:30.490,4.71,5000
2020-09-18 09:30:30.900,4.711,4000
2020-09-18 09:30:31.720,4.711,2000
2020-09-18 09:30:32.250,4.71,6700
2020-09-18 09:30:32.830,4.709,150100
2020-09-18 09:30:36.560,4.709,18200
2020-09-18 09:30:36.560,4.71,2500
2020-09-18 09:30:36.560,4.71,3000
2020-09-18 09:30:36.560,4.71,5000
2020-09-18 09:30:36.560,4.71,50000
2020-09-18 09:30:36.560,4.71,104100
2020-09-18 09:30:36.560,4.71,60000
2020-09-18 09:30:36.560,4.71,1000
2020-09-18 09:30:36.560,4.71,15000
2020-09-18 09:30:36.560,4.711,41200
2020-09-18 09:30:36.560,4.711,290400
2020-09-18 09:30:36.560,4.711,9600
2020-09-18 09:30:36.560,4.711,116600
2020-09-18 09:30:36.560,4.711,100000
2020-09-18 09:30:36.560,4.711,83400
2020-09-18 09:30:37.460,4.708,5000
2020-09-18 09:30:38.730,4.708,3000
2020-09-18 09:30:38.730,4.709,100
2020-09-18 09:30:38.730,4.71,6900
2020-09-18 09:30:41.050,4.707,33000
2020-09-18 09:30:41.990,4.708,300
2020-09-18 09:30:41.990,4.708,9200
2020-09-18 09:30:42.870,4.708,4500
2020-09-18 09:30:44.660,4.707,100
2020-09-18 09:30:45.270,4.707,30000
2020-09-18 09:30:45.270,4.706,30000
2020-09-18 09:30:45.270,4.706,40000
2020-09-18 09:30:45.270,4.706,1000
2020-09-18 09:30:45.270,4.706,237100
2020-09-18 09:30:47.740,4.707,1000
2020-09-18 09:30:47.740,4.707,1800
2020-09-18 09:30:47.740,4.707,297200
2020-09-18 09:30:48.100,4.707,2800
2020-09-18 09:30:48.160,4.707,27200
2020-09-18 09:30:48.510,4.707,600
2020-09-18 09:30:48.950,4.707,2000
2020-09-18 09:30:49.030,4.706,300
2020-09-18 09:30:50.980,4.706,6000
2020-09-18 09:30:52.480,4.706,10000
2020-09-18 09:30:53.230,4.707,6000
2020-09-18 09:30:53.230,4.707,1900
2020-09-18 09:30:53.230,4.707,4200
2020-09-18 09:30:53.230,4.707,1000
2020-09-18 09:30:53.230,4.707,100
2020-09-18 09:30:53.230,4.707,200
2020-09-18 09:30:53.230,4.707,5000
2020-09-18 09:30:53.230,4.708,176100
2020-09-18 09:30:53.230,4.708,100
2020-09-18 09:30:53.230,4.708,20000
2020-09-18 09:30:53.230,4.708,800
2020-09-18 09:30:53.230,4.708,3500
2020-09-18 09:30:53.230,4.708,10000
2020-09-18 09:30:53.230,4.708,10000
2020-09-18 09:30:53.230,4.708,400
2020-09-18 09:30:53.230,4.709,5000
2020-09-18 09:30:53.230,4.709,11700
2020-09-18 09:30:53.230,4.709,10000
2020-09-18 09:30:53.230,4.71,3100
2020-09-18 09:30:53.230,4.71,18600
2020-09-18 09:30:53.230,4.71,600
2020-09-18 09:30:53.230,4.71,11700
2020-09-18 09:30:53.420,4.706,2000
2020-09-18 09:30:54.610,4.707,500
2020-09-18 09:30:54.900,4.708,100
2020-09-18 09:30:55.020,4.708,100
2020-09-18 09:30:55.130,4.708,100
2020-09-18 09:30:55.490,4.707,10000
2020-09-18 09:30:57.850,4.707,1400
2020-09-18 09:30:58.550,4.707,30000
2020-09-18 09:30:58.810,4.706,9900
2020-09-18 09:30:59.100,4.706,700
2020-09-18 09:30:59.190,4.707,30000
2020-09-18 09:30:59.550,4.707,22800
2020-09-18 09:31:00.520,4.707,2200
2020-09-18 09:31:00.520,4.707,21500
2020-09-18 09:31:00.550,4.707,5000
2020-09-18 09:31:00.580,4.707,3500
2020-09-18 09:31:00.580,4.707,16500
2020-09-18 09:31:00.730,4.707,13500
2020-09-18 09:31:01.540,4.707,16500
2020-09-18 09:31:01.540,4.707,1700
2020-09-18 09:31:01.600,4.707,5000
2020-09-18 09:31:02.190,4.708,19700
2020-09-18 09:31:02.190,4.708,300
2020-09-18 09:31:02.540,4.708,9700
2020-09-18 09:31:03.000,4.708,2000
2020-09-18 09:31:03.030,4.709,1000
2020-09-18 09:31:03.030,4.709,2500
2020-09-18 09:31:03.030,4.71,13300
2020-09-18 09:31:03.030,4.71,8000
2020-09-18 09:31:03.030,4.71,100
2020-09-18 09:31:03.030,4.71,15100
2020-09-18 09:31:03.060,4.71,300
2020-09-18 09:31:03.440,4.709,500
2020-09-18 09:31:04.190,4.708,4000
2020-09-18 09:31:04.350,4.709,15000
2020-09-18 09:31:04.350,4.71,76600
2020-09-18 09:31:04.350,4.71,10000
2020-09-18 09:31:04.350,4.71,1000
2020-09-18 09:31:04.350,4.71,10000
2020-09-18 09:31:04.350,4.71,3700
2020-09-18 09:31:04.350,4.71,10000
2020-09-18 09:31:04.350,4.71,10000
2020-09-18 09:31:04.350,4.71,80600
2020-09-18 09:31:04.350,4.71,1000
2020-09-18 09:31:04.350,4.711,82100
2020-09-18 09:31:04.800,4.708,10000
2020-09-18 09:31:05.310,4.708,100
2020-09-18 09:31:07.070,4.71,300
2020-09-18 09:31:07.070,4.708,700
2020-09-18 09:31:07.100,4.708,300
2020-09-18 09:31:08.920,4.708,900
2020-09-18 09:31:09.120,4.707,2000
2020-09-18 09:31:09.320,4.707,17600
2020-09-18 09:31:09.320,4.707,100
2020-09-18 09:31:09.540,4.707,2000
2020-09-18 09:31:11.040,4.707,4800
2020-09-18 09:31:11.070,4.707,14900
2020-09-18 09:31:11.340,4.708,3800
2020-09-18 09:31:11.340,4.708,100
2020-09-18 09:31:11.340,4.708,6000
2020-09-18 09:31:11.340,4.709,800
2020-09-18 09:31:11.340,4.709,106600
2020-09-18 09:31:11.340,4.709,10000
2020-09-18 09:31:11.340,4.71,50000
2020-09-18 09:31:11.340,4.711,122700
2020-09-18 09:31:13.240,4.708,200
2020-09-18 09:31:13.240,4.708,1000
2020-09-18 09:31:13.240,4.707,5400
2020-09-18 09:31:13.330,4.707,20000
2020-09-18 09:31:14.000,4.708,100
2020-09-18 09:31:14.490,4.709,7200
2020-09-18 09:31:14.810,4.708,900
2020-09-18 09:31:14.810,4.708,1000
2020-09-18 09:31:14.810,4.708,100
2020-09-18 09:31:16.240,4.707,500
2020-09-18 09:31:17.100,4.708,20000
2020-09-18 09:31:17.100,4.708,20000
2020-09-18 09:31:18.000,4.708,16100
2020-09-18 09:31:18.000,4.708,3900
2020-09-18 09:31:18.000,4.708,16100
2020-09-18 09:31:18.000,4.709,2800
2020-09-18 09:31:18.000,4.71,1100
2020-09-18 09:31:18.600,4.71,100
2020-09-18 09:31:18.920,4.707,100
2020-09-18 09:31:19.010,4.71,1800
2020-09-18 09:31:19.010,4.71,5000
2020-09-18 09:31:19.010,4.71,9200
2020-09-18 09:31:19.010,4.71,2500
2020-09-18 09:31:19.010,4.71,1500
2020-09-18 09:31:19.010,4.71,20000
2020-09-18 09:31:19.010,4.71,8500
2020-09-18 09:31:19.010,4.71,3000
2020-09-18 09:31:19.010,4.71,8500
2020-09-18 09:31:19.420,4.707,400
2020-09-18 09:31:19.630,4.708,4800
2020-09-18 09:31:19.700,4.707,3600
2020-09-18 09:31:20.130,4.707,1400
2020-09-18 09:31:20.130,4.708,18600
2020-09-18 09:31:20.130,4.708,10000
2020-09-18 09:31:22.140,4.705,300
2020-09-18 09:31:22.140,4.704,100
2020-09-18 09:31:22.140,4.704,400
2020-09-18 09:31:22.140,4.704,9200
2020-09-18 09:31:26.330,4.706,400
2020-09-18 09:31:26.390,4.706,300
2020-09-18 09:31:26.500,4.706,1000
2020-09-18 09:31:27.890,4.704,20800
2020-09-18 09:31:27.890,4.704,30000
2020-09-18 09:31:29.020,4.704,30000
2020-09-18 09:31:29.770,4.704,30000
2020-09-18 09:31:29.800,4.704,30000
2020-09-18 09:31:29.800,4.704,30000
2020-09-18 09:31:31.930,4.704,1100
2020-09-18 09:31:32.080,4.704,28100
2020-09-18 09:31:32.080,4.704,100
2020-09-18 09:31:32.080,4.704,1000
2020-09-18 09:31:32.560,4.704,800
2020-09-18 09:31:34.930,4.704,2300
2020-09-18 09:31:34.930,4.704,3000
2020-09-18 09:31:34.930,4.704,11300
2020-09-18 09:31:35.160,4.704,100
2020-09-18 09:31:36.100,4.704,5000
2020-09-18 09:31:36.190,4.704,500
2020-09-18 09:31:37.340,4.703,2000
2020-09-18 09:31:37.640,4.704,3100
2020-09-18 09:31:37.640,4.704,1900
2020-09-18 09:31:38.270,4.704,200
2020-09-18 09:31:38.270,4.704,300
2020-09-18 09:31:39.170,4.703,1000
2020-09-18 09:31:39.830,4.703,27000
2020-09-18 09:31:40.390,4.702,47000
2020-09-18 09:31:40.390,4.702,700
2020-09-18 09:31:40.390,4.702,1000
2020-09-18 09:31:40.390,4.702,5000
2020-09-18 09:31:40.390,4.702,5000
2020-09-18 09:31:40.390,4.702,1300
2020-09-18 09:31:40.870,4.702,79
2020-09-18 09:31:40.960,4.703,30000
2020-09-18 09:31:41.300,4.703,500
2020-09-18 09:31:42.050,4.703,1700
2020-09-18 09:31:42.050,4.703,6700
2020-09-18 09:31:43.890,4.703,500
2020-09-18 09:31:45.190,4.703,300
2020-09-18 09:31:47.320,4.703,200
2020-09-18 09:31:48.910,4.702,200
2020-09-18 09:31:51.550,4.702,300
2020-09-18 09:31:52.590,4.702,100
2020-09-18 09:31:52.840,4.702,100
2020-09-18 09:31:53.770,4.702,299500
2020-09-18 09:31:53.770,4.702,500
2020-09-18 09:31:55.130,4.701,4500
2020-09-18 09:31:55.160,4.702,200
2020-09-18 09:31:55.360,4.701,1200
2020-09-18 09:31:55.820,4.702,500
2020-09-18 09:31:56.190,4.702,1900
2020-09-18 09:31:56.190,4.701,1900
2020-09-18 09:31:56.410,4.701,22400
2020-09-18 09:31:56.410,4.701,30000
2020-09-18 09:31:56.410,4.7,500
2020-09-18 09:31:56.410,4.7,100
2020-09-18 09:31:56.410,4.7,5000
2020-09-18 09:31:56.410,4.7,15000
2020-09-18 09:31:56.410,4.7,300
2020-09-18 09:31:56.410,4.7,10600
2020-09-18 09:31:56.410,4.7,400
2020-09-18 09:31:56.410,4.7,100
2020-09-18 09:31:56.410,4.7,100
2020-09-18 09:31:56.410,4.7,3600
2020-09-18 09:31:56.920,4.701,78800
2020-09-18 09:31:56.920,4.701,100
2020-09-18 09:31:56.920,4.701,1700
2020-09-18 09:31:56.920,4.702,219400
2020-09-18 09:31:59.800,4.701,44600
2020-09-18 09:31:59.800,4.701,1000
2020-09-18 09:31:59.800,4.702,254400
2020-09-18 09:32:00.990,4.701,12000
2020-09-18 09:32:01.370,4.702,1000
2020-09-18 09:32:01.400,4.701,18000
2020-09-18 09:32:01.430,4.7,1400
2020-09-18 09:32:01.430,4.7,500
2020-09-18 09:32:01.430,4.7,30000
2020-09-18 09:32:01.430,4.7,18100
2020-09-18 09:32:01.810,4.701,162200
2020-09-18 09:32:01.810,4.701,20000
2020-09-18 09:32:02.040,4.702,30000
2020-09-18 09:32:02.870,4.702,144500
2020-09-18 09:32:02.870,4.702,40000
2020-09-18 09:32:02.870,4.702,13000
2020-09-18 09:32:02.870,4.702,10000
2020-09-18 09:32:02.870,4.702,1500
2020-09-18 09:32:02.870,4.702,10000
2020-09-18 09:32:02.870,4.703,2300
2020-09-18 09:32:02.870,4.703,2000
2020-09-18 09:32:02.870,4.703,1000
2020-09-18 09:32:02.870,4.703,1100
2020-09-18 09:32:02.870,4.703,6200
2020-09-18 09:32:02.870,4.703,300
2020-09-18 09:32:02.870,4.703,3000
2020-09-18 09:32:02.870,4.703,20000
2020-09-18 09:32:02.870,4.703,10000
2020-09-18 09:32:02.870,4.703,8000
2020-09-18 09:32:02.870,4.703,2000
2020-09-18 09:32:02.870,4.703,25100
2020-09-18 09:32:03.280,4.701,100
2020-09-18 09:32:03.550,4.701,2000
2020-09-18 09:32:03.820,4.701,15700
2020-09-18 09:32:03.820,4.701,14300
2020-09-18 09:32:05.010,4.701,1000
2020-09-18 09:32:05.330,4.701,80000
2020-09-18 09:32:06.140,4.701,4700
2020-09-18 09:32:06.140,4.701,3300
2020-09-18 09:32:06.180,4.702,500
2020-09-18 09:32:06.180,4.702,500
2020-09-18 09:32:06.180,4.702,2000
2020-09-18 09:32:06.180,4.704,4700
2020-09-18 09:32:06.180,4.704,7500
2020-09-18 09:32:06.180,4.704,10000
2020-09-18 09:32:06.180,4.704,10000
2020-09-18 09:32:06.180,4.704,300
2020-09-18 09:32:06.180,4.704,1700
2020-09-18 09:32:06.180,4.704,262800
2020-09-18 09:32:07.270,4.704,6000
2020-09-18 09:32:07.300,4.702,15100
2020-09-18 09:32:07.850,4.703,100
2020-09-18 09:32:08.060,4.703,29900
2020-09-18 09:32:08.060,4.703,30000
2020-09-18 09:32:08.060,4.702,8800
2020-09-18 09:32:08.180,4.702,6100
2020-09-18 09:32:08.180,4.702,3900
2020-09-18 09:32:08.360,4.703,33000
2020-09-18 09:32:08.360,4.702,36100
2020-09-18 09:32:08.360,4.702,30000
2020-09-18 09:32:08.360,4.702,15100
2020-09-18 09:32:08.810,4.702,30000
2020-09-18 09:32:08.810,4.702,10000
2020-09-18 09:32:08.890,4.702,16800
2020-09-18 09:32:09.650,4.702,13200
2020-09-18 09:32:09.650,4.702,2000
2020-09-18 09:32:09.650,4.701,203300
2020-09-18 09:32:10.020,4.703,1300
2020-09-18 09:32:10.410,4.703,2000
2020-09-18 09:32:12.460,4.703,5000
2020-09-18 09:32:12.700,4.703,100
2020-09-18 09:32:14.580,4.703,3000
2020-09-18 09:32:14.880,4.704,100
2020-09-18 09:32:15.830,4.703,10200
2020-09-18 09:32:15.930,4.704,9700
2020-09-18 09:32:15.930,4.705,10000
2020-09-18 09:32:15.930,4.705,60000
2020-09-18 09:32:15.930,4.706,5000
2020-09-18 09:32:15.930,4.706,3000
2020-09-18 09:32:15.930,4.706,3000
2020-09-18 09:32:15.930,4.706,4700
2020-09-18 09:32:16.980,4.706,6700
2020-09-18 09:32:17.040,4.706,1000
2020-09-18 09:32:17.420,4.706,10000
2020-09-18 09:32:17.450,4.706,20000
2020-09-18 09:32:17.710,4.706,11000
2020-09-18 09:32:18.020,4.706,6000
2020-09-18 09:32:18.590,4.703,300
2020-09-18 09:32:20.840,4.704,30000
2020-09-18 09:32:22.690,4.703,7600
2020-09-18 09:32:23.170,4.703,1000
2020-09-18 09:32:23.390,4.704,30000
2020-09-18 09:32:24.670,4.703,20000
2020-09-18 09:32:25.090,4.704,113300
2020-09-18 09:32:25.700,4.703,50700
2020-09-18 09:32:25.700,4.703,500
2020-09-18 09:32:25.700,4.703,100
2020-09-18 09:32:25.700,4.703,53900
2020-09-18 09:32:25.870,4.703,1000
2020-09-18 09:32:26.280,4.703,4000
2020-09-18 09:32:26.730,4.704,3000
2020-09-18 09:32:27.790,4.704,2100
2020-09-18 09:32:27.960,4.704,600
2020-09-18 09:32:27.960,4.703,1100
2020-09-18 09:32:27.960,4.703,8900
2020-09-18 09:32:29.100,4.704,21400
2020-09-18 09:32:29.100,4.704,64900
2020-09-18 09:32:29.100,4.704,20000
2020-09-18 09:32:29.100,4.704,1400
2020-09-18 09:32:29.100,4.705,4000
2020-09-18 09:32:29.100,4.705,1600
2020-09-18 09:32:29.610,4.703,100
2020-09-18 09:32:31.320,4.704,1000
2020-09-18 09:32:32.780,4.704,1000
2020-09-18 09:32:33.540,4.705,200
2020-09-18 09:32:33.840,4.705,14100
2020-09-18 09:32:33.840,4.705,500
2020-09-18 09:32:33.840,4.705,100
2020-09-18 09:32:33.840,4.705,46000
2020-09-18 09:32:33.840,4.705,20000
2020-09-18 09:32:34.220,4.706,100
2020-09-18 09:32:35.380,4.706,1000
2020-09-18 09:32:36.450,4.706,600
2020-09-18 09:32:40.680,4.707,600
2020-09-18 09:32:40.680,4.707,1000
2020-09-18 09:32:40.680,4.707,3000
2020-09-18 09:32:40.680,4.707,9600
2020-09-18 09:32:40.680,4.707,13700
2020-09-18 09:32:40.680,4.707,100
2020-09-18 09:32:40.980,4.705,3000
2020-09-18 09:32:41.140,4.706,30900
2020-09-18 09:32:41.770,4.706,15200
2020-09-18 09:32:41.770,4.706,12100
2020-09-18 09:32:41.770,4.707,400
2020-09-18 09:32:41.770,4.707,2300
2020-09-18 09:32:44.760,4.706,2100
2020-09-18 09:32:44.760,4.707,17700
2020-09-18 09:32:44.760,4.707,200
2020-09-18 09:32:45.820,4.705,100
2020-09-18 09:32:45.820,4.705,100
2020-09-18 09:32:45.820,4.705,1900
2020-09-18 09:32:47.700,4.705,2100
2020-09-18 09:32:48.470,4.706,2900
2020-09-18 09:32:49.670,4.706,300
2020-09-18 09:32:50.490,4.705,1400
2020-09-18 09:32:50.940,4.705,200
2020-09-18 09:32:51.840,4.706,1000
2020-09-18 09:32:54.300,4.705,3000
2020-09-18 09:32:56.970,4.706,800
2020-09-18 09:32:56.970,4.706,800
2020-09-18 09:32:56.970,4.706,400
2020-09-18 09:32:56.970,4.706,98000
2020-09-18 09:32:57.480,4.706,30000
2020-09-18 09:32:59.930,4.705,200
2020-09-18 09:33:00.200,4.706,500
2020-09-18 09:33:01.870,4.706,100
2020-09-18 09:33:02.260,4.705,91200
2020-09-18 09:33:02.260,4.705,3000
2020-09-18 09:33:03.420,4.704,2500
2020-09-18 09:33:03.420,4.704,300
2020-09-18 09:33:03.420,4.704,5000
2020-09-18 09:33:03.420,4.704,300
2020-09-18 09:33:04.180,4.705,100
2020-09-18 09:33:04.180,4.704,29700
2020-09-18 09:33:04.180,4.703,200
2020-09-18 09:33:04.180,4.703,200
2020-09-18 09:33:04.180,4.703,5100
2020-09-18 09:33:05.280,4.703,24900
2020-09-18 09:33:06.070,4.703,8100
2020-09-18 09:33:07.050,4.703,5000
2020-09-18 09:33:07.830,4.704,3000
2020-09-18 09:33:08.160,4.704,2000
2020-09-18 09:33:08.810,4.704,20000
2020-09-18 09:33:09.120,4.705,500
2020-09-18 09:33:09.120,4.705,1300
2020-09-18 09:33:09.120,4.705,5000
2020-09-18 09:33:09.120,4.705,10000
2020-09-18 09:33:09.120,4.705,13200
2020-09-18 09:33:09.180,4.705,100
2020-09-18 09:33:09.480,4.704,200
2020-09-18 09:33:10.760,4.704,800
2020-09-18 09:33:11.420,4.705,200
2020-09-18 09:33:11.610,4.704,55800
2020-09-18 09:33:12.980,4.704,2000
2020-09-18 09:33:13.090,4.705,6500
2020-09-18 09:33:13.090,4.705,2000
2020-09-18 09:33:13.090,4.705,11500
2020-09-18 09:33:14.060,4.704,4400
2020-09-18 09:33:14.520,4.704,3000
2020-09-18 09:33:17.580,4.704,58900
2020-09-18 09:33:17.580,4.704,30000
2020-09-18 09:33:17.580,4.704,11100
2020-09-18 09:33:17.990,4.704,88900
2020-09-18 09:33:17.990,4.704,11100
2020-09-18 09:33:18.130,4.704,3000
2020-09-18 09:33:18.340,4.704,2500
2020-09-18 09:33:18.590,4.704,83400
2020-09-18 09:33:18.590,4.703,10500
2020-09-18 09:33:21.660,4.703,19500
2020-09-18 09:33:21.880,4.703,50500
2020-09-18 09:33:23.130,4.703,49500
2020-09-18 09:33:23.130,4.703,10000
2020-09-18 09:33:23.130,4.703,100000
2020-09-18 09:33:23.130,4.703,30000
2020-09-18 09:33:24.000,4.703,600
2020-09-18 09:33:24.030,4.703,9900
2020-09-18 09:33:24.470,4.704,2000
2020-09-18 09:33:24.470,4.704,28000
2020-09-18 09:33:24.590,4.703,30100
2020-09-18 09:33:24.590,4.703,22800
2020-09-18 09:33:24.880,4.704,41300
2020-09-18 09:33:27.540,4.704,258700
2020-09-18 09:33:27.540,4.703,7200
2020-09-18 09:33:27.540,4.703,30000
2020-09-18 09:33:27.540,4.703,40000
2020-09-18 09:33:28.500,4.703,30000
2020-09-18 09:33:28.910,4.703,6600
2020-09-18 09:33:29.140,4.703,30000
2020-09-18 09:33:29.140,4.703,30000
2020-09-18 09:33:29.490,4.703,30000
2020-09-18 09:33:29.570,4.703,30000
2020-09-18 09:33:29.770,4.703,30000
2020-09-18 09:33:29.770,4.703,30000
2020-09-18 09:33:29.830,4.703,30000
2020-09-18 09:33:29.830,4.703,30000
2020-09-18 09:33:29.830,4.703,30000
2020-09-18 09:33:29.830,4.703,30000
2020-09-18 09:33:29.830,4.703,20000
2020-09-18 09:33:29.830,4.703,20000
2020-09-18 09:33:29.830,4.703,30000
2020-09-18 09:33:29.830,4.703,10000
2020-09-18 09:33:29.830,4.703,50000
2020-09-18 09:33:30.490,4.703,40000
2020-09-18 09:33:30.490,4.703,16900
2020-09-18 09:33:30.950,4.702,100
2020-09-18 09:33:31.150,4.703,10000
2020-09-18 09:33:31.240,4.703,2000
2020-09-18 09:33:31.670,4.703,200
2020-09-18 09:33:31.870,4.703,100
2020-09-18 09:33:32.090,4.703,28300
2020-09-18 09:33:32.770,4.704,13500
2020-09-18 09:33:32.770,4.704,1900
2020-09-18 09:33:32.770,4.704,4600
2020-09-18 09:33:34.780,4.704,500
2020-09-18 09:33:34.850,4.703,4100
2020-09-18 09:33:35.660,4.703,900
2020-09-18 09:33:35.660,4.703,4100
2020-09-18 09:33:35.800,4.703,3800
2020-09-18 09:33:35.880,4.703,200
2020-09-18 09:33:37.140,4.704,100
2020-09-18 09:33:37.990,4.703,31900
2020-09-18 09:33:37.990,4.703,106400
2020-09-18 09:33:37.990,4.703,30000
2020-09-18 09:33:37.990,4.702,100
2020-09-18 09:33:37.990,4.702,2300
2020-09-18 09:33:37.990,4.702,40000
2020-09-18 09:33:37.990,4.702,30000
2020-09-18 09:33:37.990,4.702,10000
2020-09-18 09:33:37.990,4.702,1700
2020-09-18 09:33:37.990,4.702,30000
2020-09-18 09:33:38.780,4.702,30000
2020-09-18 09:33:38.810,4.702,30000
2020-09-18 09:33:38.810,4.702,30000
2020-09-18 09:33:38.810,4.702,20000
2020-09-18 09:33:38.810,4.702,20000
2020-09-18 09:33:38.810,4.702,10000
2020-09-18 09:33:38.810,4.702,30000
2020-09-18 09:33:38.810,4.702,30000
2020-09-18 09:33:38.810,4.702,30000
2020-09-18 09:33:38.810,4.702,30000
2020-09-18 09:33:38.810,4.702,30000
2020-09-18 09:33:38.810,4.702,30000
2020-09-18 09:33:39.330,4.702,100
2020-09-18 09:33:41.070,4.702,1000
2020-09-18 09:33:41.150,4.702,40000
2020-09-18 09:33:41.150,4.702,30000
2020-09-18 09:33:41.760,4.702,30000
2020-09-18 09:33:41.820,4.702,30000
2020-09-18 09:33:41.820,4.702,30000
2020-09-18 09:33:43.040,4.702,27600
2020-09-18 09:33:43.040,4.703,1500
2020-09-18 09:33:43.320,4.703,900
2020-09-18 09:33:43.320,4.701,300
2020-09-18 09:33:44.140,4.702,3000
2020-09-18 09:33:44.190,4.703,3700
2020-09-18 09:33:44.190,4.703,5000
2020-09-18 09:33:44.280,4.703,20000
2020-09-18 09:33:46.400,4.703,1000
2020-09-18 09:33:46.400,4.702,3000
2020-09-18 09:33:46.670,4.702,5000
2020-09-18 09:33:47.140,4.704,1100
2020-09-18 09:33:47.980,4.702,1000
2020-09-18 09:33:51.650,4.702,5400
2020-09-18 09:33:52.100,4.702,10000
2020-09-18 09:33:52.630,4.703,500
2020-09-18 09:33:52.630,4.703,9500
2020-09-18 09:33:53.710,4.703,10000
2020-09-18 09:33:54.160,4.703,1500
2020-09-18 09:33:54.550,4.702,100
2020-09-18 09:33:54.610,4.702,400
2020-09-18 09:33:54.610,4.701,1700
2020-09-18 09:33:54.610,4.701,100
2020-09-18 09:33:54.610,4.701,2000
2020-09-18 09:33:54.610,4.701,81400
2020-09-18 09:33:55.760,4.702,5000
2020-09-18 09:33:55.850,4.702,3000
2020-09-18 09:33:56.770,4.702,30000
2020-09-18 09:33:56.770,4.702,30000
2020-09-18 09:33:56.770,4.702,30000
2020-09-18 09:33:56.770,4.702,20000
2020-09-18 09:33:57.040,4.702,1300
2020-09-18 09:33:59.100,4.702,1700
2020-09-18 09:33:59.260,4.702,27500
2020-09-18 09:33:59.260,4.702,600
2020-09-18 09:33:59.260,4.702,1500
2020-09-18 09:33:59.560,4.702,30000
2020-09-18 09:33:59.760,4.702,10000
2020-09-18 09:34:00.060,4.702,14600
2020-09-18 09:34:00.260,4.702,3000
2020-09-18 09:34:01.110,4.702,2000
2020-09-18 09:34:01.140,4.703,1000
2020-09-18 09:34:03.680,4.702,33000
2020-09-18 09:34:03.680,4.702,17000
2020-09-18 09:34:03.760,4.702,2500
2020-09-18 09:34:04.330,4.702,4700
2020-09-18 09:34:04.390,4.703,10000
2020-09-18 09:34:06.060,4.702,59200
2020-09-18 09:34:06.120,4.702,1000
2020-09-18 09:34:06.280,4.702,10000
2020-09-18 09:34:06.980,4.702,200
2020-09-18 09:34:07.350,4.702,10000
2020-09-18 09:34:08.110,4.702,800
2020-09-18 09:34:08.620,4.703,4400
2020-09-18 09:34:08.760,4.702,194600
2020-09-18 09:34:08.760,4.702,25800
2020-09-18 09:34:08.760,4.702,300
2020-09-18 09:34:09.270,4.702,200
2020-09-18 09:34:09.830,4.702,170000
2020-09-18 09:34:12.390,4.702,100
2020-09-18 09:34:12.900,4.702,2600
2020-09-18 09:34:14.860,4.701,100
2020-09-18 09:34:15.180,4.701,4200
2020-09-18 09:34:16.310,4.701,5000
2020-09-18 09:34:16.710,4.701,9300
2020-09-18 09:34:16.710,4.701,700
2020-09-18 09:34:17.540,4.702,40000
2020-09-18 09:34:17.740,4.702,20000
2020-09-18 09:34:19.770,4.702,30000
2020-09-18 09:34:19.770,4.702,20000
2020-09-18 09:34:19.770,4.702,30000
2020-09-18 09:34:19.770,4.702,30000
2020-09-18 09:34:19.770,4.702,30000
2020-09-18 09:34:19.770,4.702,20000
2020-09-18 09:34:20.360,4.702,150100
2020-09-18 09:34:20.500,4.701,2100
2020-09-18 09:34:20.770,4.702,30000
2020-09-18 09:34:20.770,4.702,30000
2020-09-18 09:34:20.770,4.702,30000
2020-09-18 09:34:20.800,4.701,1000
2020-09-18 09:34:20.850,4.702,30000
2020-09-18 09:34:20.850,4.702,16300
2020-09-18 09:34:20.850,4.702,3000
2020-09-18 09:34:20.850,4.702,10000
2020-09-18 09:34:20.850,4.702,700
2020-09-18 09:34:20.850,4.702,1300
2020-09-18 09:34:20.850,4.702,3000
2020-09-18 09:34:20.850,4.702,5200
2020-09-18 09:34:20.850,4.702,10500
2020-09-18 09:34:20.850,4.702,1100
2020-09-18 09:34:20.850,4.702,500
2020-09-18 09:34:20.850,4.702,20000
2020-09-18 09:34:20.850,4.702,5000
2020-09-18 09:34:20.850,4.702,3400
2020-09-18 09:34:20.850,4.702,10000
2020-09-18 09:34:20.850,4.702,30000
2020-09-18 09:34:20.850,4.702,30000
2020-09-18 09:34:21.030,4.702,40000
2020-09-18 09:34:21.170,4.701,6200
2020-09-18 09:34:21.170,4.701,1000
2020-09-18 09:34:21.170,4.701,92800
2020-09-18 09:34:21.380,4.701,1000
2020-09-18 09:34:21.630,4.702,9100
2020-09-18 09:34:21.630,4.702,2900
2020-09-18 09:34:21.630,4.702,18000
2020-09-18 09:34:22.940,4.702,100
2020-09-18 09:34:23.080,4.702,1200
2020-09-18 09:34:23.080,4.702,5000
2020-09-18 09:34:23.770,4.703,30000
2020-09-18 09:34:23.770,4.703,20000
2020-09-18 09:34:23.770,4.703,30000
2020-09-18 09:34:24.370,4.703,133600
2020-09-18 09:34:24.370,4.703,16500
2020-09-18 09:34:24.780,4.702,2500
2020-09-18 09:34:25.470,4.702,1200
2020-09-18 09:34:25.830,4.702,2500
2020-09-18 09:34:26.090,4.703,7700
2020-09-18 09:34:26.090,4.703,2000
2020-09-18 09:34:26.090,4.703,10000
2020-09-18 09:34:26.090,4.703,5000
2020-09-18 09:34:26.400,4.703,5400
2020-09-18 09:34:26.900,4.703,9900
2020-09-18 09:34:26.900,4.703,1600
2020-09-18 09:34:27.670,4.703,28400
2020-09-18 09:34:27.670,4.702,17600
2020-09-18 09:34:27.670,4.702,40000
2020-09-18 09:34:27.670,4.702,30000
2020-09-18 09:34:27.670,4.702,34000
2020-09-18 09:34:28.400,4.704,3700
2020-09-18 09:34:28.400,4.704,1000
2020-09-18 09:34:28.400,4.704,4200
2020-09-18 09:34:28.400,4.704,9100
2020-09-18 09:34:28.400,4.704,2000
2020-09-18 09:34:28.400,4.704,6000
2020-09-18 09:34:28.400,4.704,1000
2020-09-18 09:34:28.400,4.704,20000
2020-09-18 09:34:28.400,4.704,1800
2020-09-18 09:34:28.400,4.704,1000
2020-09-18 09:34:28.400,4.704,10000
2020-09-18 09:34:28.400,4.704,60000
2020-09-18 09:34:28.400,4.705,30300
2020-09-18 09:34:29.130,4.703,30000
2020-09-18 09:34:29.540,4.703,10400
2020-09-18 09:34:29.540,4.703,300000
2020-09-18 09:34:29.720,4.703,3000
2020-09-18 09:34:29.800,4.703,20000
2020-09-18 09:34:29.800,4.703,30000
2020-09-18 09:34:29.800,4.703,20000
2020-09-18 09:34:29.800,4.703,20000
2020-09-18 09:34:29.800,4.703,30000
2020-09-18 09:34:30.530,4.703,40000
2020-09-18 09:34:30.600,4.703,40000
2020-09-18 09:34:30.600,4.703,20000
2020-09-18 09:34:30.690,4.703,40000
2020-09-18 09:34:31.100,4.703,30000
2020-09-18 09:34:31.320,4.703,121900
2020-09-18 09:34:31.530,4.703,30000
2020-09-18 09:34:31.900,4.702,12700
2020-09-18 09:34:32.040,4.702,300
2020-09-18 09:34:32.250,4.703,2100
2020-09-18 09:34:32.250,4.703,10000
2020-09-18 09:34:32.790,4.704,20000
2020-09-18 09:34:32.940,4.703,17900
2020-09-18 09:34:32.940,4.703,12100
2020-09-18 09:34:32.940,4.704,16000
2020-09-18 09:34:33.630,4.705,40000
2020-09-18 09:34:33.630,4.704,2200
2020-09-18 09:34:33.900,4.704,297800
2020-09-18 09:34:33.900,4.704,20000
2020-09-18 09:34:33.900,4.704,40000
2020-09-18 09:34:34.610,4.704,14000
2020-09-18 09:34:34.640,4.704,30000
2020-09-18 09:34:35.140,4.704,30000
2020-09-18 09:34:35.740,4.704,287900
2020-09-18 09:34:35.760,4.704,50000
2020-09-18 09:34:35.760,4.704,20000
2020-09-18 09:34:35.760,4.704,30000
2020-09-18 09:34:35.790,4.704,30000
2020-09-18 09:34:35.790,4.704,10000
2020-09-18 09:34:35.790,4.704,40000
2020-09-18 09:34:35.790,4.704,300
2020-09-18 09:34:35.790,4.704,9700
2020-09-18 09:34:35.790,4.704,30000
2020-09-18 09:34:35.790,4.704,30000
2020-09-18 09:34:35.790,4.704,20000
2020-09-18 09:34:35.790,4.704,30000
2020-09-18 09:34:35.790,4.704,10000
2020-09-18 09:34:35.790,4.704,30000
2020-09-18 09:34:35.790,4.704,10000
2020-09-18 09:34:35.790,4.704,30000
2020-09-18 09:34:35.790,4.704,30000
2020-09-18 09:34:35.790,4.704,10000
2020-09-18 09:34:35.790,4.704,30000
2020-09-18 09:34:35.790,4.704,50000
2020-09-18 09:34:35.790,4.704,20000
2020-09-18 09:34:35.790,4.704,30000
2020-09-18 09:34:35.860,4.704,50000
2020-09-18 09:34:36.550,4.704,40000
2020-09-18 09:34:36.960,4.703,2000
2020-09-18 09:34:38.100,4.704,30000
2020-09-18 09:34:38.220,4.703,2000
2020-09-18 09:34:39.220,4.704,10000
2020-09-18 09:34:39.600,4.704,300
2020-09-18 09:34:39.600,4.704,3900
2020-09-18 09:34:39.870,4.704,28100
2020-09-18 09:34:40.290,4.704,1000
2020-09-18 09:34:40.980,4.704,100
2020-09-18 09:34:41.100,4.704,2000
2020-09-18 09:34:42.000,4.704,1900
2020-09-18 09:34:42.560,4.705,40000
2020-09-18 09:34:42.560,4.705,44700
2020-09-18 09:34:42.560,4.705,5000
2020-09-18 09:34:42.560,4.705,96400
2020-09-18 09:34:42.590,4.705,10000
2020-09-18 09:34:42.640,4.705,8300
2020-09-18 09:34:42.820,4.705,100
2020-09-18 09:34:43.050,4.705,10700
2020-09-18 09:34:44.320,4.706,400
2020-09-18 09:34:44.790,4.706,16200
2020-09-18 09:34:44.790,4.706,5000
2020-09-18 09:34:44.790,4.706,18800
2020-09-18 09:34:44.910,4.705,20900
2020-09-18 09:34:44.910,4.705,300
2020-09-18 09:34:45.150,4.706,40000
2020-09-18 09:34:45.740,4.706,30000
2020-09-18 09:34:45.740,4.706,20000
2020-09-18 09:34:45.740,4.706,30000
2020-09-18 09:34:46.430,4.706,9500
2020-09-18 09:34:46.430,4.706,500
2020-09-18 09:34:47.480,4.706,4100
2020-09-18 09:34:47.480,4.706,100
2020-09-18 09:34:47.480,4.706,2000
2020-09-18 09:34:47.480,4.706,100
2020-09-18 09:34:47.480,4.706,3700
2020-09-18 09:34:47.870,4.706,1300
2020-09-18 09:34:47.870,4.706,600
2020-09-18 09:34:51.320,4.707,5000
2020-09-18 09:34:51.320,4.707,35000
2020-09-18 09:34:51.590,4.706,200
2020-09-18 09:34:52.300,4.706,100
2020-09-18 09:34:53.080,4.706,4200
2020-09-18 09:34:53.080,4.706,40000
2020-09-18 09:34:53.080,4.706,10100
2020-09-18 09:34:53.080,4.706,5000
2020-09-18 09:34:53.550,4.705,1000
2020-09-18 09:34:53.750,4.706,10700
2020-09-18 09:34:53.750,4.707,113300
2020-09-18 09:34:53.750,4.707,100
2020-09-18 09:34:53.750,4.707,2000
2020-09-18 09:34:54.080,4.707,23700
2020-09-18 09:34:54.290,4.707,10000
2020-09-18 09:34:55.290,4.708,50000
2020-09-18 09:34:55.290,4.708,500
2020-09-18 09:34:55.290,4.708,69000
2020-09-18 09:34:55.290,4.708,5000
2020-09-18 09:34:55.290,4.708,1000
2020-09-18 09:34:55.660,4.708,24600
2020-09-18 09:34:55.660,4.706,2700
2020-09-18 09:34:55.950,4.706,10000
2020-09-18 09:34:56.100,4.706,30000
2020-09-18 09:34:56.590,4.706,40000
2020-09-18 09:34:56.640,4.706,10000
2020-09-18 09:34:56.840,4.706,50000
2020-09-18 09:34:56.840,4.706,20000
2020-09-18 09:34:57.440,4.706,10000
2020-09-18 09:34:58.060,4.706,2700
2020-09-18 09:34:58.740,4.706,7300
2020-09-18 09:34:58.740,4.705,9000
2020-09-18 09:34:58.740,4.705,10000
2020-09-18 09:34:58.740,4.705,10000
2020-09-18 09:34:58.740,4.705,10000
2020-09-18 09:34:58.740,4.705,31000
2020-09-18 09:34:58.740,4.705,10000
2020-09-18 09:34:58.740,4.705,10000
2020-09-18 09:34:58.740,4.705,30000
2020-09-18 09:34:58.740,4.705,10000
2020-09-18 09:34:58.740,4.705,10000
2020-09-18 09:34:58.740,4.705,100
2020-09-18 09:34:58.740,4.705,100
2020-09-18 09:34:58.740,4.705,20000
2020-09-18 09:34:58.740,4.705,32500
2020-09-18 09:35:00.140,4.706,100
2020-09-18 09:35:00.140,4.706,400
2020-09-18 09:35:00.210,4.706,9600
2020-09-18 09:35:00.210,4.705,140400
2020-09-18 09:35:01.540,4.706,1200
2020-09-18 09:35:01.840,4.707,60000
2020-09-18 09:35:02.080,4.706,100
2020-09-18 09:35:02.770,4.707,50000
2020-09-18 09:35:02.820,4.707,30000
2020-09-18 09:35:02.820,4.707,30000
2020-09-18 09:35:03.410,4.706,30000
2020-09-18 09:35:03.410,4.706,20000
2020-09-18 09:35:03.410,4.706,500
2020-09-18 09:35:03.410,4.705,20000
2020-09-18 09:35:03.410,4.705,30000
2020-09-18 09:35:03.410,4.705,30000
2020-09-18 09:35:03.410,4.704,10000
2020-09-18 09:35:03.410,4.704,10000
2020-09-18 09:35:03.410,4.704,10000
2020-09-18 09:35:03.410,4.704,10000
2020-09-18 09:35:03.410,4.704,10000
2020-09-18 09:35:03.410,4.704,100000
2020-09-18 09:35:03.410,4.704,10000
2020-09-18 09:35:03.410,4.704,10000
2020-09-18 09:35:03.410,4.704,10000
2020-09-18 09:35:03.410,4.704,20000
2020-09-18 09:35:03.410,4.704,30000
2020-09-18 09:35:03.410,4.704,1400
2020-09-18 09:35:03.410,4.704,300000
2020-09-18 09:35:03.730,4.704,100
2020-09-18 09:35:04.090,4.704,200800
2020-09-18 09:35:04.170,4.707,100
2020-09-18 09:35:04.360,4.705,10000
2020-09-18 09:35:04.800,4.707,3300
2020-09-18 09:35:05.120,4.707,26600
2020-09-18 09:35:05.120,4.707,3400
2020-09-18 09:35:06.670,4.707,2100
2020-09-18 09:35:08.260,4.706,200
2020-09-18 09:35:09.510,4.706,1600
2020-09-18 09:35:10.090,4.707,4500
2020-09-18 09:35:10.090,4.707,35500
2020-09-18 09:35:11.980,4.706,1000
2020-09-18 09:35:12.270,4.707,5000
2020-09-18 09:35:14.180,4.707,40000
2020-09-18 09:35:15.870,4.707,5000
2020-09-18 09:35:17.010,4.707,14200
2020-09-18 09:35:17.010,4.707,200
2020-09-18 09:35:17.010,4.707,1500
2020-09-18 09:35:17.010,4.707,10000
2020-09-18 09:35:17.010,4.707,200
2020-09-18 09:35:17.160,4.708,1000
2020-09-18 09:35:17.160,4.708,200
2020-09-18 09:35:17.160,4.708,1000
2020-09-18 09:35:17.160,4.708,1800
2020-09-18 09:35:17.700,4.707,500
2020-09-18 09:35:19.070,4.707,2900
2020-09-18 09:35:19.070,4.707,7100
2020-09-18 09:35:20.040,4.708,40000
2020-09-18 09:35:21.330,4.707,100
2020-09-18 09:35:25.960,4.708,100
2020-09-18 09:35:26.160,4.707,1700
2020-09-18 09:35:26.160,4.707,1100
2020-09-18 09:35:26.240,4.707,100
2020-09-18 09:35:27.000,4.706,300
2020-09-18 09:35:27.000,4.706,9700
2020-09-18 09:35:28.410,4.707,100
2020-09-18 09:35:29.380,4.706,100000
2020-09-18 09:35:29.760,4.706,20000
2020-09-18 09:35:32.760,4.706,10000
2020-09-18 09:35:33.410,4.706,300
2020-09-18 09:35:33.410,4.707,2600
2020-09-18 09:35:33.410,4.707,300
2020-09-18 09:35:33.410,4.707,5000
2020-09-18 09:35:33.410,4.707,500
2020-09-18 09:35:33.410,4.707,500
2020-09-18 09:35:33.410,4.708,5800
2020-09-18 09:35:35.160,4.707,800
2020-09-18 09:35:37.640,4.705,100000
2020-09-18 09:35:37.870,4.707,10000
2020-09-18 09:35:42.040,4.706,13600
2020-09-18 09:35:42.560,4.707,100
2020-09-18 09:35:42.780,4.707,100
2020-09-18 09:35:43.030,4.706,2000
2020-09-18 09:35:44.430,4.706,24400
2020-09-18 09:35:44.430,4.706,30000
2020-09-18 09:35:44.550,4.706,3000
2020-09-18 09:35:44.910,4.706,600
2020-09-18 09:35:45.500,4.706,40000
2020-09-18 09:35:45.990,4.705,200000
2020-09-18 09:35:45.990,4.705,5000
2020-09-18 09:35:45.990,4.705,40000
2020-09-18 09:35:45.990,4.705,20000
2020-09-18 09:35:45.990,4.705,17200
2020-09-18 09:35:45.990,4.705,30000
2020-09-18 09:35:45.990,4.705,200
2020-09-18 09:35:47.450,4.704,2000
2020-09-18 09:35:48.070,4.705,30000
2020-09-18 09:35:48.100,4.705,20000
2020-09-18 09:35:48.100,4.705,30000
2020-09-18 09:35:48.120,4.705,60000
2020-09-18 09:35:48.240,4.705,50000
2020-09-18 09:35:48.240,4.705,50000
2020-09-18 09:35:48.240,4.705,50000
2020-09-18 09:35:48.240,4.705,10000
2020-09-18 09:35:48.240,4.705,50000
2020-09-18 09:35:48.240,4.705,30000
2020-09-18 09:35:48.240,4.705,50000
2020-09-18 09:35:48.240,4.705,27300
2020-09-18 09:35:48.620,4.706,20000
2020-09-18 09:35:48.850,4.706,300
2020-09-18 09:35:49.090,4.706,51700
2020-09-18 09:35:49.090,4.706,7500
2020-09-18 09:35:49.090,4.707,240800
2020-09-18 09:35:49.150,4.707,800
2020-09-18 09:35:49.150,4.707,2000
2020-09-18 09:35:49.150,4.707,5000
2020-09-18 09:35:49.150,4.707,3000
2020-09-18 09:35:49.150,4.707,29200
2020-09-18 09:35:49.690,4.707,30000
2020-09-18 09:35:50.100,4.707,23200
2020-09-18 09:35:50.100,4.707,900
2020-09-18 09:35:50.100,4.707,1000
2020-09-18 09:35:50.100,4.707,100
2020-09-18 09:35:50.100,4.707,10000
2020-09-18 09:35:50.100,4.707,50000
2020-09-18 09:35:50.260,4.707,10000
2020-09-18 09:35:50.320,4.708,800
2020-09-18 09:35:53.680,4.708,30000
2020-09-18 09:35:53.770,4.708,12100
2020-09-18 09:35:53.770,4.708,7900
2020-09-18 09:35:53.770,4.708,30000
2020-09-18 09:35:54.300,4.707,500
2020-09-18 09:35:55.210,4.708,30000
2020-09-18 09:35:55.240,4.708,30000
2020-09-18 09:35:57.070,4.708,40000
2020-09-18 09:35:57.500,4.708,30000
2020-09-18 09:35:57.830,4.708,30000
2020-09-18 09:35:58.760,4.708,2100
2020-09-18 09:35:58.760,4.708,34000
2020-09-18 09:35:58.760,4.708,10000
2020-09-18 09:35:58.760,4.708,1000
2020-09-18 09:35:58.760,4.708,20000
2020-09-18 09:35:58.760,4.708,2800
2020-09-18 09:35:58.760,4.708,4700
2020-09-18 09:35:58.760,4.708,1000
2020-09-18 09:35:58.760,4.708,900
2020-09-18 09:35:58.760,4.708,4400
2020-09-18 09:35:58.760,4.709,10000
2020-09-18 09:35:58.760,4.709,9000
2020-09-18 09:35:58.760,4.709,5000
2020-09-18 09:35:58.760,4.709,37800
2020-09-18 09:35:58.760,4.709,5000
2020-09-18 09:35:58.760,4.709,2400
2020-09-18 09:35:59.070,4.707,200
2020-09-18 09:35:59.540,4.708,1800
2020-09-18 09:36:00.440,4.708,2200
2020-09-18 09:36:00.680,4.709,1700
2020-09-18 09:36:00.680,4.709,200
2020-09-18 09:36:00.680,4.709,11100
2020-09-18 09:36:00.680,4.709,7000
2020-09-18 09:36:03.340,4.708,500
2020-09-18 09:36:04.300,4.708,11200
2020-09-18 09:36:05.600,4.709,3000
2020-09-18 09:36:05.600,4.709,37000
2020-09-18 09:36:06.430,4.709,13000
2020-09-18 09:36:06.430,4.709,1000
2020-09-18 09:36:06.430,4.709,200000
2020-09-18 09:36:06.430,4.709,1500
2020-09-18 09:36:06.430,4.709,2500
2020-09-18 09:36:06.840,4.709,700
2020-09-18 09:36:09.170,4.71,20000
2020-09-18 09:36:09.170,4.71,6800
2020-09-18 09:36:09.170,4.71,200
2020-09-18 09:36:09.170,4.71,6300
2020-09-18 09:36:09.170,4.71,1000
2020-09-18 09:36:09.170,4.71,3500
2020-09-18 09:36:09.170,4.71,500
2020-09-18 09:36:09.170,4.71,1500
2020-09-18 09:36:09.170,4.71,200
2020-09-18 09:36:09.200,4.709,8000
2020-09-18 09:36:09.330,4.709,4000
2020-09-18 09:36:09.510,4.709,36300
2020-09-18 09:36:10.860,4.71,9800
2020-09-18 09:36:10.860,4.71,200
2020-09-18 09:36:10.860,4.71,2000
2020-09-18 09:36:13.840,4.71,2000
2020-09-18 09:36:15.240,4.709,100
2020-09-18 09:36:15.960,4.709,500
2020-09-18 09:36:18.040,4.71,100
2020-09-18 09:36:18.270,4.71,10900
2020-09-18 09:36:18.270,4.71,100
2020-09-18 09:36:18.270,4.71,1000
2020-09-18 09:36:18.270,4.71,1000
2020-09-18 09:36:18.270,4.71,3000
2020-09-18 09:36:18.270,4.71,500
2020-09-18 09:36:18.270,4.71,200
2020-09-18 09:36:18.270,4.71,100
2020-09-18 09:36:18.270,4.71,6500
2020-09-18 09:36:18.270,4.71,1000
2020-09-18 09:36:18.270,4.71,2000
2020-09-18 09:36:18.270,4.71,1000
2020-09-18 09:36:18.270,4.71,1000
2020-09-18 09:36:18.270,4.71,1700
2020-09-18 09:36:19.170,4.71,1000
2020-09-18 09:36:19.600,4.71,5100
2020-09-18 09:36:20.330,4.71,5700
2020-09-18 09:36:20.330,4.709,14300
2020-09-18 09:36:20.350,4.709,2700
2020-09-18 09:36:20.350,4.709,1500
2020-09-18 09:36:20.350,4.709,15800
2020-09-18 09:36:21.180,4.71,30000
2020-09-18 09:36:21.450,4.71,63800
2020-09-18 09:36:23.470,4.709,24200
2020-09-18 09:36:23.470,4.709,30000
2020-09-18 09:36:23.470,4.709,100
2020-09-18 09:36:23.470,4.709,4200
2020-09-18 09:36:23.470,4.709,100000
2020-09-18 09:36:23.470,4.709,500
2020-09-18 09:36:23.470,4.709,100000
2020-09-18 09:36:23.470,4.709,30000
2020-09-18 09:36:23.670,4.709,100
2020-09-18 09:36:23.720,4.709,200
2020-09-18 09:36:24.030,4.709,10700
2020-09-18 09:36:24.030,4.71,4300
2020-09-18 09:36:24.060,4.71,28200
2020-09-18 09:36:24.170,4.71,20000
2020-09-18 09:36:24.310,4.709,200
2020-09-18 09:36:24.360,4.71,5000
2020-09-18 09:36:25.260,4.71,1200
2020-09-18 09:36:25.670,4.71,30000
2020-09-18 09:36:26.220,4.71,40000
2020-09-18 09:36:26.600,4.71,22500
2020-09-18 09:36:26.600,4.71,300
2020-09-18 09:36:28.140,4.711,1000
2020-09-18 09:36:28.650,4.71,200
2020-09-18 09:36:28.650,4.709,800
2020-09-18 09:36:28.680,4.709,10000
2020-09-18 09:36:30.890,4.71,4400
2020-09-18 09:36:31.210,4.711,4000
2020-09-18 09:36:31.210,4.711,8500
2020-09-18 09:36:31.210,4.711,500
2020-09-18 09:36:31.210,4.711,300
2020-09-18 09:36:31.210,4.711,100
2020-09-18 09:36:31.210,4.711,2000
2020-09-18 09:36:31.210,4.711,11400
2020-09-18 09:36:31.210,4.711,3000
2020-09-18 09:36:31.210,4.711,200
2020-09-18 09:36:31.260,4.711,9800
2020-09-18 09:36:31.260,4.711,200
2020-09-18 09:36:31.260,4.711,10000
2020-09-18 09:36:31.260,4.711,500
2020-09-18 09:36:31.260,4.711,9500
2020-09-18 09:36:31.260,4.711,20000
2020-09-18 09:36:31.350,4.71,1000
2020-09-18 09:36:32.160,4.711,30000
2020-09-18 09:36:32.330,4.711,140500
2020-09-18 09:36:32.330,4.711,9500
2020-09-18 09:36:32.360,4.71,11600
2020-09-18 09:36:32.910,4.711,500
2020-09-18 09:36:32.910,4.711,6900
2020-09-18 09:36:32.910,4.711,22600
2020-09-18 09:36:32.910,4.711,10000
2020-09-18 09:36:32.910,4.711,30000
2020-09-18 09:36:33.480,4.71,5000
2020-09-18 09:36:33.750,4.711,27400
2020-09-18 09:36:34.100,4.711,5000
2020-09-18 09:36:34.730,4.711,7600
2020-09-18 09:36:34.730,4.711,5000
2020-09-18 09:36:34.730,4.71,3400
2020-09-18 09:36:37.170,4.712,500
2020-09-18 09:36:38.510,4.711,1100
2020-09-18 09:36:38.510,4.711,1700
2020-09-18 09:36:39.730,4.712,16600
2020-09-18 09:36:39.730,4.712,4000
2020-09-18 09:36:39.730,4.712,1000
2020-09-18 09:36:39.730,4.712,7400
2020-09-18 09:36:40.770,4.712,1000
2020-09-18 09:36:40.770,4.712,1000
2020-09-18 09:36:40.770,4.712,10000
2020-09-18 09:36:40.770,4.712,1000
2020-09-18 09:36:40.770,4.712,3000
2020-09-18 09:36:40.770,4.712,500
2020-09-18 09:36:40.770,4.712,10000
2020-09-18 09:36:40.770,4.712,2000
2020-09-18 09:36:40.770,4.712,1500
2020-09-18 09:36:40.830,4.712,3500
2020-09-18 09:36:40.830,4.712,200
2020-09-18 09:36:40.830,4.712,2000
2020-09-18 09:36:40.830,4.712,4000
2020-09-18 09:36:40.830,4.712,300
2020-09-18 09:36:40.890,4.711,5000
2020-09-18 09:36:41.500,4.712,300
2020-09-18 09:36:41.500,4.712,200
2020-09-18 09:36:41.500,4.712,100
2020-09-18 09:36:44.050,4.711,23300
2020-09-18 09:36:44.050,4.711,3000
2020-09-18 09:36:44.050,4.711,30000
2020-09-18 09:36:44.050,4.711,30000
2020-09-18 09:36:44.110,4.711,30000
2020-09-18 09:36:44.140,4.711,14600
2020-09-18 09:36:44.140,4.711,20000
2020-09-18 09:36:44.200,4.711,50000
2020-09-18 09:36:44.200,4.711,30000
2020-09-18 09:36:44.230,4.711,40000
2020-09-18 09:36:44.460,4.711,200
2020-09-18 09:36:44.640,4.711,23100
2020-09-18 09:36:44.670,4.711,5800
2020-09-18 09:36:44.670,4.712,4900
2020-09-18 09:36:44.670,4.712,11000
2020-09-18 09:36:44.670,4.712,8300
2020-09-18 09:36:45.140,4.712,5000
2020-09-18 09:36:45.360,4.711,6200
2020-09-18 09:36:45.590,4.712,106500
2020-09-18 09:36:45.590,4.712,12000
2020-09-18 09:36:45.590,4.712,200
2020-09-18 09:36:45.590,4.712,300
2020-09-18 09:36:45.590,4.712,10000
2020-09-18 09:36:45.590,4.712,8000
2020-09-18 09:36:45.970,4.712,200
2020-09-18 09:36:46.130,4.713,500
2020-09-18 09:36:46.130,4.713,1500
2020-09-18 09:36:46.130,4.713,2000
2020-09-18 09:36:46.130,4.713,800
2020-09-18 09:36:46.130,4.713,300
2020-09-18 09:36:46.130,4.713,2900
2020-09-18 09:36:46.370,4.712,300
2020-09-18 09:36:47.040,4.713,1500
2020-09-18 09:36:47.390,4.712,2000
2020-09-18 09:36:48.570,4.712,2000
2020-09-18 09:36:49.400,4.712,100
2020-09-18 09:36:49.690,4.712,300
2020-09-18 09:36:49.860,4.713,600
2020-09-18 09:36:49.860,4.713,5400
2020-09-18 09:36:50.060,4.712,1000
2020-09-18 09:36:51.080,4.712,4500
2020-09-18 09:36:51.800,4.713,4000
2020-09-18 09:36:53.540,4.713,20600
2020-09-18 09:36:53.540,4.713,100
2020-09-18 09:36:53.540,4.713,8600
2020-09-18 09:36:53.540,4.713,700
2020-09-18 09:36:53.690,4.713,6200
2020-09-18 09:36:53.820,4.713,1000
2020-09-18 09:36:55.110,4.713,300
2020-09-18 09:36:55.250,4.713,1500
2020-09-18 09:36:55.790,4.713,600
2020-09-18 09:36:55.870,4.713,400
2020-09-18 09:36:55.870,4.713,100
2020-09-18 09:36:55.870,4.713,30000
2020-09-18 09:36:55.870,4.713,2000
2020-09-18 09:36:55.870,4.713,39800
2020-09-18 09:36:56.430,4.713,10000
2020-09-18 09:36:56.940,4.713,1000
2020-09-18 09:36:57.710,4.713,15000
2020-09-18 09:36:57.740,4.713,1100
2020-09-18 09:36:58.300,4.713,3900
2020-09-18 09:36:58.470,4.713,6100
2020-09-18 09:36:58.550,4.713,3900
2020-09-18 09:36:58.550,4.713,6100
2020-09-18 09:36:58.700,4.714,13000
2020-09-18 09:36:58.700,4.714,10000
2020-09-18 09:36:58.700,4.714,10000
2020-09-18 09:36:58.700,4.714,6000
2020-09-18 09:36:58.700,4.714,100
2020-09-18 09:36:58.700,4.714,2500
2020-09-18 09:36:58.700,4.714,8000
2020-09-18 09:36:58.700,4.714,50000
2020-09-18 09:36:58.700,4.714,700
2020-09-18 09:36:58.700,4.714,100
2020-09-18 09:36:59.170,4.714,2700
2020-09-18 09:36:59.850,4.715,100
2020-09-18 09:36:59.850,4.715,10000
2020-09-18 09:36:59.850,4.715,10000
2020-09-18 09:36:59.850,4.715,2500
2020-09-18 09:36:59.850,4.715,1000
2020-09-18 09:36:59.850,4.715,4000
2020-09-18 09:36:59.850,4.715,2000
2020-09-18 09:36:59.850,4.715,100
2020-09-18 09:36:59.850,4.715,300
2020-09-18 09:36:59.990,4.714,100
2020-09-18 09:37:01.580,4.714,91300
2020-09-18 09:37:03.590,4.714,4000
2020-09-18 09:37:04.000,4.714,50000
2020-09-18 09:37:04.180,4.715,5000
2020-09-18 09:37:05.210,4.715,4700
2020-09-18 09:37:05.210,4.715,2500
2020-09-18 09:37:05.210,4.715,500
2020-09-18 09:37:05.210,4.715,2000
2020-09-18 09:37:05.210,4.715,3000
2020-09-18 09:37:05.210,4.715,5000
2020-09-18 09:37:05.210,4.715,3000
2020-09-18 09:37:05.210,4.715,500
2020-09-18 09:37:05.210,4.715,100
2020-09-18 09:37:05.210,4.715,8700
2020-09-18 09:37:05.580,4.715,2000
2020-09-18 09:37:05.840,4.715,30000
2020-09-18 09:37:05.860,4.715,9300
2020-09-18 09:37:05.860,4.715,5000
2020-09-18 09:37:05.860,4.715,100
2020-09-18 09:37:05.860,4.715,300
2020-09-18 09:37:05.860,4.715,1000
2020-09-18 09:37:05.860,4.715,4300
2020-09-18 09:37:06.480,4.715,700
2020-09-18 09:37:06.480,4.715,9200
2020-09-18 09:37:07.360,4.715,800
2020-09-18 09:37:07.360,4.715,5000
2020-09-18 09:37:07.360,4.715,200
2020-09-18 09:37:07.560,4.715,4400
2020-09-18 09:37:07.560,4.715,100
2020-09-18 09:37:09.200,4.716,10000
2020-09-18 09:37:09.600,4.715,500
2020-09-18 09:37:09.600,4.715,10000
2020-09-18 09:37:09.770,4.715,500
2020-09-18 09:37:11.720,4.716,2300
2020-09-18 09:37:11.720,4.716,300
2020-09-18 09:37:11.720,4.716,5000
2020-09-18 09:37:11.720,4.716,100
2020-09-18 09:37:11.720,4.716,1000
2020-09-18 09:37:11.720,4.716,1300
2020-09-18 09:37:12.060,4.715,11500
2020-09-18 09:37:13.110,4.715,5000
2020-09-18 09:37:13.780,4.715,8700
2020-09-18 09:37:15.230,4.715,14700
2020-09-18 09:37:15.470,4.715,1400
2020-09-18 09:37:16.720,4.715,43200
2020-09-18 09:37:16.720,4.715,1100
2020-09-18 09:37:16.720,4.715,800
2020-09-18 09:37:16.720,4.715,1500
2020-09-18 09:37:16.720,4.715,800
2020-09-18 09:37:16.720,4.715,10000
2020-09-18 09:37:16.720,4.715,500
2020-09-18 09:37:17.740,4.715,15800
2020-09-18 09:37:18.410,4.715,700
2020-09-18 09:37:18.590,4.715,1000
2020-09-18 09:37:18.670,4.715,85200
2020-09-18 09:37:19.720,4.715,100
2020-09-18 09:37:19.920,4.714,500
2020-09-18 09:37:20.380,4.715,1400
2020-09-18 09:37:20.570,4.714,51000
2020-09-18 09:37:20.570,4.714,35800
2020-09-18 09:37:20.570,4.714,1800
2020-09-18 09:37:20.570,4.714,11400
2020-09-18 09:37:21.330,4.715,2000
2020-09-18 09:37:21.830,4.715,2000
2020-09-18 09:37:22.510,4.715,200
2020-09-18 09:37:22.540,4.715,17600
2020-09-18 09:37:22.620,4.714,1000
2020-09-18 09:37:22.670,4.714,10000
2020-09-18 09:37:22.810,4.714,35000
2020-09-18 09:37:22.810,4.714,800
2020-09-18 09:37:22.810,4.714,4000
2020-09-18 09:37:22.810,4.714,2600
2020-09-18 09:37:22.810,4.714,100
2020-09-18 09:37:22.810,4.714,2000
2020-09-18 09:37:22.810,4.714,20000
2020-09-18 09:37:23.850,4.714,50000
2020-09-18 09:37:25.560,4.714,17000
2020-09-18 09:37:25.560,4.714,200
2020-09-18 09:37:25.560,4.715,116100
2020-09-18 09:37:25.560,4.715,44500
2020-09-18 09:37:25.560,4.715,200
2020-09-18 09:37:25.560,4.715,10000
2020-09-18 09:37:25.560,4.715,4000
2020-09-18 09:37:25.560,4.715,3000
2020-09-18 09:37:25.560,4.715,3800
2020-09-18 09:37:25.560,4.715,5300
2020-09-18 09:37:25.590,4.715,100
2020-09-18 09:37:25.810,4.714,1000
2020-09-18 09:37:26.160,4.714,9000
2020-09-18 09:37:26.390,4.714,4700
2020-09-18 09:37:27.070,4.714,16300
2020-09-18 09:37:27.070,4.714,11100
2020-09-18 09:37:28.560,4.714,5000
2020-09-18 09:37:29.730,4.714,2600
2020-09-18 09:37:32.020,4.715,200
2020-09-18 09:37:32.070,4.715,200
2020-09-18 09:37:32.860,4.714,11300
2020-09-18 09:37:32.860,4.714,700
2020-09-18 09:37:32.920,4.715,4200
2020-09-18 09:37:32.920,4.715,1100
2020-09-18 09:37:33.200,4.715,3800
2020-09-18 09:37:33.200,4.715,1000
2020-09-18 09:37:33.200,4.715,18700
2020-09-18 09:37:35.320,4.714,1000
2020-09-18 09:37:35.320,4.714,9300
2020-09-18 09:37:35.400,4.714,9000
2020-09-18 09:37:35.400,4.714,40000
2020-09-18 09:37:35.400,4.714,3400
2020-09-18 09:37:35.400,4.714,10000
2020-09-18 09:37:35.400,4.714,1000
2020-09-18 09:37:35.400,4.714,5000
2020-09-18 09:37:35.400,4.714,22900
2020-09-18 09:37:35.870,4.715,100
2020-09-18 09:37:35.920,4.714,100
2020-09-18 09:37:36.020,4.715,100
2020-09-18 09:37:37.570,4.714,3000
2020-09-18 09:37:37.740,4.714,3000
2020-09-18 09:37:37.770,4.715,1100
2020-09-18 09:37:37.770,4.715,25000
2020-09-18 09:37:37.770,4.715,300
2020-09-18 09:37:37.770,4.715,300
2020-09-18 09:37:37.770,4.715,3300
2020-09-18 09:37:38.480,4.715,1600
2020-09-18 09:37:38.530,4.715,200
2020-09-18 09:37:38.620,4.714,1000
2020-09-18 09:37:38.620,4.714,2000
2020-09-18 09:37:38.620,4.714,1200
2020-09-18 09:37:38.840,4.714,10000
2020-09-18 09:37:38.920,4.714,14300
2020-09-18 09:37:38.920,4.714,600
2020-09-18 09:37:38.920,4.714,10000
2020-09-18 09:37:40.150,4.714,5000
2020-09-18 09:37:43.040,4.715,2000
2020-09-18 09:37:43.360,4.715,500
2020-09-18 09:37:43.540,4.715,94200
2020-09-18 09:37:43.540,4.715,400
2020-09-18 09:37:43.540,4.715,5400
2020-09-18 09:37:43.540,4.714,2000
2020-09-18 09:37:44.330,4.715,100
2020-09-18 09:37:44.500,4.714,100
2020-09-18 09:37:44.720,4.714,1700
2020-09-18 09:37:44.870,4.715,10000
2020-09-18 09:37:47.840,4.715,100
2020-09-18 09:37:47.870,4.714,1000
2020-09-18 09:37:48.310,4.715,4400
2020-09-18 09:37:48.310,4.715,5600
2020-09-18 09:37:49.530,4.714,500
2020-09-18 09:37:49.750,4.715,5500
2020-09-18 09:37:49.750,4.715,300
2020-09-18 09:37:49.750,4.715,10000
2020-09-18 09:37:49.750,4.715,500
2020-09-18 09:37:49.750,4.715,13700
2020-09-18 09:37:49.830,4.715,16300
2020-09-18 09:37:49.830,4.715,2000
2020-09-18 09:37:49.830,4.715,2000
2020-09-18 09:37:49.830,4.715,1000
2020-09-18 09:37:49.830,4.715,8700
2020-09-18 09:37:49.830,4.715,6300
2020-09-18 09:37:49.830,4.715,500
2020-09-18 09:37:49.830,4.715,13200
2020-09-18 09:37:50.770,4.714,2000
2020-09-18 09:37:50.860,4.715,30000
2020-09-18 09:37:50.910,4.715,30000
2020-09-18 09:37:50.910,4.715,20000
2020-09-18 09:37:50.910,4.715,1800
2020-09-18 09:37:50.910,4.715,28200
2020-09-18 09:37:50.970,4.714,40000
2020-09-18 09:37:53.340,4.715,14400
2020-09-18 09:37:53.340,4.715,5700
2020-09-18 09:37:53.340,4.715,15500
2020-09-18 09:37:53.340,4.715,5000
2020-09-18 09:37:54.380,4.715,20000
2020-09-18 09:37:55.740,4.715,1000
2020-09-18 09:37:56.030,4.715,6800
2020-09-18 09:37:58.790,4.715,228100
2020-09-18 09:38:00.340,4.716,100
2020-09-18 09:38:01.570,4.715,3000
2020-09-18 09:38:01.800,4.716,3600
2020-09-18 09:38:01.800,4.716,100
2020-09-18 09:38:01.800,4.716,200
2020-09-18 09:38:01.800,4.716,5000
2020-09-18 09:38:01.800,4.716,500
2020-09-18 09:38:01.800,4.716,300
2020-09-18 09:38:01.800,4.716,300
2020-09-18 09:38:01.800,4.716,4300
2020-09-18 09:38:01.800,4.716,5000
2020-09-18 09:38:01.800,4.716,20000
2020-09-18 09:38:01.800,4.716,3000
2020-09-18 09:38:01.800,4.716,100
2020-09-18 09:38:01.800,4.716,100
2020-09-18 09:38:01.800,4.716,17500
2020-09-18 09:38:02.720,4.716,2500
2020-09-18 09:38:02.720,4.716,300
2020-09-18 09:38:02.720,4.716,100
2020-09-18 09:38:02.720,4.716,100
2020-09-18 09:38:02.720,4.716,200
2020-09-18 09:38:02.720,4.716,20000
2020-09-18 09:38:02.720,4.716,4000
2020-09-18 09:38:02.720,4.716,1000
2020-09-18 09:38:02.720,4.716,11800
2020-09-18 09:38:02.780,4.716,20000
2020-09-18 09:38:02.800,4.716,500
2020-09-18 09:38:02.830,4.716,50000
2020-09-18 09:38:02.890,4.716,40000
2020-09-18 09:38:02.890,4.716,20000
2020-09-18 09:38:02.890,4.716,20000
2020-09-18 09:38:02.890,4.716,37700
2020-09-18 09:38:03.350,4.716,100
2020-09-18 09:38:03.380,4.716,2100
2020-09-18 09:38:03.690,4.716,4000
2020-09-18 09:38:03.780,4.716,6100
2020-09-18 09:38:03.780,4.715,14900
2020-09-18 09:38:03.780,4.715,10100
2020-09-18 09:38:03.780,4.715,2200
2020-09-18 09:38:03.780,4.715,100
2020-09-18 09:38:03.780,4.715,64000
2020-09-18 09:38:03.780,4.715,1000
2020-09-18 09:38:03.780,4.715,1600
2020-09-18 09:38:04.180,4.716,5000
2020-09-18 09:38:04.240,4.716,5000
2020-09-18 09:38:05.840,4.717,200
2020-09-18 09:38:05.840,4.717,14000
2020-09-18 09:38:05.840,4.717,35800
2020-09-18 09:38:05.900,4.717,30000
2020-09-18 09:38:08.660,4.717,34200
2020-09-18 09:38:08.660,4.717,5000
2020-09-18 09:38:08.660,4.717,300
2020-09-18 09:38:08.660,4.717,500
2020-09-18 09:38:08.660,4.717,4500
2020-09-18 09:38:08.660,4.717,2800
2020-09-18 09:38:08.660,4.717,6000
2020-09-18 09:38:08.660,4.717,6700
2020-09-18 09:38:08.860,4.717,300
2020-09-18 09:38:08.860,4.717,8000
2020-09-18 09:38:08.860,4.717,10000
2020-09-18 09:38:08.860,4.717,1700
2020-09-18 09:38:09.190,4.717,1300
2020-09-18 09:38:09.190,4.717,6700
2020-09-18 09:38:09.190,4.717,700
2020-09-18 09:38:09.540,4.717,100
2020-09-18 09:38:09.600,4.717,11200
2020-09-18 09:38:10.230,4.717,159900
2020-09-18 09:38:10.230,4.717,4500
2020-09-18 09:38:10.230,4.718,10000
2020-09-18 09:38:10.230,4.718,100
2020-09-18 09:38:10.230,4.718,300
2020-09-18 09:38:10.230,4.718,2000
2020-09-18 09:38:10.230,4.718,700
2020-09-18 09:38:10.230,4.718,20000
2020-09-18 09:38:10.230,4.718,300
2020-09-18 09:38:10.230,4.718,1000
2020-09-18 09:38:10.230,4.718,25000
2020-09-18 09:38:10.230,4.718,25000
2020-09-18 09:38:10.230,4.718,5000
2020-09-18 09:38:10.230,4.718,100
2020-09-18 09:38:10.230,4.718,18900
2020-09-18 09:38:10.230,4.718,10000
2020-09-18 09:38:10.230,4.718,2300
2020-09-18 09:38:10.230,4.718,1000
2020-09-18 09:38:10.230,4.718,1000
2020-09-18 09:38:10.230,4.718,8900
2020-09-18 09:38:10.490,4.716,3600
2020-09-18 09:38:11.840,4.718,1100
2020-09-18 09:38:11.840,4.718,5000
2020-09-18 09:38:11.840,4.718,23900
2020-09-18 09:38:12.120,4.718,1100
2020-09-18 09:38:12.120,4.718,10000
2020-09-18 09:38:12.120,4.718,100
2020-09-18 09:38:12.120,4.718,2000
2020-09-18 09:38:12.120,4.718,5000
2020-09-18 09:38:12.120,4.718,50000
2020-09-18 09:38:12.120,4.719,4600
2020-09-18 09:38:12.120,4.719,2500
2020-09-18 09:38:12.120,4.719,7700
2020-09-18 09:38:12.120,4.719,100
2020-09-18 09:38:12.120,4.719,5000
2020-09-18 09:38:12.120,4.719,1500
2020-09-18 09:38:12.120,4.719,100
2020-09-18 09:38:12.120,4.719,16000
2020-09-18 09:38:13.870,4.717,100
2020-09-18 09:38:14.600,4.719,4000
2020-09-18 09:38:14.600,4.719,10000
2020-09-18 09:38:14.600,4.719,21000
2020-09-18 09:38:14.600,4.719,10000
2020-09-18 09:38:14.600,4.719,3000
2020-09-18 09:38:14.600,4.719,10000
2020-09-18 09:38:14.600,4.719,9800
2020-09-18 09:38:14.600,4.719,1000
2020-09-18 09:38:14.600,4.719,1000
2020-09-18 09:38:14.600,4.719,100
2020-09-18 09:38:14.600,4.719,300
2020-09-18 09:38:14.600,4.719,5000
2020-09-18 09:38:14.600,4.719,5000
2020-09-18 09:38:14.600,4.719,700
2020-09-18 09:38:14.600,4.719,5000
2020-09-18 09:38:14.600,4.719,1000
2020-09-18 09:38:15.460,4.719,10000
2020-09-18 09:38:15.740,4.719,3000
2020-09-18 09:38:16.280,4.719,1700
2020-09-18 09:38:16.310,4.72,100
2020-09-18 09:38:16.310,4.72,20000
2020-09-18 09:38:16.310,4.72,5000
2020-09-18 09:38:16.310,4.72,100
2020-09-18 09:38:16.310,4.72,2000
2020-09-18 09:38:16.310,4.72,5400
2020-09-18 09:38:16.310,4.72,900
2020-09-18 09:38:16.310,4.72,8000
2020-09-18 09:38:16.310,4.72,20000
2020-09-18 09:38:16.310,4.72,5000
2020-09-18 09:38:16.310,4.72,3000
2020-09-18 09:38:16.310,4.72,2000
2020-09-18 09:38:16.310,4.72,2000
2020-09-18 09:38:16.310,4.72,2000
2020-09-18 09:38:16.310,4.72,2000
2020-09-18 09:38:16.310,4.72,500
2020-09-18 09:38:16.310,4.72,200
2020-09-18 09:38:16.310,4.72,3400
2020-09-18 09:38:16.310,4.72,5000
2020-09-18 09:38:16.310,4.72,10000
2020-09-18 09:38:16.310,4.72,5000
2020-09-18 09:38:16.310,4.72,100
2020-09-18 09:38:16.310,4.72,2000
2020-09-18 09:38:16.310,4.72,1000
2020-09-18 09:38:16.310,4.72,200
2020-09-18 09:38:16.310,4.72,200
2020-09-18 09:38:16.310,4.72,39200
2020-09-18 09:38:16.310,4.72,2900
2020-09-18 09:38:16.310,4.72,2900
2020-09-18 09:38:16.570,4.719,5000
2020-09-18 09:38:17.760,4.719,500
2020-09-18 09:38:17.870,4.719,2700
2020-09-18 09:38:18.800,4.719,2000
2020-09-18 09:38:19.410,4.719,1000
2020-09-18 09:38:19.810,4.72,7100
2020-09-18 09:38:19.810,4.72,100
2020-09-18 09:38:19.810,4.72,2500
2020-09-18 09:38:19.810,4.72,600
2020-09-18 09:38:19.810,4.72,15000
2020-09-18 09:38:19.810,4.72,1000
2020-09-18 09:38:19.810,4.72,13700
2020-09-18 09:38:20.010,4.719,10900
2020-09-18 09:38:20.640,4.719,26400
2020-09-18 09:38:20.640,4.719,2600
2020-09-18 09:38:20.640,4.719,35800
2020-09-18 09:38:20.640,4.719,800
2020-09-18 09:38:20.640,4.719,57400
2020-09-18 09:38:20.640,4.719,4000
2020-09-18 09:38:20.640,4.719,1800
2020-09-18 09:38:20.640,4.719,40000
2020-09-18 09:38:20.640,4.719,20000
2020-09-18 09:38:20.640,4.719,400
2020-09-18 09:38:20.860,4.719,109800
2020-09-18 09:38:20.860,4.719,100
2020-09-18 09:38:20.860,4.72,1300
2020-09-18 09:38:20.860,4.72,1000
2020-09-18 09:38:20.860,4.72,300
2020-09-18 09:38:20.860,4.72,1000
2020-09-18 09:38:20.860,4.72,5000
2020-09-18 09:38:20.860,4.72,1100
2020-09-18 09:38:20.860,4.72,2000
2020-09-18 09:38:20.860,4.72,1000
2020-09-18 09:38:20.860,4.72,500
2020-09-18 09:38:20.860,4.72,27000
2020-09-18 09:38:21.170,4.72,3000
2020-09-18 09:38:21.170,4.72,100
2020-09-18 09:38:21.170,4.721,200
2020-09-18 09:38:21.330,4.719,10000
2020-09-18 09:38:21.330,4.719,40000
2020-09-18 09:38:21.330,4.719,30000
2020-09-18 09:38:21.990,4.719,31000
2020-09-18 09:38:22.160,4.719,30000
2020-09-18 09:38:22.180,4.719,159000
2020-09-18 09:38:22.710,4.72,4600
2020-09-18 09:38:23.010,4.72,100
2020-09-18 09:38:24.730,4.72,13000
2020-09-18 09:38:27.080,4.72,900
2020-09-18 09:38:27.750,4.721,100
2020-09-18 09:38:27.750,4.721,7000
2020-09-18 09:38:27.750,4.721,300
2020-09-18 09:38:27.750,4.721,5000
2020-09-18 09:38:27.750,4.721,7600
2020-09-18 09:38:28.100,4.721,2400
2020-09-18 09:38:28.100,4.721,5000
2020-09-18 09:38:28.100,4.721,1000
2020-09-18 09:38:28.100,4.721,1600
2020-09-18 09:38:30.770,4.721,1900
2020-09-18 09:38:32.290,4.721,200
2020-09-18 09:38:33.340,4.721,600
2020-09-18 09:38:33.380,4.721,1000
2020-09-18 09:38:33.720,4.722,10000
2020-09-18 09:38:33.780,4.722,2000
2020-09-18 09:38:33.780,4.722,5100
2020-09-18 09:38:33.780,4.722,1000
2020-09-18 09:38:33.780,4.722,20400
2020-09-18 09:38:33.780,4.722,10000
2020-09-18 09:38:33.780,4.722,1500
2020-09-18 09:38:34.360,4.722,500
2020-09-18 09:38:34.360,4.722,200
2020-09-18 09:38:34.360,4.722,5000
2020-09-18 09:38:34.360,4.722,1000
2020-09-18 09:38:34.360,4.722,15000
2020-09-18 09:38:34.360,4.722,200
2020-09-18 09:38:34.360,4.722,10000
2020-09-18 09:38:34.920,4.722,5000
2020-09-18 09:38:34.920,4.722,400
2020-09-18 09:38:34.920,4.722,3900
2020-09-18 09:38:34.920,4.722,3100
2020-09-18 09:38:34.920,4.722,1000
2020-09-18 09:38:35.720,4.721,100
2020-09-18 09:38:35.800,4.721,1000
2020-09-18 09:38:36.370,4.722,1500
2020-09-18 09:38:36.370,4.721,8500
2020-09-18 09:38:36.440,4.721,3000
2020-09-18 09:38:36.670,4.721,53600
2020-09-18 09:38:36.670,4.721,20000
2020-09-18 09:38:36.670,4.721,26400
2020-09-18 09:38:37.820,4.721,1000
2020-09-18 09:38:38.040,4.723,2000
2020-09-18 09:38:38.040,4.723,100
2020-09-18 09:38:38.040,4.723,800
2020-09-18 09:38:38.040,4.723,5300
2020-09-18 09:38:38.040,4.723,2000
2020-09-18 09:38:38.040,4.723,4200
2020-09-18 09:38:38.040,4.723,2500
2020-09-18 09:38:38.040,4.723,23100
2020-09-18 09:38:38.620,4.723,3900
2020-09-18 09:38:38.620,4.723,500
2020-09-18 09:38:38.620,4.723,4400
2020-09-18 09:38:39.470,4.723,19700
2020-09-18 09:38:39.470,4.723,300
2020-09-18 09:38:39.760,4.723,10000
2020-09-18 09:38:40.580,4.722,100
2020-09-18 09:38:40.580,4.721,12600
2020-09-18 09:38:40.580,4.721,1000
2020-09-18 09:38:40.580,4.721,20000
2020-09-18 09:38:40.580,4.721,6300
2020-09-18 09:38:40.960,4.722,500
2020-09-18 09:38:40.960,4.722,2000
2020-09-18 09:38:40.960,4.722,500
2020-09-18 09:38:41.830,4.722,200
2020-09-18 09:38:42.070,4.723,300
2020-09-18 09:38:42.980,4.722,200
2020-09-18 09:38:43.870,4.722,1100
2020-09-18 09:38:45.000,4.722,4000
2020-09-18 09:38:45.700,4.723,200
2020-09-18 09:38:46.320,4.722,1500
2020-09-18 09:38:46.320,4.722,100
2020-09-18 09:38:46.590,4.721,100
2020-09-18 09:38:47.000,4.721,5000
2020-09-18 09:38:47.310,4.722,100
2020-09-18 09:38:47.690,4.722,200
2020-09-18 09:38:47.720,4.722,18100
2020-09-18 09:38:47.720,4.722,3700
2020-09-18 09:38:47.830,4.722,1300
2020-09-18 09:38:47.830,4.722,2100
2020-09-18 09:38:47.860,4.722,16600
2020-09-18 09:38:48.030,4.722,29400
2020-09-18 09:38:48.030,4.722,10000
2020-09-18 09:38:48.030,4.722,5000
2020-09-18 09:38:48.720,4.722,4500
2020-09-18 09:38:49.050,4.722,1100
2020-09-18 09:38:49.050,4.722,100
2020-09-18 09:38:49.050,4.721,3700
2020-09-18 09:38:49.860,4.723,200
2020-09-18 09:38:50.570,4.723,6400
2020-09-18 09:38:50.570,4.723,10000
2020-09-18 09:38:50.570,4.723,3600
2020-09-18 09:38:51.470,4.723,3300
2020-09-18 09:38:52.840,4.722,100
2020-09-18 09:38:53.840,4.722,9900
2020-09-18 09:38:53.840,4.722,100
2020-09-18 09:38:54.350,4.722,2700
2020-09-18 09:38:54.430,4.722,100
2020-09-18 09:38:54.430,4.722,2400
2020-09-18 09:38:54.490,4.722,5000
2020-09-18 09:38:55.120,4.722,2600
2020-09-18 09:38:55.120,4.722,300
2020-09-18 09:38:56.780,4.721,5000
2020-09-18 09:38:56.880,4.722,200
2020-09-18 09:38:56.880,4.722,3100
2020-09-18 09:38:58.670,4.721,26200
2020-09-18 09:38:58.670,4.721,20000
2020-09-18 09:38:59.430,4.721,100
2020-09-18 09:38:59.730,4.721,10000
2020-09-18 09:38:59.870,4.721,40000
2020-09-18 09:39:00.640,4.72,122400
2020-09-18 09:39:00.640,4.72,400
2020-09-18 09:39:00.640,4.72,7200
2020-09-18 09:39:00.720,4.721,3700
2020-09-18 09:39:00.720,4.722,1900
2020-09-18 09:39:00.720,4.722,8300
2020-09-18 09:39:00.720,4.722,3000
2020-09-18 09:39:00.720,4.722,1500
2020-09-18 09:39:00.720,4.722,1600
2020-09-18 09:39:00.920,4.721,1200
2020-09-18 09:39:01.010,4.721,800
2020-09-18 09:39:01.010,4.722,2200
2020-09-18 09:39:02.300,4.721,300
2020-09-18 09:39:02.850,4.722,46200
2020-09-18 09:39:02.850,4.722,3800
2020-09-18 09:39:02.850,4.722,10000
2020-09-18 09:39:02.850,4.721,5000
2020-09-18 09:39:04.750,4.722,6200
2020-09-18 09:39:04.750,4.722,400
2020-09-18 09:39:04.750,4.722,300
2020-09-18 09:39:05.740,4.722,6700
2020-09-18 09:39:05.740,4.722,2400
2020-09-18 09:39:05.740,4.722,9400
2020-09-18 09:39:05.740,4.722,1500
2020-09-18 09:39:05.740,4.722,8500
2020-09-18 09:39:05.740,4.722,500
2020-09-18 09:39:05.970,4.723,4600
2020-09-18 09:39:05.970,4.723,5000
2020-09-18 09:39:05.970,4.723,2600
2020-09-18 09:39:05.970,4.723,600
2020-09-18 09:39:05.970,4.723,100
2020-09-18 09:39:05.970,4.723,500
2020-09-18 09:39:05.970,4.723,100
2020-09-18 09:39:05.970,4.723,1000
2020-09-18 09:39:05.970,4.723,1200
2020-09-18 09:39:06.660,4.723,1100
2020-09-18 09:39:06.660,4.723,3900
2020-09-18 09:39:07.000,4.722,100
2020-09-18 09:39:07.950,4.722,5000
2020-09-18 09:39:08.350,4.723,12500
2020-09-18 09:39:08.350,4.723,1000
2020-09-18 09:39:08.350,4.723,2100
2020-09-18 09:39:08.350,4.723,1200
2020-09-18 09:39:08.550,4.723,100
2020-09-18 09:39:08.740,4.723,10000
2020-09-18 09:39:09.370,4.724,4900
2020-09-18 09:39:09.370,4.724,100
2020-09-18 09:39:09.370,4.724,5000
2020-09-18 09:39:09.370,4.724,3000
2020-09-18 09:39:09.370,4.724,500
2020-09-18 09:39:09.370,4.724,5000
2020-09-18 09:39:09.370,4.724,300
2020-09-18 09:39:09.370,4.724,1200
2020-09-18 09:39:09.580,4.723,8500
2020-09-18 09:39:09.740,4.723,4600
2020-09-18 09:39:09.740,4.723,8300
2020-09-18 09:39:09.880,4.723,1000
2020-09-18 09:39:10.010,4.723,3000
2020-09-18 09:39:10.180,4.723,6000
2020-09-18 09:39:10.180,4.723,1000
2020-09-18 09:39:10.400,4.723,700
2020-09-18 09:39:10.400,4.723,1800
2020-09-18 09:39:10.400,4.723,2600
2020-09-18 09:39:10.400,4.723,10900
2020-09-18 09:39:10.480,4.723,1000
2020-09-18 09:39:10.510,4.724,10000
2020-09-18 09:39:10.660,4.723,1500
2020-09-18 09:39:10.720,4.723,3000
2020-09-18 09:39:10.780,4.724,3800
2020-09-18 09:39:10.780,4.724,8100
2020-09-18 09:39:10.780,4.724,9500
2020-09-18 09:39:10.780,4.724,8600
2020-09-18 09:39:11.330,4.724,1400
2020-09-18 09:39:11.330,4.724,5000
2020-09-18 09:39:11.680,4.724,2500
2020-09-18 09:39:11.840,4.725,100
2020-09-18 09:39:11.840,4.725,900
2020-09-18 09:39:11.840,4.725,200
2020-09-18 09:39:11.840,4.725,1500
2020-09-18 09:39:11.840,4.725,10000
2020-09-18 09:39:11.840,4.725,300
2020-09-18 09:39:11.840,4.725,200
2020-09-18 09:39:11.840,4.725,2000
2020-09-18 09:39:11.840,4.725,14800
2020-09-18 09:39:11.900,4.725,1300
2020-09-18 09:39:11.900,4.725,5000
2020-09-18 09:39:11.900,4.725,5000
2020-09-18 09:39:11.900,4.725,5000
2020-09-18 09:39:11.900,4.725,5000
2020-09-18 09:39:11.900,4.725,1000
2020-09-18 09:39:11.900,4.725,3000
2020-09-18 09:39:11.900,4.725,1400
2020-09-18 09:39:11.900,4.725,500
2020-09-18 09:39:11.900,4.725,100
2020-09-18 09:39:11.900,4.725,1000
2020-09-18 09:39:11.900,4.725,1700
2020-09-18 09:39:11.900,4.725,800
2020-09-18 09:39:11.900,4.725,5000
2020-09-18 09:39:11.900,4.725,2000
2020-09-18 09:39:11.900,4.725,2700
2020-09-18 09:39:11.900,4.725,100
2020-09-18 09:39:11.900,4.725,4000
2020-09-18 09:39:11.900,4.725,100
2020-09-18 09:39:11.900,4.725,15300
2020-09-18 09:39:11.900,4.725,9700
2020-09-18 09:39:11.900,4.725,100
2020-09-18 09:39:11.900,4.725,20000
2020-09-18 09:39:11.900,4.725,200
2020-09-18 09:39:12.150,4.724,5000
2020-09-18 09:39:12.210,4.724,2000
2020-09-18 09:39:12.910,4.724,100
2020-09-18 09:39:13.150,4.724,200
2020-09-18 09:39:13.300,4.724,100
2020-09-18 09:39:13.790,4.723,2500
2020-09-18 09:39:14.350,4.723,13000
2020-09-18 09:39:14.490,4.723,3900
2020-09-18 09:39:14.490,4.723,1100
2020-09-18 09:39:14.490,4.723,56300
2020-09-18 09:39:14.490,4.723,3700
2020-09-18 09:39:14.700,4.723,300
2020-09-18 09:39:14.700,4.723,800
2020-09-18 09:39:14.700,4.723,3900
2020-09-18 09:39:14.890,4.723,5000
2020-09-18 09:39:15.600,4.724,200
2020-09-18 09:39:15.870,4.723,2000
2020-09-18 09:39:16.040,4.723,300
2020-09-18 09:39:16.830,4.723,3000
2020-09-18 09:39:17.100,4.724,19800
2020-09-18 09:39:17.100,4.725,200
2020-09-18 09:39:17.630,4.725,1600
2020-09-18 09:39:17.630,4.725,40000
2020-09-18 09:39:17.630,4.725,2700
2020-09-18 09:39:17.730,4.723,15500
2020-09-18 09:39:17.990,4.725,500
2020-09-18 09:39:18.320,4.725,400
2020-09-18 09:39:18.320,4.725,19600
2020-09-18 09:39:18.710,4.724,100
2020-09-18 09:39:19.000,4.723,10300
2020-09-18 09:39:19.000,4.723,200
2020-09-18 09:39:19.000,4.723,11500
2020-09-18 09:39:19.780,4.724,300
2020-09-18 09:39:20.170,4.724,10000
2020-09-18 09:39:20.340,4.724,1000
2020-09-18 09:39:20.450,4.724,2100
2020-09-18 09:39:20.510,4.724,3000
2020-09-18 09:39:21.370,4.724,83600
2020-09-18 09:39:21.370,4.724,200
2020-09-18 09:39:21.370,4.724,4000
2020-09-18 09:39:21.370,4.723,8500
2020-09-18 09:39:21.370,4.722,25900
2020-09-18 09:39:21.370,4.722,30000
2020-09-18 09:39:21.370,4.722,80000
2020-09-18 09:39:21.370,4.722,10000
2020-09-18 09:39:21.370,4.722,30000
2020-09-18 09:39:21.370,4.722,27800
2020-09-18 09:39:26.290,4.724,500
2020-09-18 09:39:26.290,4.724,10000
2020-09-18 09:39:26.290,4.724,6400
2020-09-18 09:39:26.290,4.725,2600
2020-09-18 09:39:26.290,4.725,1000
2020-09-18 09:39:26.290,4.725,500
2020-09-18 09:39:26.290,4.725,10000
2020-09-18 09:39:26.290,4.725,69000
2020-09-18 09:39:26.630,4.725,10000
2020-09-18 09:39:26.680,4.723,1000
2020-09-18 09:39:27.070,4.723,2000
2020-09-18 09:39:27.190,4.723,2500
2020-09-18 09:39:27.400,4.723,34500
2020-09-18 09:39:27.400,4.723,200
2020-09-18 09:39:27.400,4.723,500
2020-09-18 09:39:27.400,4.723,20000
2020-09-18 09:39:27.400,4.722,244800
2020-09-18 09:39:27.580,4.722,5000
2020-09-18 09:39:27.720,4.724,16600
2020-09-18 09:39:28.120,4.722,1900
2020-09-18 09:39:29.850,4.724,30000
2020-09-18 09:39:30.180,4.723,100
2020-09-18 09:39:30.500,4.723,200
2020-09-18 09:39:30.990,4.723,3200
2020-09-18 09:39:32.160,4.724,900
2020-09-18 09:39:32.160,4.724,400
2020-09-18 09:39:32.890,4.724,4600
2020-09-18 09:39:32.890,4.724,7000
2020-09-18 09:39:32.890,4.724,5000
2020-09-18 09:39:32.890,4.724,3400
2020-09-18 09:39:34.880,4.723,1000
2020-09-18 09:39:34.880,4.723,2000
2020-09-18 09:39:35.830,4.724,1600
2020-09-18 09:39:35.830,4.724,1000
2020-09-18 09:39:35.830,4.724,10000
2020-09-18 09:39:35.830,4.724,1500
2020-09-18 09:39:35.830,4.724,3000
2020-09-18 09:39:35.830,4.724,2000
2020-09-18 09:39:35.830,4.724,400
2020-09-18 09:39:35.830,4.724,500
2020-09-18 09:39:36.260,4.724,1400
2020-09-18 09:39:36.260,4.724,10000
2020-09-18 09:39:36.260,4.724,5000
2020-09-18 09:39:36.260,4.724,5000
2020-09-18 09:39:37.020,4.724,9900
2020-09-18 09:39:37.200,4.724,7000
2020-09-18 09:39:37.500,4.724,1700
2020-09-18 09:39:37.500,4.723,3700
2020-09-18 09:39:37.710,4.723,200
2020-09-18 09:39:37.840,4.723,300
2020-09-18 09:39:38.320,4.724,100
2020-09-18 09:39:38.590,4.724,500
2020-09-18 09:39:38.820,4.725,30000
2020-09-18 09:39:38.820,4.725,30000
2020-09-18 09:39:38.820,4.725,30000
2020-09-18 09:39:38.820,4.725,30000
2020-09-18 09:39:38.850,4.725,20000
2020-09-18 09:39:38.850,4.725,30000
2020-09-18 09:39:38.850,4.725,30000
2020-09-18 09:39:38.850,4.725,20000
2020-09-18 09:39:38.960,4.724,9400
2020-09-18 09:39:38.960,4.724,600
2020-09-18 09:39:39.430,4.724,2500
2020-09-18 09:39:39.430,4.724,5500
2020-09-18 09:39:40.740,4.724,200
2020-09-18 09:39:40.740,4.724,1900
2020-09-18 09:39:40.740,4.723,27900
2020-09-18 09:39:41.520,4.724,100
2020-09-18 09:39:41.880,4.724,50000
2020-09-18 09:39:41.880,4.724,10000
2020-09-18 09:39:41.880,4.724,20000
2020-09-18 09:39:43.910,4.724,19400
2020-09-18 09:39:43.910,4.724,1300
2020-09-18 09:39:43.910,4.724,10000
2020-09-18 09:39:43.910,4.724,9300
2020-09-18 09:39:44.080,4.724,100
2020-09-18 09:39:44.360,4.724,600
2020-09-18 09:39:44.360,4.724,100
2020-09-18 09:39:44.360,4.725,1000
2020-09-18 09:39:44.360,4.725,800
2020-09-18 09:39:44.860,4.725,200
2020-09-18 09:39:44.860,4.725,1400
2020-09-18 09:39:44.860,4.725,1200
2020-09-18 09:39:44.860,4.725,10000
2020-09-18 09:39:44.860,4.725,10000
2020-09-18 09:39:44.860,4.725,7200
2020-09-18 09:39:44.920,4.725,300
2020-09-18 09:39:44.920,4.725,10000
2020-09-18 09:39:44.920,4.725,5000
2020-09-18 09:39:44.920,4.725,4000
2020-09-18 09:39:44.920,4.725,700
2020-09-18 09:39:45.450,4.724,100
2020-09-18 09:39:45.820,4.723,500
2020-09-18 09:39:46.720,4.723,10000
2020-09-18 09:39:47.420,4.724,700
2020-09-18 09:39:47.830,4.724,500
2020-09-18 09:39:47.830,4.724,900
2020-09-18 09:39:47.830,4.724,100
2020-09-18 09:39:47.830,4.724,5000
2020-09-18 09:39:47.830,4.724,4000
2020-09-18 09:39:47.830,4.724,2500
2020-09-18 09:39:47.830,4.724,300
2020-09-18 09:39:47.830,4.724,1000
2020-09-18 09:39:47.830,4.724,5700
2020-09-18 09:39:47.880,4.723,1600
2020-09-18 09:39:47.880,4.723,3400
2020-09-18 09:39:47.940,4.724,200
2020-09-18 09:39:48.660,4.724,9100
2020-09-18 09:39:48.660,4.724,2300
2020-09-18 09:39:48.770,4.724,2000
2020-09-18 09:39:49.930,4.724,1600
2020-09-18 09:39:49.930,4.724,400
2020-09-18 09:39:50.670,4.725,600
2020-09-18 09:39:51.110,4.724,1000
2020-09-18 09:39:51.660,4.724,800
2020-09-18 09:39:51.970,4.724,5500
2020-09-18 09:39:52.260,4.724,10000
2020-09-18 09:39:52.400,4.724,2300
2020-09-18 09:39:52.640,4.723,2100
2020-09-18 09:39:52.760,4.724,2700
2020-09-18 09:39:52.760,4.725,4300
2020-09-18 09:39:53.780,4.724,5000
2020-09-18 09:39:53.780,4.725,900
2020-09-18 09:39:53.780,4.725,9200
2020-09-18 09:39:53.780,4.725,5000
2020-09-18 09:39:53.780,4.725,1000
2020-09-18 09:39:53.780,4.725,3500
2020-09-18 09:39:53.780,4.725,100
2020-09-18 09:39:53.780,4.725,5500
2020-09-18 09:39:53.780,4.725,10000
2020-09-18 09:39:53.780,4.725,20000
2020-09-18 09:39:53.780,4.725,5000
2020-09-18 09:39:53.780,4.725,12000
2020-09-18 09:39:53.780,4.725,300
2020-09-18 09:39:53.780,4.725,500
2020-09-18 09:39:53.780,4.725,3000
2020-09-18 09:39:54.360,4.725,100
2020-09-18 09:39:54.640,4.725,1000
2020-09-18 09:39:54.780,4.725,2000
2020-09-18 09:39:54.950,4.725,2200
2020-09-18 09:39:55.350,4.725,5000
2020-09-18 09:39:55.380,4.725,8700
2020-09-18 09:39:55.440,4.723,500
2020-09-18 09:39:56.030,4.723,1000
2020-09-18 09:39:56.750,4.723,15800
2020-09-18 09:39:56.750,4.723,3000
2020-09-18 09:39:56.750,4.723,1300
2020-09-18 09:39:56.750,4.723,1900
2020-09-18 09:40:00.240,4.724,500
2020-09-18 09:40:00.240,4.724,200
2020-09-18 09:40:00.530,4.724,5000
2020-09-18 09:40:00.640,4.723,20000
2020-09-18 09:40:00.640,4.723,10000
2020-09-18 09:40:00.640,4.723,9100
2020-09-18 09:40:00.640,4.723,200
2020-09-18 09:40:00.640,4.723,200
2020-09-18 09:40:00.640,4.722,4700
2020-09-18 09:40:00.640,4.722,100
2020-09-18 09:40:00.640,4.722,3000
2020-09-18 09:40:00.640,4.722,30000
2020-09-18 09:40:00.640,4.722,30000
2020-09-18 09:40:00.640,4.722,40000
2020-09-18 09:40:00.640,4.722,100
2020-09-18 09:40:00.640,4.722,100
2020-09-18 09:40:00.640,4.722,2500
2020-09-18 09:40:01.090,4.724,1000
2020-09-18 09:40:01.510,4.724,3000
2020-09-18 09:40:05.160,4.722,5000
2020-09-18 09:40:05.970,4.723,200
2020-09-18 09:40:05.970,4.723,7800
2020-09-18 09:40:07.730,4.723,700
2020-09-18 09:40:09.730,4.722,5000
2020-09-18 09:40:09.900,4.721,5000
2020-09-18 09:40:10.260,4.722,200
2020-09-18 09:40:10.580,4.722,4800
2020-09-18 09:40:10.580,4.722,1600
2020-09-18 09:40:10.750,4.722,3600
2020-09-18 09:40:10.920,4.721,5000
2020-09-18 09:40:11.790,4.72,2800
2020-09-18 09:40:11.790,4.72,700
2020-09-18 09:40:11.790,4.72,6500
2020-09-18 09:40:11.850,4.721,20000
2020-09-18 09:40:12.430,4.721,5000
2020-09-18 09:40:12.430,4.721,200
2020-09-18 09:40:12.430,4.722,4800
2020-09-18 09:40:13.090,4.72,2600
2020-09-18 09:40:14.940,4.72,40900
2020-09-18 09:40:14.940,4.72,10000
2020-09-18 09:40:14.940,4.72,4300
2020-09-18 09:40:14.940,4.72,40000
2020-09-18 09:40:15.700,4.72,4800
2020-09-18 09:40:17.840,4.721,2400
2020-09-18 09:40:17.840,4.721,7600
2020-09-18 09:40:17.930,4.721,100
2020-09-18 09:40:18.520,4.72,5000
2020-09-18 09:40:18.520,4.721,5500
2020-09-18 09:40:19.830,4.721,8800
2020-09-18 09:40:20.600,4.721,2000
2020-09-18 09:40:20.770,4.721,1500
2020-09-18 09:40:20.850,4.722,2400
2020-09-18 09:40:20.850,4.722,1000
2020-09-18 09:40:20.850,4.722,3000
2020-09-18 09:40:20.850,4.722,3600
2020-09-18 09:40:20.850,4.722,4400
2020-09-18 09:40:20.850,4.722,500
2020-09-18 09:40:20.850,4.722,5000
2020-09-18 09:40:20.850,4.722,100
2020-09-18 09:40:20.900,4.721,500
2020-09-18 09:40:21.200,4.722,6100
2020-09-18 09:40:21.200,4.722,1400
2020-09-18 09:40:21.200,4.722,16000
2020-09-18 09:40:21.200,4.722,5000
2020-09-18 09:40:21.200,4.722,7400
2020-09-18 09:40:21.200,4.722,1700
2020-09-18 09:40:21.200,4.723,5000
2020-09-18 09:40:21.200,4.723,9800
2020-09-18 09:40:21.200,4.723,2000
2020-09-18 09:40:21.200,4.723,1000
2020-09-18 09:40:21.290,4.723,1000
2020-09-18 09:40:21.570,4.723,6000
2020-09-18 09:40:21.770,4.723,2200
2020-09-18 09:40:22.050,4.723,5000
2020-09-18 09:40:22.080,4.723,600
2020-09-18 09:40:22.310,4.723,600
2020-09-18 09:40:22.530,4.723,2000
2020-09-18 09:40:22.530,4.723,50000
2020-09-18 09:40:23.090,4.723,2000
2020-09-18 09:40:23.390,4.723,10000
2020-09-18 09:40:23.620,4.723,1000
2020-09-18 09:40:24.090,4.723,200
2020-09-18 09:40:24.630,4.723,5000
2020-09-18 09:40:24.690,4.723,50000
2020-09-18 09:40:25.270,4.723,2400
2020-09-18 09:40:25.520,4.723,4000
2020-09-18 09:40:25.580,4.723,6000
2020-09-18 09:40:25.950,4.723,5000
2020-09-18 09:40:26.000,4.724,7500
2020-09-18 09:40:26.000,4.724,200
2020-09-18 09:40:26.000,4.724,5700
2020-09-18 09:40:26.000,4.724,9800
2020-09-18 09:40:26.000,4.724,2300
2020-09-18 09:40:26.000,4.724,400
2020-09-18 09:40:26.000,4.724,5000
2020-09-18 09:40:26.000,4.724,10000
2020-09-18 09:40:26.000,4.724,5000
2020-09-18 09:40:26.370,4.724,16800
2020-09-18 09:40:26.540,4.724,500
2020-09-18 09:40:26.630,4.724,25400
2020-09-18 09:40:27.110,4.724,10000
2020-09-18 09:40:27.180,4.724,1400
2020-09-18 09:40:27.180,4.723,34100
2020-09-18 09:40:27.270,4.723,10000
2020-09-18 09:40:27.690,4.723,2000
2020-09-18 09:40:27.750,4.725,600
2020-09-18 09:40:27.750,4.725,2000
2020-09-18 09:40:27.750,4.725,2000
2020-09-18 09:40:27.750,4.725,5000
2020-09-18 09:40:27.750,4.725,15000
2020-09-18 09:40:27.750,4.725,1000
2020-09-18 09:40:27.750,4.725,1000
2020-09-18 09:40:27.750,4.725,3000
2020-09-18 09:40:27.750,4.725,400
2020-09-18 09:40:27.800,4.725,4600
2020-09-18 09:40:27.800,4.725,2000
2020-09-18 09:40:27.800,4.725,23400
2020-09-18 09:40:27.800,4.725,20000
2020-09-18 09:40:28.070,4.723,1300
2020-09-18 09:40:28.860,4.723,2500
2020-09-18 09:40:28.990,4.723,5600
2020-09-18 09:40:28.990,4.723,32100
2020-09-18 09:40:28.990,4.723,7900
2020-09-18 09:40:29.110,4.723,500
2020-09-18 09:40:29.310,4.723,9900
2020-09-18 09:40:29.500,4.724,100
2020-09-18 09:40:30.800,4.722,5000
2020-09-18 09:40:31.490,4.722,35000
2020-09-18 09:40:31.490,4.722,100
2020-09-18 09:40:31.490,4.721,1900
2020-09-18 09:40:32.740,4.723,1000
2020-09-18 09:40:33.090,4.721,1500
2020-09-18 09:40:33.290,4.722,4000
2020-09-18 09:40:33.500,4.723,1000
2020-09-18 09:40:35.280,4.723,40700
2020-09-18 09:40:35.300,4.722,200
2020-09-18 09:40:37.230,4.722,900
2020-09-18 09:40:37.600,4.722,100
2020-09-18 09:40:39.220,4.722,3000
2020-09-18 09:40:39.330,4.723,10000
2020-09-18 09:40:39.640,4.722,2000
2020-09-18 09:40:40.150,4.722,500
2020-09-18 09:40:40.180,4.722,3300
2020-09-18 09:40:40.180,4.722,7100
2020-09-18 09:40:40.220,4.722,17200
2020-09-18 09:40:40.310,4.722,2000
2020-09-18 09:40:40.310,4.722,10000
2020-09-18 09:40:40.450,4.722,3700
2020-09-18 09:40:40.450,4.722,200
2020-09-18 09:40:40.450,4.722,102000
2020-09-18 09:40:40.710,4.723,27300
2020-09-18 09:40:40.710,4.723,2600
2020-09-18 09:40:40.710,4.723,1900
2020-09-18 09:40:40.710,4.723,100
2020-09-18 09:40:40.710,4.723,5000
2020-09-18 09:40:40.710,4.723,2000
2020-09-18 09:40:40.710,4.723,1100
2020-09-18 09:40:40.910,4.723,900
2020-09-18 09:40:40.910,4.723,4700
2020-09-18 09:40:40.910,4.723,1000
2020-09-18 09:40:40.910,4.723,2000
2020-09-18 09:40:40.910,4.723,10000
2020-09-18 09:40:40.910,4.723,6000
2020-09-18 09:40:40.910,4.723,50000
2020-09-18 09:40:40.910,4.723,2100
2020-09-18 09:40:41.860,4.723,10000
2020-09-18 09:40:42.130,4.722,2000
2020-09-18 09:40:42.190,4.722,1800
2020-09-18 09:40:42.190,4.722,700
2020-09-18 09:40:42.400,4.723,3600
2020-09-18 09:40:42.400,4.723,300
2020-09-18 09:40:42.400,4.724,1900
2020-09-18 09:40:42.400,4.724,1500
2020-09-18 09:40:42.400,4.724,200
2020-09-18 09:40:42.400,4.724,300
2020-09-18 09:40:42.400,4.724,10000
2020-09-18 09:40:42.400,4.724,2300
2020-09-18 09:40:42.400,4.724,1500
2020-09-18 09:40:42.400,4.724,1000
2020-09-18 09:40:42.400,4.724,4300
2020-09-18 09:40:42.400,4.724,10000
2020-09-18 09:40:42.400,4.724,20000
2020-09-18 09:40:42.400,4.724,30000
2020-09-18 09:40:42.400,4.724,2000
2020-09-18 09:40:42.400,4.725,6600
2020-09-18 09:40:42.400,4.725,54600
2020-09-18 09:40:42.680,4.722,200
2020-09-18 09:40:42.840,4.723,2600
2020-09-18 09:40:43.130,4.723,10000
2020-09-18 09:40:43.770,4.723,2500
2020-09-18 09:40:44.090,4.723,6600
2020-09-18 09:40:45.130,4.722,3000
2020-09-18 09:40:45.540,4.723,100
2020-09-18 09:40:45.540,4.723,100
2020-09-18 09:40:45.890,4.723,900
2020-09-18 09:40:46.040,4.723,9800
2020-09-18 09:40:46.450,4.723,5000
2020-09-18 09:40:47.230,4.723,4100
2020-09-18 09:40:47.230,4.722,2300
2020-09-18 09:40:47.230,4.722,2100
2020-09-18 09:40:47.230,4.722,1200
2020-09-18 09:40:47.230,4.722,2600
2020-09-18 09:40:47.370,4.722,2400
2020-09-18 09:40:47.370,4.721,500
2020-09-18 09:40:47.370,4.721,2100
2020-09-18 09:40:48.150,4.721,1000
2020-09-18 09:40:50.350,4.722,4600
2020-09-18 09:40:50.350,4.722,1200
2020-09-18 09:40:52.140,4.722,1000
2020-09-18 09:40:52.420,4.721,200
2020-09-18 09:40:56.810,4.721,300
2020-09-18 09:40:56.810,4.721,2800
2020-09-18 09:40:56.950,4.721,10000
2020-09-18 09:40:57.740,4.721,6600
2020-09-18 09:40:57.740,4.721,3400
2020-09-18 09:40:58.980,4.721,600
2020-09-18 09:40:59.490,4.721,83300
2020-09-18 09:40:59.970,4.721,30000
2020-09-18 09:40:59.970,4.721,30000
2020-09-18 09:40:59.970,4.721,20000
2020-09-18 09:40:59.970,4.721,30000
2020-09-18 09:40:59.970,4.721,30000
2020-09-18 09:40:59.970,4.721,30000
2020-09-18 09:41:00.210,4.721,100
2020-09-18 09:41:00.330,4.721,100
2020-09-18 09:41:00.480,4.72,7000
2020-09-18 09:41:00.910,4.721,3000
2020-09-18 09:41:02.970,4.721,39500
2020-09-18 09:41:02.970,4.721,600
2020-09-18 09:41:02.970,4.721,2000
2020-09-18 09:41:02.970,4.721,7900
2020-09-18 09:41:03.030,4.72,4800
2020-09-18 09:41:03.500,4.72,5000
2020-09-18 09:41:03.500,4.72,3200
2020-09-18 09:41:03.500,4.72,700
2020-09-18 09:41:03.940,4.72,1100
2020-09-18 09:41:03.940,4.72,1400
2020-09-18 09:41:04.290,4.72,2000
2020-09-18 09:41:05.030,4.72,2100
2020-09-18 09:41:05.980,4.721,10000
2020-09-18 09:41:06.470,4.72,6900
2020-09-18 09:41:06.470,4.72,3100
2020-09-18 09:41:07.190,4.721,600
2020-09-18 09:41:08.110,4.72,5000
2020-09-18 09:41:08.150,4.72,400
2020-09-18 09:41:09.610,4.72,10100
2020-09-18 09:41:09.770,4.72,3900
2020-09-18 09:41:09.890,4.72,1000
2020-09-18 09:41:09.890,4.72,16500
2020-09-18 09:41:09.890,4.72,10000
2020-09-18 09:41:09.890,4.72,2200
2020-09-18 09:41:10.730,4.72,6000
2020-09-18 09:41:10.890,4.72,15300
2020-09-18 09:41:10.890,4.72,2000
2020-09-18 09:41:10.890,4.72,1000
2020-09-18 09:41:12.910,4.72,2000
2020-09-18 09:41:12.960,4.721,700
2020-09-18 09:41:13.340,4.72,200
2020-09-18 09:41:13.750,4.721,4800
2020-09-18 09:41:13.750,4.721,2000
2020-09-18 09:41:13.750,4.721,1000
2020-09-18 09:41:13.750,4.721,200
2020-09-18 09:41:13.750,4.721,1000
2020-09-18 09:41:13.750,4.721,2000
2020-09-18 09:41:13.750,4.722,4000
2020-09-18 09:41:16.970,4.72,200
2020-09-18 09:41:17.400,4.719,2000
2020-09-18 09:41:18.210,4.72,100
2020-09-18 09:41:18.500,4.72,700
2020-09-18 09:41:22.210,4.719,300
2020-09-18 09:41:24.300,4.719,8200
2020-09-18 09:41:24.300,4.719,10000
2020-09-18 09:41:24.300,4.719,2400
2020-09-18 09:41:25.100,4.719,2600
2020-09-18 09:41:25.100,4.719,7200
2020-09-18 09:41:26.720,4.719,2100
2020-09-18 09:41:27.630,4.719,20700
2020-09-18 09:41:27.830,4.719,200
2020-09-18 09:41:28.350,4.72,100
2020-09-18 09:41:29.520,4.719,4200
2020-09-18 09:41:30.350,4.72,600
2020-09-18 09:41:30.350,4.72,1500
2020-09-18 09:41:30.350,4.72,6800
2020-09-18 09:41:30.350,4.72,1100
2020-09-18 09:41:30.350,4.72,10000
2020-09-18 09:41:31.160,4.719,2300
2020-09-18 09:41:32.030,4.719,4500
2020-09-18 09:41:32.110,4.719,800
2020-09-18 09:41:32.350,4.719,1000
2020-09-18 09:41:33.260,4.72,10000
2020-09-18 09:41:33.400,4.72,500
2020-09-18 09:41:33.650,4.719,57000
2020-09-18 09:41:33.650,4.719,14200
2020-09-18 09:41:33.880,4.72,4500
2020-09-18 09:41:33.880,4.72,1200
2020-09-18 09:41:33.880,4.72,1000
2020-09-18 09:41:33.880,4.72,2000
2020-09-18 09:41:33.880,4.72,800
2020-09-18 09:41:34.630,4.72,5000
2020-09-18 09:41:34.770,4.72,1000
2020-09-18 09:41:35.900,4.72,3000
2020-09-18 09:41:36.130,4.72,1000
2020-09-18 09:41:36.790,4.72,2400
2020-09-18 09:41:37.060,4.72,10000
2020-09-18 09:41:37.390,4.72,4900
2020-09-18 09:41:38.320,4.72,3200
2020-09-18 09:41:38.320,4.719,6800
2020-09-18 09:41:38.560,4.719,20000
2020-09-18 09:41:38.720,4.719,500
2020-09-18 09:41:38.790,4.719,100
2020-09-18 09:41:39.070,4.72,2000
2020-09-18 09:41:39.100,4.719,12800
2020-09-18 09:41:41.190,4.719,299000
2020-09-18 09:41:43.550,4.719,5000
2020-09-18 09:41:44.840,4.72,8000
2020-09-18 09:41:44.840,4.72,2000
2020-09-18 09:41:46.040,4.719,100
2020-09-18 09:41:46.380,4.72,200
2020-09-18 09:41:46.460,4.719,300
2020-09-18 09:41:46.660,4.719,3000
2020-09-18 09:41:47.250,4.719,1000
2020-09-18 09:41:47.810,4.719,6500
2020-09-18 09:41:47.860,4.72,1100
2020-09-18 09:41:47.860,4.72,100
2020-09-18 09:41:47.860,4.72,1000
2020-09-18 09:41:47.860,4.72,300
2020-09-18 09:41:47.860,4.72,1000
2020-09-18 09:41:47.860,4.72,6500
2020-09-18 09:41:48.460,4.72,100
2020-09-18 09:41:49.530,4.719,9400
2020-09-18 09:41:49.660,4.72,4200
2020-09-18 09:41:49.660,4.72,400
2020-09-18 09:41:49.660,4.72,5400
2020-09-18 09:41:50.290,4.72,5500
2020-09-18 09:41:50.290,4.72,1000
2020-09-18 09:41:50.290,4.721,2000
2020-09-18 09:41:50.290,4.721,20000
2020-09-18 09:41:50.290,4.721,20000
2020-09-18 09:41:50.290,4.721,2500
2020-09-18 09:41:50.290,4.721,40000
2020-09-18 09:41:50.290,4.721,8900
2020-09-18 09:41:50.290,4.721,5600
2020-09-18 09:41:50.290,4.721,20000
2020-09-18 09:41:50.290,4.722,24600
2020-09-18 09:41:50.370,4.72,40000
2020-09-18 09:41:50.840,4.72,10000
2020-09-18 09:41:52.340,4.721,2500
2020-09-18 09:41:54.790,4.721,800
2020-09-18 09:41:56.390,4.721,200
2020-09-18 09:41:56.750,4.721,296500
2020-09-18 09:41:57.010,4.721,3500
2020-09-18 09:41:58.210,4.721,10000
2020-09-18 09:41:58.600,4.721,300000
2020-09-18 09:41:58.710,4.721,700
2020-09-18 09:41:59.170,4.721,400
2020-09-18 09:41:59.330,4.722,2000
2020-09-18 09:41:59.660,4.721,1500
2020-09-18 09:42:01.190,4.721,1000
2020-09-18 09:42:01.600,4.721,200
2020-09-18 09:42:01.740,4.721,600
2020-09-18 09:42:01.850,4.721,100
2020-09-18 09:42:02.480,4.721,100
2020-09-18 09:42:02.480,4.721,500
2020-09-18 09:42:03.100,4.721,3000
2020-09-18 09:42:03.160,4.721,100
2020-09-18 09:42:03.360,4.721,1000
2020-09-18 09:42:03.410,4.721,40000
2020-09-18 09:42:04.690,4.721,600
2020-09-18 09:42:04.890,4.721,1000
2020-09-18 09:42:05.100,4.722,100
2020-09-18 09:42:05.840,4.721,5000
2020-09-18 09:42:05.870,4.721,15000
2020-09-18 09:42:05.870,4.721,2000
2020-09-18 09:42:06.520,4.721,1000
2020-09-18 09:42:06.890,4.721,5000
2020-09-18 09:42:07.430,4.721,500
2020-09-18 09:42:07.730,4.721,1500
2020-09-18 09:42:07.890,4.721,4000
2020-09-18 09:42:08.980,4.721,100
2020-09-18 09:42:10.090,4.721,12500
2020-09-18 09:42:10.230,4.722,18300
2020-09-18 09:42:10.230,4.722,2900
2020-09-18 09:42:10.230,4.722,6900
2020-09-18 09:42:10.230,4.722,2000
2020-09-18 09:42:10.230,4.722,4200
2020-09-18 09:42:10.230,4.722,4000
2020-09-18 09:42:10.230,4.722,2500
2020-09-18 09:42:10.230,4.722,5000
2020-09-18 09:42:10.230,4.722,500
2020-09-18 09:42:10.230,4.722,3700
2020-09-18 09:42:10.280,4.722,13700
2020-09-18 09:42:10.280,4.722,4200
2020-09-18 09:42:10.280,4.722,1000
2020-09-18 09:42:10.280,4.722,1100
2020-09-18 09:42:10.280,4.722,8900
2020-09-18 09:42:10.280,4.722,40000
2020-09-18 09:42:10.280,4.722,1100
2020-09-18 09:42:10.700,4.721,3000
2020-09-18 09:42:11.870,4.722,11400
2020-09-18 09:42:11.870,4.722,8600
2020-09-18 09:42:11.920,4.722,1400
2020-09-18 09:42:11.920,4.722,10500
2020-09-18 09:42:11.920,4.722,8100
2020-09-18 09:42:12.720,4.721,20000
2020-09-18 09:42:12.720,4.722,17700
2020-09-18 09:42:12.900,4.722,1000
2020-09-18 09:42:12.960,4.722,7000
2020-09-18 09:42:13.500,4.722,9000
2020-09-18 09:42:18.800,4.722,1000
2020-09-18 09:42:19.110,4.722,42300
2020-09-18 09:42:19.110,4.722,200
2020-09-18 09:42:19.480,4.722,4000
2020-09-18 09:42:20.950,4.722,3300
2020-09-18 09:42:21.720,4.722,300000
2020-09-18 09:42:21.750,4.722,2100
2020-09-18 09:42:23.000,4.722,233700
2020-09-18 09:42:23.000,4.722,10000
2020-09-18 09:42:23.000,4.722,20000
2020-09-18 09:42:23.000,4.722,32100
2020-09-18 09:42:23.420,4.722,100
2020-09-18 09:42:23.580,4.722,1000
2020-09-18 09:42:24.240,4.722,2100
2020-09-18 09:42:24.410,4.722,10000
2020-09-18 09:42:24.790,4.722,1200
2020-09-18 09:42:25.130,4.722,5000
2020-09-18 09:42:26.510,4.722,10000
2020-09-18 09:42:26.750,4.722,1000
2020-09-18 09:42:26.830,4.722,5000
2020-09-18 09:42:26.830,4.722,3000
2020-09-18 09:42:26.890,4.722,97100
2020-09-18 09:42:29.840,4.721,39900
2020-09-18 09:42:29.840,4.721,4000
2020-09-18 09:42:29.840,4.721,2000
2020-09-18 09:42:29.840,4.721,454100
2020-09-18 09:42:30.250,4.722,15700
2020-09-18 09:42:32.090,4.721,126300
2020-09-18 09:42:32.090,4.721,2000
2020-09-18 09:42:32.090,4.721,2000
2020-09-18 09:42:32.090,4.721,100
2020-09-18 09:42:32.090,4.721,95600
2020-09-18 09:42:32.090,4.721,1000
2020-09-18 09:42:32.090,4.721,2000
2020-09-18 09:42:32.090,4.721,10000
2020-09-18 09:42:32.090,4.721,100
2020-09-18 09:42:32.090,4.721,60900
2020-09-18 09:42:32.330,4.721,2000
2020-09-18 09:42:32.610,4.721,20000
2020-09-18 09:42:34.360,4.722,4200
2020-09-18 09:42:36.120,4.722,5500
2020-09-18 09:42:36.290,4.721,3000
2020-09-18 09:42:37.100,4.721,200
2020-09-18 09:42:37.780,4.721,2000
2020-09-18 09:42:38.980,4.721,3000
2020-09-18 09:42:39.400,4.721,10000
2020-09-18 09:42:40.940,4.721,5000
2020-09-18 09:42:41.790,4.721,1600
2020-09-18 09:42:42.550,4.722,600
2020-09-18 09:42:42.610,4.722,400
2020-09-18 09:42:43.460,4.721,3000
2020-09-18 09:42:43.840,4.721,50000
2020-09-18 09:42:44.230,4.722,100000
2020-09-18 09:42:44.750,4.722,30000
2020-09-18 09:42:44.750,4.722,30000
2020-09-18 09:42:44.750,4.722,16500
2020-09-18 09:42:44.750,4.722,200
2020-09-18 09:42:44.750,4.722,500
2020-09-18 09:42:44.750,4.722,400
2020-09-18 09:42:44.750,4.722,1000
2020-09-18 09:42:44.750,4.722,100
2020-09-18 09:42:44.750,4.722,1300
2020-09-18 09:42:45.200,4.721,600
2020-09-18 09:42:45.720,4.722,6700
2020-09-18 09:42:45.720,4.722,5000
2020-09-18 09:42:45.720,4.722,18300
2020-09-18 09:42:46.110,4.721,2000
2020-09-18 09:42:46.210,4.722,300
2020-09-18 09:42:46.680,4.721,39700
2020-09-18 09:42:46.740,4.722,1400
2020-09-18 09:42:46.850,4.722,1000
2020-09-18 09:42:47.090,4.722,4300
2020-09-18 09:42:47.180,4.722,400
2020-09-18 09:42:47.590,4.722,30000
2020-09-18 09:42:47.690,4.722,2200
2020-09-18 09:42:49.030,4.722,1600
2020-09-18 09:42:50.960,4.722,1000
2020-09-18 09:42:52.500,4.722,5000
2020-09-18 09:42:54.960,4.722,4900
2020-09-18 09:42:54.960,4.722,100
2020-09-18 09:42:55.490,4.722,100
2020-09-18 09:42:55.660,4.723,1000
2020-09-18 09:42:55.660,4.723,1200
2020-09-18 09:42:55.660,4.723,400
2020-09-18 09:42:55.660,4.723,18400
2020-09-18 09:42:55.660,4.723,10000
2020-09-18 09:42:55.660,4.723,4200
2020-09-18 09:42:55.660,4.723,6600
2020-09-18 09:42:55.660,4.723,4800
2020-09-18 09:42:55.660,4.723,200
2020-09-18 09:42:55.660,4.723,10000
2020-09-18 09:42:55.660,4.723,1200
2020-09-18 09:42:55.660,4.723,1000
2020-09-18 09:42:55.660,4.723,2000
2020-09-18 09:42:55.660,4.723,200
2020-09-18 09:42:55.660,4.723,5000
2020-09-18 09:42:55.660,4.723,2000
2020-09-18 09:42:55.660,4.723,2000
2020-09-18 09:42:55.660,4.723,1000
2020-09-18 09:42:55.660,4.723,16100
2020-09-18 09:42:55.660,4.723,10000
2020-09-18 09:42:55.660,4.723,2000
2020-09-18 09:42:55.660,4.723,3000
2020-09-18 09:42:55.660,4.723,20000
2020-09-18 09:42:55.660,4.723,5000
2020-09-18 09:42:55.660,4.723,40000
2020-09-18 09:42:55.660,4.723,1000
2020-09-18 09:42:55.660,4.723,10000
2020-09-18 09:42:55.660,4.723,4900
2020-09-18 09:42:55.660,4.723,13300
2020-09-18 09:42:55.660,4.723,50000
2020-09-18 09:42:56.350,4.723,100
2020-09-18 09:42:56.970,4.723,200
2020-09-18 09:43:00.170,4.723,10000
2020-09-18 09:43:00.850,4.724,300
2020-09-18 09:43:00.850,4.724,3800
2020-09-18 09:43:00.850,4.724,100
