Datetime,Price,Volume
2020-08-27 09:25:00.020,3.327,100
2020-08-27 09:25:00.020,3.327,100
2020-08-27 09:25:00.020,3.327,12300
2020-08-27 09:25:00.020,3.327,100
2020-08-27 09:25:00.020,3.327,11400
2020-08-27 09:25:00.020,3.327,50000
2020-08-27 09:25:00.020,3.327,100
2020-08-27 09:25:00.020,3.327,100
2020-08-27 09:25:00.020,3.327,55200
2020-08-27 09:25:00.020,3.327,500
2020-08-27 09:25:00.020,3.327,15800
2020-08-27 09:25:00.020,3.327,3000
2020-08-27 09:25:00.020,3.327,7800
2020-08-27 09:25:00.020,3.327,2300
2020-08-27 09:25:00.020,3.327,5900
2020-08-27 09:25:00.020,3.327,100
2020-08-27 09:25:00.020,3.327,100
2020-08-27 09:25:00.020,3.327,9400
2020-08-27 09:25:00.020,3.327,49800
2020-08-27 09:25:00.020,3.327,100
2020-08-27 09:25:00.020,3.327,11600
2020-08-27 09:25:00.020,3.327,1700
2020-08-27 09:25:00.020,3.327,1200
2020-08-27 09:25:00.020,3.327,700
2020-08-27 09:25:00.020,3.327,1000
2020-08-27 09:25:00.020,3.327,1000
2020-08-27 09:25:00.020,3.327,1000
2020-08-27 09:25:00.020,3.327,1000
2020-08-27 09:25:00.020,3.327,1000
2020-08-27 09:25:00.020,3.327,1000
2020-08-27 09:25:00.020,3.327,1000
2020-08-27 09:25:00.020,3.327,15000
2020-08-27 09:25:00.020,3.327,1000
2020-08-27 09:25:00.020,3.327,15000
2020-08-27 09:25:00.020,3.327,96
2020-08-27 09:25:00.020,3.327,5500
2020-08-27 09:25:00.020,3.327,3600
2020-08-27 09:25:00.020,3.327,10000
2020-08-27 09:25:00.020,3.327,29600
2020-08-27 09:25:00.020,3.327,3000
2020-08-27 09:25:00.020,3.327,1000
2020-08-27 09:25:00.020,3.327,1100
2020-08-27 09:25:00.020,3.327,3600
2020-08-27 09:25:00.020,3.327,8600
2020-08-27 09:25:00.020,3.327,1200
2020-08-27 09:25:00.020,3.327,600
2020-08-27 09:25:00.020,3.327,1500
2020-08-27 09:25:00.020,3.327,12000
2020-08-27 09:25:00.020,3.327,115504
2020-08-27 09:25:00.020,3.327,4496
2020-08-27 09:25:00.020,3.327,500
2020-08-27 09:25:00.020,3.327,4900
2020-08-27 09:25:00.020,3.327,100
2020-08-27 09:25:00.020,3.327,3000
2020-08-27 09:25:00.020,3.327,400
2020-08-27 09:25:00.020,3.327,6500
2020-08-27 09:25:00.020,3.327,1300
2020-08-27 09:25:00.020,3.327,100
2020-08-27 09:25:00.020,3.327,100
2020-08-27 09:25:00.020,3.327,100
2020-08-27 09:25:00.020,3.327,400
2020-08-27 09:25:00.020,3.327,400
2020-08-27 09:25:00.020,3.327,700
2020-08-27 09:25:00.020,3.327,1300
2020-08-27 09:25:00.020,3.327,300
2020-08-27 09:25:00.020,3.327,5000
2020-08-27 09:25:00.020,3.327,20404
2020-08-27 09:25:00.020,3.327,3100
2020-08-27 09:25:00.020,3.327,10000
2020-08-27 09:25:00.020,3.327,90000
2020-08-27 09:25:00.020,3.327,50496
2020-08-27 09:25:00.020,3.327,3000
2020-08-27 09:25:00.020,3.327,900
2020-08-27 09:25:00.020,3.327,12000
2020-08-27 09:25:00.020,3.327,14000
2020-08-27 09:25:00.020,3.327,1000
2020-08-27 09:25:00.020,3.327,400
2020-08-27 09:25:00.020,3.327,3600
2020-08-27 09:25:00.020,3.327,10000
2020-08-27 09:25:00.020,3.327,4100
2020-08-27 09:25:00.020,3.327,2100
2020-08-27 09:25:00.020,3.327,900
2020-08-27 09:25:00.020,3.327,5000
2020-08-27 09:25:00.020,3.327,100
2020-08-27 09:25:00.020,3.327,400
2020-08-27 09:25:00.020,3.327,500
2020-08-27 09:25:00.020,3.327,40000
2020-08-27 09:25:00.020,3.327,100
2020-08-27 09:25:00.020,3.327,1500
2020-08-27 09:25:00.020,3.327,400
2020-08-27 09:25:00.020,3.327,100
2020-08-27 09:25:00.020,3.327,7600
2020-08-27 09:25:00.020,3.327,141804
2020-08-27 09:25:00.020,3.327,158196
2020-08-27 09:25:00.020,3.327,31800
2020-08-27 09:25:00.020,3.327,2000
2020-08-27 09:25:00.020,3.327,100
2020-08-27 09:25:00.020,3.327,400
2020-08-27 09:25:00.020,3.327,20000
2020-08-27 09:25:00.020,3.327,100
2020-08-27 09:25:00.020,3.327,300000
2020-08-27 09:25:00.020,3.327,10000
2020-08-27 09:25:00.020,3.327,30000
2020-08-27 09:25:00.020,3.327,15000
2020-08-27 09:30:00.000,3.328,200
2020-08-27 09:30:00.000,3.328,1000
2020-08-27 09:30:00.000,3.328,1000
2020-08-27 09:30:00.000,3.328,1000
2020-08-27 09:30:00.000,3.328,15700
2020-08-27 09:30:00.000,3.329,3000
2020-08-27 09:30:00.000,3.329,6400
2020-08-27 09:30:00.000,3.329,10000
2020-08-27 09:30:00.000,3.329,100
2020-08-27 09:30:00.000,3.329,1000
2020-08-27 09:30:00.000,3.329,260600
2020-08-27 09:30:00.210,3.328,12900
2020-08-27 09:30:00.270,3.329,225000
2020-08-27 09:30:00.270,3.329,10000
2020-08-27 09:30:00.460,3.33,2000
2020-08-27 09:30:00.460,3.33,100
2020-08-27 09:30:00.460,3.33,6500
2020-08-27 09:30:00.460,3.33,1000
2020-08-27 09:30:00.460,3.33,3700
2020-08-27 09:30:00.460,3.33,100
2020-08-27 09:30:00.460,3.33,50000
2020-08-27 09:30:00.460,3.33,500
2020-08-27 09:30:00.460,3.33,500
2020-08-27 09:30:00.460,3.33,2000
2020-08-27 09:30:00.460,3.33,15000
2020-08-27 09:30:00.460,3.33,3600
2020-08-27 09:30:00.460,3.331,6500
2020-08-27 09:30:00.460,3.331,100
2020-08-27 09:30:00.460,3.331,1000
2020-08-27 09:30:00.460,3.331,1000
2020-08-27 09:30:00.460,3.331,10000
2020-08-27 09:30:00.590,3.329,1400
2020-08-27 09:30:00.720,3.329,10000
2020-08-27 09:30:00.820,3.329,500
2020-08-27 09:30:00.930,3.329,5000
2020-08-27 09:30:01.040,3.329,10000
2020-08-27 09:30:01.040,3.329,2000
2020-08-27 09:30:01.130,3.329,13000
2020-08-27 09:30:01.180,3.329,5600
2020-08-27 09:30:01.240,3.329,15500
2020-08-27 09:30:01.460,3.329,10000
2020-08-27 09:30:01.460,3.329,100
2020-08-27 09:30:01.490,3.329,100
2020-08-27 09:30:01.540,3.33,100
2020-08-27 09:30:01.540,3.33,10000
2020-08-27 09:30:01.540,3.33,13000
2020-08-27 09:30:01.540,3.33,3000
2020-08-27 09:30:01.580,3.33,300
2020-08-27 09:30:01.580,3.33,30000
2020-08-27 09:30:01.650,3.33,70000
2020-08-27 09:30:01.860,3.33,5000
2020-08-27 09:30:02.050,3.331,100
2020-08-27 09:30:02.050,3.33,128000
2020-08-27 09:30:02.190,3.33,1000
2020-08-27 09:30:02.310,3.33,10000
2020-08-27 09:30:02.430,3.33,2000
2020-08-27 09:30:02.470,3.331,19900
2020-08-27 09:30:02.470,3.331,2100
2020-08-27 09:30:02.470,3.331,2100
2020-08-27 09:30:02.620,3.331,1400
2020-08-27 09:30:02.660,3.331,15000
2020-08-27 09:30:02.700,3.331,5000
2020-08-27 09:30:02.700,3.331,4000
2020-08-27 09:30:02.830,3.331,9000
2020-08-27 09:30:02.870,3.331,100
2020-08-27 09:30:02.950,3.331,100
2020-08-27 09:30:02.950,3.331,100000
2020-08-27 09:30:02.950,3.331,1500
2020-08-27 09:30:03.100,3.331,138200
2020-08-27 09:30:03.190,3.331,1600
2020-08-27 09:30:03.290,3.33,100
2020-08-27 09:30:03.370,3.33,100
2020-08-27 09:30:03.480,3.33,10000
2020-08-27 09:30:03.520,3.331,500
2020-08-27 09:30:03.520,3.332,200
2020-08-27 09:30:03.520,3.332,6500
2020-08-27 09:30:03.520,3.332,100
2020-08-27 09:30:03.520,3.332,1000
2020-08-27 09:30:03.520,3.332,10000
2020-08-27 09:30:03.520,3.332,200
2020-08-27 09:30:03.520,3.332,500
2020-08-27 09:30:03.520,3.332,5900
2020-08-27 09:30:03.740,3.332,10000
2020-08-27 09:30:03.890,3.33,3000
2020-08-27 09:30:04.190,3.33,14400
2020-08-27 09:30:04.190,3.33,15600
2020-08-27 09:30:04.410,3.33,15000
2020-08-27 09:30:04.490,3.33,500
2020-08-27 09:30:04.530,3.33,100
2020-08-27 09:30:04.710,3.33,3000
2020-08-27 09:30:05.830,3.33,500
2020-08-27 09:30:05.880,3.33,2500
2020-08-27 09:30:05.880,3.33,7500
2020-08-27 09:30:06.140,3.331,500
2020-08-27 09:30:06.240,3.33,200
2020-08-27 09:30:06.240,3.33,300
2020-08-27 09:30:06.370,3.33,1500
2020-08-27 09:30:06.370,3.33,5000
2020-08-27 09:30:06.630,3.33,500
2020-08-27 09:30:06.820,3.33,500
2020-08-27 09:30:06.890,3.33,200
2020-08-27 09:30:06.970,3.331,1600
2020-08-27 09:30:06.970,3.332,1200
2020-08-27 09:30:07.380,3.33,900
2020-08-27 09:30:07.410,3.33,1200
2020-08-27 09:30:07.750,3.332,1000
2020-08-27 09:30:07.820,3.331,600
2020-08-27 09:30:07.820,3.33,4000
2020-08-27 09:30:08.110,3.332,3000
2020-08-27 09:30:08.110,3.332,8800
2020-08-27 09:30:08.110,3.33,100
2020-08-27 09:30:08.730,3.33,1100
2020-08-27 09:30:08.910,3.332,200
2020-08-27 09:30:09.010,3.332,200
2020-08-27 09:30:09.230,3.332,1000
2020-08-27 09:30:09.620,3.33,95800
2020-08-27 09:30:09.620,3.33,120000
2020-08-27 09:30:09.620,3.33,300
2020-08-27 09:30:09.620,3.33,50500
2020-08-27 09:30:09.620,3.329,733400
2020-08-27 09:30:10.170,3.331,700
2020-08-27 09:30:10.170,3.329,39300
2020-08-27 09:30:10.780,3.331,2000
2020-08-27 09:30:10.780,3.332,5400
2020-08-27 09:30:10.780,3.333,500
2020-08-27 09:30:10.780,3.333,10000
2020-08-27 09:30:10.780,3.333,2100
2020-08-27 09:30:11.170,3.332,400
2020-08-27 09:30:11.260,3.332,100
2020-08-27 09:30:11.710,3.333,4400
2020-08-27 09:30:11.710,3.333,100
2020-08-27 09:30:11.710,3.333,1000
2020-08-27 09:30:11.710,3.333,300
2020-08-27 09:30:11.710,3.333,8200
2020-08-27 09:30:12.650,3.33,3000
2020-08-27 09:30:12.780,3.33,27000
2020-08-27 09:30:12.950,3.33,23000
2020-08-27 09:30:14.150,3.331,73000
2020-08-27 09:30:16.840,3.332,100
2020-08-27 09:30:16.840,3.333,500
2020-08-27 09:30:17.550,3.332,6400
2020-08-27 09:30:17.890,3.332,53700
2020-08-27 09:30:18.040,3.332,72800
2020-08-27 09:30:19.280,3.333,3300
2020-08-27 09:30:19.280,3.333,500
2020-08-27 09:30:19.280,3.333,200
2020-08-27 09:30:19.280,3.333,300
2020-08-27 09:30:19.280,3.333,100
2020-08-27 09:30:19.280,3.333,10000
2020-08-27 09:30:19.280,3.333,200
2020-08-27 09:30:19.280,3.333,2000
2020-08-27 09:30:19.280,3.333,100
2020-08-27 09:30:19.280,3.333,10000
2020-08-27 09:30:19.280,3.333,2000
2020-08-27 09:30:19.280,3.333,4300
2020-08-27 09:30:19.280,3.333,100
2020-08-27 09:30:19.280,3.333,2000
2020-08-27 09:30:19.280,3.333,60000
2020-08-27 09:30:19.280,3.333,10000
2020-08-27 09:30:19.280,3.334,2400
2020-08-27 09:30:19.280,3.334,400
2020-08-27 09:30:19.280,3.334,6500
2020-08-27 09:30:19.280,3.334,10000
2020-08-27 09:30:19.280,3.334,100
2020-08-27 09:30:19.280,3.334,1000
2020-08-27 09:30:19.280,3.334,500
2020-08-27 09:30:19.280,3.334,10000
2020-08-27 09:30:19.280,3.334,5000
2020-08-27 09:30:19.280,3.334,2100
2020-08-27 09:30:19.280,3.334,300
2020-08-27 09:30:19.280,3.334,30000
2020-08-27 09:30:19.280,3.334,100
2020-08-27 09:30:19.280,3.334,5000
2020-08-27 09:30:19.280,3.334,1500
2020-08-27 09:30:19.280,3.334,200
2020-08-27 09:30:19.280,3.334,100000
2020-08-27 09:30:19.340,3.334,28600
2020-08-27 09:30:21.630,3.334,7700
2020-08-27 09:30:21.840,3.334,34200
2020-08-27 09:30:21.950,3.334,400
2020-08-27 09:30:22.240,3.334,300000
2020-08-27 09:30:22.510,3.335,100
2020-08-27 09:30:22.510,3.335,7800
2020-08-27 09:30:22.510,3.335,6500
2020-08-27 09:30:22.510,3.335,100
2020-08-27 09:30:22.510,3.335,10000
2020-08-27 09:30:22.510,3.335,1000
2020-08-27 09:30:22.510,3.335,2000
2020-08-27 09:30:22.510,3.335,1000
2020-08-27 09:30:22.510,3.335,50000
2020-08-27 09:30:22.510,3.335,10000
2020-08-27 09:30:22.510,3.335,2100
2020-08-27 09:30:22.510,3.335,2500
2020-08-27 09:30:22.510,3.335,10000
2020-08-27 09:30:22.510,3.335,300
2020-08-27 09:30:22.510,3.335,200
2020-08-27 09:30:22.510,3.335,1600
2020-08-27 09:30:22.510,3.335,150000
2020-08-27 09:30:22.510,3.335,31400
2020-08-27 09:30:22.710,3.334,1400
2020-08-27 09:30:24.040,3.334,10000
2020-08-27 09:30:24.260,3.334,237500
2020-08-27 09:30:25.130,3.333,2000
2020-08-27 09:30:25.950,3.333,100
2020-08-27 09:30:28.690,3.334,29900
2020-08-27 09:30:28.690,3.334,304600
2020-08-27 09:30:29.080,3.334,10000
2020-08-27 09:30:29.390,3.334,60000
2020-08-27 09:30:29.930,3.335,5000
2020-08-27 09:30:29.960,3.334,1400
2020-08-27 09:30:30.200,3.334,3000
2020-08-27 09:30:30.370,3.334,60000
2020-08-27 09:30:30.440,3.335,300
2020-08-27 09:30:30.830,3.334,300000
2020-08-27 09:30:31.110,3.334,6000
2020-08-27 09:30:32.320,3.334,3200
2020-08-27 09:30:32.440,3.334,2000
2020-08-27 09:30:32.750,3.334,3100
2020-08-27 09:30:32.810,3.334,100000
2020-08-27 09:30:32.930,3.334,16800
2020-08-27 09:30:32.930,3.334,583200
2020-08-27 09:30:33.530,3.334,10000
2020-08-27 09:30:33.590,3.334,90000
2020-08-27 09:30:33.880,3.334,3000
2020-08-27 09:30:34.100,3.334,160000
2020-08-27 09:30:34.820,3.334,24300
2020-08-27 09:30:35.070,3.333,1400
2020-08-27 09:30:35.070,3.333,5000
2020-08-27 09:30:35.070,3.333,100
2020-08-27 09:30:35.070,3.333,100
2020-08-27 09:30:35.070,3.331,23400
2020-08-27 09:30:35.270,3.334,1000
2020-08-27 09:30:37.180,3.333,90000
2020-08-27 09:30:37.180,3.333,8000
2020-08-27 09:30:37.180,3.334,2000
2020-08-27 09:30:37.250,3.334,53800
2020-08-27 09:30:37.280,3.334,100
2020-08-27 09:30:39.400,3.331,100
2020-08-27 09:30:40.480,3.332,47900
2020-08-27 09:30:41.040,3.331,20000
2020-08-27 09:30:42.160,3.331,10500
2020-08-27 09:30:42.160,3.331,10200
2020-08-27 09:30:42.250,3.331,289800
2020-08-27 09:30:42.250,3.331,2000
2020-08-27 09:30:42.250,3.331,6000
2020-08-27 09:30:43.600,3.33,4000
2020-08-27 09:30:44.460,3.331,2200
2020-08-27 09:30:44.460,3.331,2800
2020-08-27 09:30:46.980,3.33,100
2020-08-27 09:30:47.590,3.331,1500
2020-08-27 09:30:48.370,3.33,2000
2020-08-27 09:30:48.720,3.331,500
2020-08-27 09:30:48.910,3.33,2500
2020-08-27 09:30:50.270,3.33,10000
2020-08-27 09:30:50.330,3.331,600
2020-08-27 09:30:50.760,3.33,15000
2020-08-27 09:30:50.760,3.33,30000
2020-08-27 09:30:52.140,3.331,6500
2020-08-27 09:30:53.000,3.33,10000
2020-08-27 09:30:53.220,3.33,10000
2020-08-27 09:30:53.250,3.33,10000
2020-08-27 09:30:54.120,3.33,40000
2020-08-27 09:30:54.220,3.33,118200
2020-08-27 09:30:54.500,3.33,200
2020-08-27 09:30:54.690,3.331,1000
2020-08-27 09:30:55.150,3.33,30000
2020-08-27 09:30:55.180,3.331,29900
2020-08-27 09:30:55.180,3.331,10000
2020-08-27 09:30:55.180,3.331,260100
2020-08-27 09:30:55.590,3.331,100
2020-08-27 09:30:55.670,3.33,18000
2020-08-27 09:30:55.670,3.33,200
2020-08-27 09:30:55.670,3.33,12600
2020-08-27 09:30:55.800,3.33,23300
2020-08-27 09:30:56.560,3.33,50000
2020-08-27 09:30:56.780,3.331,300000
2020-08-27 09:30:56.910,3.33,50000
2020-08-27 09:30:56.960,3.33,71900
2020-08-27 09:30:57.190,3.33,10000
2020-08-27 09:30:58.330,3.33,8700
2020-08-27 09:30:58.360,3.33,10000
2020-08-27 09:30:59.570,3.33,400
2020-08-27 09:30:59.570,3.33,400
2020-08-27 09:30:59.570,3.33,200
2020-08-27 09:30:59.570,3.329,14000
2020-08-27 09:31:00.600,3.33,25000
2020-08-27 09:31:00.840,3.33,200
2020-08-27 09:31:00.880,3.331,500
2020-08-27 09:31:01.350,3.33,17400
2020-08-27 09:31:02.290,3.33,2000
2020-08-27 09:31:02.480,3.331,5000
2020-08-27 09:31:02.850,3.33,200
2020-08-27 09:31:03.850,3.33,5000
2020-08-27 09:31:04.250,3.331,35400
2020-08-27 09:31:05.680,3.33,10000
2020-08-27 09:31:06.180,3.33,12500
2020-08-27 09:31:06.490,3.331,1000
2020-08-27 09:31:06.680,3.33,25000
2020-08-27 09:31:07.220,3.33,50000
2020-08-27 09:31:07.320,3.33,150000
2020-08-27 09:31:08.270,3.331,50000
2020-08-27 09:31:08.300,3.331,300000
2020-08-27 09:31:08.590,3.33,47300
2020-08-27 09:31:08.590,3.33,58500
2020-08-27 09:31:08.870,3.33,7000
2020-08-27 09:31:08.930,3.33,34500
2020-08-27 09:31:08.930,3.33,15500
2020-08-27 09:31:09.080,3.331,20000
2020-08-27 09:31:09.850,3.331,5000
2020-08-27 09:31:10.660,3.33,10000
2020-08-27 09:31:11.110,3.33,10000
2020-08-27 09:31:11.880,3.33,25700
2020-08-27 09:31:12.430,3.331,22900
2020-08-27 09:31:12.430,3.331,6000
2020-08-27 09:31:12.430,3.331,25100
2020-08-27 09:31:12.430,3.331,6000
2020-08-27 09:31:12.430,3.331,50000
2020-08-27 09:31:12.430,3.331,4000
2020-08-27 09:31:13.040,3.331,1500
2020-08-27 09:31:13.820,3.331,500
2020-08-27 09:31:15.460,3.331,1200
2020-08-27 09:31:17.170,3.331,5200
2020-08-27 09:31:17.480,3.331,23200
2020-08-27 09:31:18.870,3.331,100
2020-08-27 09:31:19.810,3.331,200
2020-08-27 09:31:20.300,3.331,1200
2020-08-27 09:31:20.840,3.332,238800
2020-08-27 09:31:22.440,3.331,1000
2020-08-27 09:31:22.560,3.331,400
2020-08-27 09:31:22.660,3.332,13300
2020-08-27 09:31:22.660,3.332,10000
2020-08-27 09:31:22.660,3.332,400
2020-08-27 09:31:22.660,3.332,18200
2020-08-27 09:31:22.660,3.332,10000
2020-08-27 09:31:22.660,3.332,100
2020-08-27 09:31:22.660,3.332,15000
2020-08-27 09:31:22.690,3.332,3600
2020-08-27 09:31:24.710,3.332,382100
2020-08-27 09:31:25.860,3.332,1000
2020-08-27 09:31:26.460,3.332,4700
2020-08-27 09:31:27.640,3.332,300000
2020-08-27 09:31:27.880,3.332,500
2020-08-27 09:31:28.660,3.332,141100
2020-08-27 09:31:28.660,3.332,158900
2020-08-27 09:31:28.780,3.332,500
2020-08-27 09:31:29.660,3.332,22000
2020-08-27 09:31:30.040,3.332,300000
2020-08-27 09:31:30.160,3.332,500
2020-08-27 09:31:30.220,3.333,6000
2020-08-27 09:31:30.220,3.333,10000
2020-08-27 09:31:30.220,3.333,5900
2020-08-27 09:31:30.800,3.332,500
2020-08-27 09:31:31.040,3.332,100
2020-08-27 09:31:31.380,3.332,300000
2020-08-27 09:31:32.260,3.333,3000
2020-08-27 09:31:32.690,3.333,300
2020-08-27 09:31:32.810,3.332,1000
2020-08-27 09:31:33.270,3.332,116500
2020-08-27 09:31:33.270,3.332,500
2020-08-27 09:31:33.270,3.332,183000
2020-08-27 09:31:33.720,3.333,600
2020-08-27 09:31:34.270,3.333,200
2020-08-27 09:31:34.270,3.333,2800
2020-08-27 09:31:36.210,3.331,1500
2020-08-27 09:31:36.210,3.331,298500
2020-08-27 09:31:39.720,3.331,1500
2020-08-27 09:31:39.720,3.331,5000
2020-08-27 09:31:39.720,3.331,293593
2020-08-27 09:31:40.350,3.332,1000
2020-08-27 09:31:40.840,3.331,1800
2020-08-27 09:31:41.930,3.332,200
2020-08-27 09:31:42.090,3.331,300000
2020-08-27 09:31:42.670,3.331,298500
2020-08-27 09:31:43.560,3.331,500
2020-08-27 09:31:44.320,3.332,500
2020-08-27 09:31:45.660,3.331,200
2020-08-27 09:31:45.780,3.331,2000
2020-08-27 09:31:46.080,3.331,6
2020-08-27 09:31:46.630,3.332,11700
2020-08-27 09:31:46.630,3.332,20000
2020-08-27 09:31:46.630,3.332,10800
2020-08-27 09:31:46.630,3.332,60000
2020-08-27 09:31:46.630,3.332,10000
2020-08-27 09:31:46.630,3.332,10000
2020-08-27 09:31:46.630,3.332,100
2020-08-27 09:31:46.630,3.332,4000
2020-08-27 09:31:46.630,3.332,9600
2020-08-27 09:31:46.780,3.332,200
2020-08-27 09:31:46.840,3.332,5000
2020-08-27 09:31:47.080,3.333,300
2020-08-27 09:31:47.110,3.332,3000
2020-08-27 09:31:47.740,3.332,15000
2020-08-27 09:31:48.300,3.332,5000
2020-08-27 09:31:48.520,3.332,4600
2020-08-27 09:31:48.710,3.332,20000
2020-08-27 09:31:49.150,3.332,300000
2020-08-27 09:31:49.150,3.332,5900
2020-08-27 09:31:49.380,3.332,5100
2020-08-27 09:31:49.380,3.332,500
2020-08-27 09:31:49.380,3.331,3401
2020-08-27 09:31:49.380,3.331,43400
2020-08-27 09:31:49.380,3.331,200
2020-08-27 09:31:49.380,3.331,500
2020-08-27 09:31:49.380,3.331,2000
2020-08-27 09:31:49.380,3.331,100
2020-08-27 09:31:50.420,3.331,1000
2020-08-27 09:31:51.130,3.33,100
2020-08-27 09:31:51.480,3.331,100
2020-08-27 09:31:52.000,3.331,100
2020-08-27 09:31:54.210,3.331,1000
2020-08-27 09:31:54.950,3.33,300
2020-08-27 09:31:54.950,3.33,6000
2020-08-27 09:31:54.950,3.33,500
2020-08-27 09:31:54.950,3.33,3200
2020-08-27 09:31:55.190,3.33,4800
2020-08-27 09:31:55.190,3.33,1600
2020-08-27 09:31:56.130,3.33,7000
2020-08-27 09:31:57.090,3.33,17700
2020-08-27 09:31:57.460,3.331,3000
2020-08-27 09:31:57.460,3.331,5400
2020-08-27 09:31:57.550,3.33,45400
2020-08-27 09:31:57.550,3.33,100
2020-08-27 09:31:57.550,3.33,2500
2020-08-27 09:31:59.920,3.33,299700
2020-08-27 09:32:00.070,3.33,300000
2020-08-27 09:32:00.130,3.33,200
2020-08-27 09:32:02.040,3.329,1000
2020-08-27 09:32:02.040,3.329,10700
2020-08-27 09:32:02.290,3.33,330800
2020-08-27 09:32:02.290,3.33,5300
2020-08-27 09:32:02.570,3.33,30000
2020-08-27 09:32:03.920,3.33,2700
2020-08-27 09:32:05.030,3.331,2000
2020-08-27 09:32:05.640,3.33,5000
2020-08-27 09:32:06.390,3.33,100
2020-08-27 09:32:08.560,3.33,10000
2020-08-27 09:32:10.860,3.33,500
2020-08-27 09:32:10.860,3.33,1600
2020-08-27 09:32:10.860,3.329,88800
2020-08-27 09:32:11.250,3.329,2300
2020-08-27 09:32:11.590,3.329,200
2020-08-27 09:32:12.270,3.33,10000
2020-08-27 09:32:12.700,3.329,10000
2020-08-27 09:32:14.820,3.33,200
2020-08-27 09:32:14.820,3.33,500
2020-08-27 09:32:15.010,3.329,200
2020-08-27 09:32:16.080,3.329,1000
2020-08-27 09:32:16.590,3.33,19300
2020-08-27 09:32:16.590,3.33,3500
2020-08-27 09:32:16.590,3.33,7300
2020-08-27 09:32:16.720,3.329,10000
2020-08-27 09:32:17.420,3.329,3000
2020-08-27 09:32:21.400,3.329,200
2020-08-27 09:32:22.200,3.329,2000
2020-08-27 09:32:22.440,3.33,1000
2020-08-27 09:32:22.440,3.33,100
2020-08-27 09:32:23.700,3.329,21600
2020-08-27 09:32:23.700,3.329,23500
2020-08-27 09:32:24.520,3.329,1000
2020-08-27 09:32:24.950,3.329,2400
2020-08-27 09:32:26.920,3.329,32100
2020-08-27 09:32:28.000,3.329,400
2020-08-27 09:32:28.990,3.329,25000
2020-08-27 09:32:30.190,3.329,9500
2020-08-27 09:32:30.440,3.33,200
2020-08-27 09:32:30.440,3.329,2000
2020-08-27 09:32:30.840,3.329,25200
2020-08-27 09:32:32.470,3.329,3000
2020-08-27 09:32:34.110,3.33,51400
2020-08-27 09:32:34.110,3.33,10000
2020-08-27 09:32:34.110,3.33,238300
2020-08-27 09:32:34.600,3.329,2300
2020-08-27 09:32:34.870,3.329,130000
2020-08-27 09:32:35.630,3.329,8900
2020-08-27 09:32:36.560,3.329,23700
2020-08-27 09:32:37.160,3.329,200
2020-08-27 09:32:37.430,3.33,12000
2020-08-27 09:32:37.610,3.329,3100
2020-08-27 09:32:37.670,3.329,6000
2020-08-27 09:32:37.700,3.329,1700
2020-08-27 09:32:37.700,3.329,4500
2020-08-27 09:32:37.700,3.329,10000
2020-08-27 09:32:37.700,3.329,1000
2020-08-27 09:32:37.700,3.329,6000
2020-08-27 09:32:37.700,3.329,2800
2020-08-27 09:32:37.700,3.329,60100
2020-08-27 09:32:37.700,3.329,3900
2020-08-27 09:32:38.650,3.329,500
2020-08-27 09:32:39.640,3.329,4500
2020-08-27 09:32:39.990,3.329,2000
2020-08-27 09:32:40.930,3.329,10000
2020-08-27 09:32:41.530,3.329,3000
2020-08-27 09:32:41.810,3.329,600
2020-08-27 09:32:41.900,3.329,5500
2020-08-27 09:32:43.840,3.329,84500
2020-08-27 09:32:43.840,3.329,10000
2020-08-27 09:32:43.840,3.329,100
2020-08-27 09:32:43.840,3.329,127500
2020-08-27 09:32:45.060,3.33,3600
2020-08-27 09:32:45.940,3.329,6900
2020-08-27 09:32:46.090,3.329,500
2020-08-27 09:32:46.380,3.329,600
2020-08-27 09:32:46.600,3.33,1600
2020-08-27 09:32:46.660,3.33,3000
2020-08-27 09:32:47.070,3.33,500
2020-08-27 09:32:49.110,3.329,1700
2020-08-27 09:32:49.270,3.329,12000
2020-08-27 09:32:50.130,3.329,2300
2020-08-27 09:32:51.030,3.329,300000
2020-08-27 09:32:51.190,3.329,25000
2020-08-27 09:32:51.490,3.329,10000
2020-08-27 09:32:51.760,3.329,100
2020-08-27 09:32:52.290,3.329,100
2020-08-27 09:32:53.990,3.33,300
2020-08-27 09:32:54.020,3.329,5000
2020-08-27 09:32:54.260,3.33,90700
2020-08-27 09:32:54.260,3.33,1500
2020-08-27 09:32:54.260,3.33,200
2020-08-27 09:32:54.260,3.33,10000
2020-08-27 09:32:54.260,3.33,300
2020-08-27 09:32:54.260,3.33,5000
2020-08-27 09:32:54.260,3.33,30000
2020-08-27 09:32:54.260,3.33,10000
2020-08-27 09:32:54.260,3.33,10000
2020-08-27 09:32:54.260,3.33,10000
2020-08-27 09:32:54.260,3.33,6000
2020-08-27 09:32:54.260,3.33,500
2020-08-27 09:32:54.260,3.33,90000
2020-08-27 09:32:54.260,3.33,35500
2020-08-27 09:32:55.900,3.329,100
2020-08-27 09:32:56.610,3.329,1000
2020-08-27 09:32:57.940,3.329,20000
2020-08-27 09:32:57.940,3.329,292600
2020-08-27 09:32:57.940,3.329,7400
2020-08-27 09:32:58.030,3.329,298500
2020-08-27 09:32:58.430,3.329,26300
2020-08-27 09:32:58.730,3.328,300
2020-08-27 09:32:58.790,3.329,10000
2020-08-27 09:33:01.390,3.328,700
2020-08-27 09:33:01.390,3.328,4000
2020-08-27 09:33:01.390,3.328,9100
2020-08-27 09:33:01.390,3.328,47500
2020-08-27 09:33:01.390,3.328,300
2020-08-27 09:33:01.390,3.328,3800
2020-08-27 09:33:01.390,3.328,1000
2020-08-27 09:33:01.390,3.328,200
2020-08-27 09:33:01.390,3.328,10000
2020-08-27 09:33:01.390,3.328,3000
2020-08-27 09:33:01.390,3.328,20400
2020-08-27 09:33:02.360,3.329,10000
2020-08-27 09:33:02.360,3.329,90000
2020-08-27 09:33:03.290,3.328,9100
2020-08-27 09:33:03.290,3.328,200
2020-08-27 09:33:03.290,3.328,1000
2020-08-27 09:33:03.290,3.328,40000
2020-08-27 09:33:03.290,3.328,1000
2020-08-27 09:33:03.290,3.328,3000
2020-08-27 09:33:03.290,3.328,2600
2020-08-27 09:33:03.830,3.329,500
2020-08-27 09:33:05.010,3.328,500
2020-08-27 09:33:05.010,3.328,600
2020-08-27 09:33:05.010,3.328,1100
2020-08-27 09:33:05.010,3.328,800
2020-08-27 09:33:05.010,3.328,300
2020-08-27 09:33:05.010,3.328,100
2020-08-27 09:33:05.010,3.328,5700
2020-08-27 09:33:05.010,3.328,10000
2020-08-27 09:33:05.010,3.328,900
2020-08-27 09:33:05.010,3.328,110000
2020-08-27 09:33:05.010,3.328,168500
2020-08-27 09:33:05.390,3.328,26400
2020-08-27 09:33:05.390,3.328,49400
2020-08-27 09:33:05.730,3.328,5900
2020-08-27 09:33:05.790,3.328,76900
2020-08-27 09:33:05.790,3.328,3000
2020-08-27 09:33:05.790,3.328,10000
2020-08-27 09:33:05.790,3.328,10000
2020-08-27 09:33:05.790,3.328,100
2020-08-27 09:33:05.790,3.328,17400
2020-08-27 09:33:05.790,3.328,800
2020-08-27 09:33:05.790,3.328,5000
2020-08-27 09:33:05.790,3.328,5000
2020-08-27 09:33:05.790,3.328,20000
2020-08-27 09:33:05.790,3.328,5600
2020-08-27 09:33:05.790,3.328,20000
2020-08-27 09:33:05.790,3.328,47500
2020-08-27 09:33:06.110,3.327,5000
2020-08-27 09:33:06.110,3.327,200
2020-08-27 09:33:06.110,3.327,5000
2020-08-27 09:33:06.110,3.327,20000
2020-08-27 09:33:06.110,3.327,10000
2020-08-27 09:33:06.110,3.327,20000
2020-08-27 09:33:06.110,3.327,2000
2020-08-27 09:33:06.110,3.327,100
2020-08-27 09:33:06.110,3.327,8000
2020-08-27 09:33:06.110,3.327,1000
2020-08-27 09:33:06.110,3.327,100
2020-08-27 09:33:06.110,3.327,1200
2020-08-27 09:33:06.110,3.327,10000
2020-08-27 09:33:06.110,3.327,700
2020-08-27 09:33:06.110,3.327,100
2020-08-27 09:33:06.110,3.327,100
2020-08-27 09:33:06.110,3.327,100
2020-08-27 09:33:09.900,3.327,183900
2020-08-27 09:33:12.880,3.326,5000
2020-08-27 09:33:12.880,3.326,2400
2020-08-27 09:33:14.450,3.326,1000
2020-08-27 09:33:14.920,3.326,1600
2020-08-27 09:33:14.920,3.326,500
2020-08-27 09:33:14.920,3.326,1600
2020-08-27 09:33:14.920,3.326,100
2020-08-27 09:33:14.920,3.326,5200
2020-08-27 09:33:14.920,3.326,3000
2020-08-27 09:33:16.020,3.326,1800
2020-08-27 09:33:16.020,3.326,500
2020-08-27 09:33:16.020,3.326,6500
2020-08-27 09:33:16.020,3.326,1200
2020-08-27 09:33:17.830,3.326,4900
2020-08-27 09:33:17.860,3.327,200
2020-08-27 09:33:18.340,3.326,1700
2020-08-27 09:33:18.730,3.326,3000
2020-08-27 09:33:19.060,3.326,33000
2020-08-27 09:33:19.230,3.326,121600
2020-08-27 09:33:19.750,3.326,100
2020-08-27 09:33:19.970,3.327,300
2020-08-27 09:33:21.160,3.326,100
2020-08-27 09:33:21.540,3.326,6200
2020-08-27 09:33:23.030,3.326,3800
2020-08-27 09:33:23.810,3.327,10000
2020-08-27 09:33:26.150,3.326,1000
2020-08-27 09:33:26.580,3.327,2800
2020-08-27 09:33:28.750,3.326,86800
2020-08-27 09:33:28.840,3.327,3000
2020-08-27 09:33:29.300,3.326,1000
2020-08-27 09:33:29.330,3.326,29500
2020-08-27 09:33:30.250,3.327,10000
2020-08-27 09:33:30.910,3.326,100
2020-08-27 09:33:32.080,3.326,3900
2020-08-27 09:33:32.490,3.326,2000
2020-08-27 09:33:32.700,3.327,4700
2020-08-27 09:33:32.700,3.327,15300
2020-08-27 09:33:33.590,3.327,1000
2020-08-27 09:33:34.460,3.326,100
2020-08-27 09:33:34.820,3.327,2000
2020-08-27 09:33:36.750,3.327,10000
2020-08-27 09:33:38.490,3.326,25000
2020-08-27 09:33:39.650,3.326,10000
2020-08-27 09:33:40.220,3.326,1300
2020-08-27 09:33:40.940,3.326,10000
2020-08-27 09:33:41.120,3.326,5000
2020-08-27 09:33:44.190,3.327,100
2020-08-27 09:33:45.420,3.326,5000
2020-08-27 09:33:45.810,3.327,5000
2020-08-27 09:33:46.770,3.326,10000
2020-08-27 09:33:47.020,3.326,1500
2020-08-27 09:33:47.020,3.326,1500
2020-08-27 09:33:47.020,3.326,100
2020-08-27 09:33:47.760,3.325,300
2020-08-27 09:33:47.760,3.325,400
2020-08-27 09:33:47.760,3.325,500
2020-08-27 09:33:47.760,3.325,100
2020-08-27 09:33:47.760,3.325,5000
2020-08-27 09:33:47.760,3.325,13700
2020-08-27 09:33:50.660,3.326,500
2020-08-27 09:33:51.310,3.325,15000
2020-08-27 09:33:54.170,3.325,400
2020-08-27 09:33:54.970,3.325,900
2020-08-27 09:33:54.970,3.325,2000
2020-08-27 09:33:54.970,3.325,4100
2020-08-27 09:33:56.910,3.325,2000
2020-08-27 09:33:56.910,3.325,400
2020-08-27 09:33:56.910,3.325,200
2020-08-27 09:33:56.910,3.325,400
2020-08-27 09:33:56.970,3.325,600
2020-08-27 09:33:56.970,3.325,1000
2020-08-27 09:33:57.800,3.325,300
2020-08-27 09:33:58.020,3.326,2400
2020-08-27 09:33:58.020,3.326,500
2020-08-27 09:33:58.020,3.326,11500
2020-08-27 09:33:58.020,3.326,3000
2020-08-27 09:33:58.020,3.326,2600
2020-08-27 09:33:58.230,3.325,30000
2020-08-27 09:33:58.540,3.325,10000
2020-08-27 09:33:59.170,3.325,100
2020-08-27 09:33:59.230,3.325,18300
2020-08-27 09:33:59.410,3.325,10000
2020-08-27 09:34:00.000,3.325,68700
2020-08-27 09:34:00.030,3.325,9800
2020-08-27 09:34:00.580,3.326,2000
2020-08-27 09:34:00.580,3.326,28000
2020-08-27 09:34:02.350,3.325,20000
2020-08-27 09:34:03.500,3.326,13700
2020-08-27 09:34:03.600,3.325,81000
2020-08-27 09:34:04.090,3.325,8900
2020-08-27 09:34:04.760,3.325,9000
2020-08-27 09:34:05.720,3.326,1000
2020-08-27 09:34:06.370,3.326,800
2020-08-27 09:34:06.370,3.326,700
2020-08-27 09:34:06.370,3.326,4500
2020-08-27 09:34:07.390,3.325,10000
2020-08-27 09:34:07.780,3.326,2000
2020-08-27 09:34:08.520,3.326,500
2020-08-27 09:34:08.880,3.325,2000
2020-08-27 09:34:10.130,3.325,10000
2020-08-27 09:34:10.740,3.325,66900
2020-08-27 09:34:13.320,3.325,7400
2020-08-27 09:34:13.440,3.325,1500
2020-08-27 09:34:14.070,3.325,10000
2020-08-27 09:34:14.190,3.326,1500
2020-08-27 09:34:15.170,3.325,125100
2020-08-27 09:34:15.170,3.325,100
2020-08-27 09:34:15.170,3.325,500
2020-08-27 09:34:15.170,3.325,200
2020-08-27 09:34:15.170,3.325,127500
2020-08-27 09:34:18.180,3.324,4000
2020-08-27 09:34:18.180,3.324,6500
2020-08-27 09:34:18.180,3.324,14500
2020-08-27 09:34:19.340,3.325,300
2020-08-27 09:34:21.550,3.324,4500
2020-08-27 09:34:21.900,3.324,10000
2020-08-27 09:34:24.650,3.324,14900
2020-08-27 09:34:26.670,3.325,600
2020-08-27 09:34:26.860,3.324,6700
2020-08-27 09:34:27.310,3.324,200
2020-08-27 09:34:27.400,3.324,4000
2020-08-27 09:34:27.790,3.325,600
2020-08-27 09:34:30.240,3.324,400
2020-08-27 09:34:30.980,3.324,13500
2020-08-27 09:34:31.130,3.325,500
2020-08-27 09:34:32.180,3.324,4000
2020-08-27 09:34:33.800,3.324,8000
2020-08-27 09:34:34.040,3.325,800
2020-08-27 09:34:34.100,3.324,1400
2020-08-27 09:34:35.850,3.324,400
2020-08-27 09:34:36.190,3.324,40000
2020-08-27 09:34:36.710,3.324,5900
2020-08-27 09:34:37.940,3.324,3000
2020-08-27 09:34:38.060,3.324,100
2020-08-27 09:34:39.040,3.325,8800
2020-08-27 09:34:39.040,3.325,1500
2020-08-27 09:34:39.040,3.325,3000
2020-08-27 09:34:39.040,3.325,900
2020-08-27 09:34:39.040,3.325,185800
2020-08-27 09:34:39.480,3.324,3900
2020-08-27 09:34:40.200,3.325,14200
2020-08-27 09:34:40.200,3.325,1600
2020-08-27 09:34:40.200,3.325,43700
2020-08-27 09:34:40.200,3.325,5600
2020-08-27 09:34:41.870,3.325,1000
2020-08-27 09:34:43.800,3.325,6000
2020-08-27 09:34:44.180,3.325,3600
2020-08-27 09:34:44.180,3.324,14600
2020-08-27 09:34:44.180,3.324,1800
2020-08-27 09:34:47.960,3.325,30000
2020-08-27 09:34:47.960,3.325,10000
2020-08-27 09:34:48.330,3.325,500
2020-08-27 09:34:48.970,3.324,1600
2020-08-27 09:34:50.440,3.324,100
2020-08-27 09:34:50.530,3.325,200
2020-08-27 09:34:51.780,3.325,2700
2020-08-27 09:34:51.780,3.325,100
2020-08-27 09:34:52.700,3.325,5000
2020-08-27 09:34:52.890,3.325,100
2020-08-27 09:34:54.880,3.325,9900
2020-08-27 09:34:54.880,3.325,40000
2020-08-27 09:34:55.200,3.325,200
2020-08-27 09:34:56.330,3.325,600
2020-08-27 09:34:56.650,3.325,10000
2020-08-27 09:34:56.920,3.325,13400
2020-08-27 09:34:58.220,3.325,1300
2020-08-27 09:34:59.230,3.325,1500
2020-08-27 09:34:59.690,3.325,10000
2020-08-27 09:34:59.960,3.325,20000
2020-08-27 09:35:01.190,3.325,30000
2020-08-27 09:35:01.470,3.325,10000
2020-08-27 09:35:01.770,3.325,100
2020-08-27 09:35:02.520,3.326,5800
2020-08-27 09:35:02.520,3.326,1100
2020-08-27 09:35:02.520,3.326,2100
2020-08-27 09:35:03.170,3.325,600
2020-08-27 09:35:04.280,3.325,2000
2020-08-27 09:35:06.850,3.326,1000
2020-08-27 09:35:10.080,3.326,10000
2020-08-27 09:35:10.170,3.325,400
2020-08-27 09:35:10.510,3.325,21600
2020-08-27 09:35:11.970,3.325,32000
2020-08-27 09:35:12.320,3.326,55800
2020-08-27 09:35:12.320,3.326,3000
2020-08-27 09:35:12.320,3.326,28400
2020-08-27 09:35:12.320,3.326,2000
2020-08-27 09:35:12.320,3.326,5000
2020-08-27 09:35:12.320,3.326,65000
2020-08-27 09:35:12.320,3.326,9000
2020-08-27 09:35:12.320,3.326,42400
2020-08-27 09:35:12.320,3.326,100
2020-08-27 09:35:13.700,3.326,3000
2020-08-27 09:35:15.780,3.327,16600
2020-08-27 09:35:15.780,3.327,20000
2020-08-27 09:35:15.780,3.327,2400
2020-08-27 09:35:15.780,3.327,100000
2020-08-27 09:35:15.780,3.327,100
2020-08-27 09:35:15.780,3.327,7500
2020-08-27 09:35:15.780,3.327,140300
2020-08-27 09:35:15.780,3.327,1000
2020-08-27 09:35:15.780,3.327,3100
2020-08-27 09:35:20.050,3.327,100
2020-08-27 09:35:20.600,3.327,6000
2020-08-27 09:35:22.800,3.328,300
2020-08-27 09:35:22.800,3.328,30000
2020-08-27 09:35:22.800,3.328,24900
2020-08-27 09:35:22.800,3.328,10000
2020-08-27 09:35:22.800,3.328,2000
2020-08-27 09:35:22.800,3.328,50000
2020-08-27 09:35:22.800,3.328,200
2020-08-27 09:35:27.950,3.328,300
2020-08-27 09:35:27.950,3.327,100
2020-08-27 09:35:30.120,3.329,4000
2020-08-27 09:35:32.130,3.327,2800
2020-08-27 09:35:32.130,3.327,4600
2020-08-27 09:35:32.530,3.328,36400
2020-08-27 09:35:32.530,3.328,30000
2020-08-27 09:35:33.320,3.328,233600
2020-08-27 09:35:33.320,3.328,66400
2020-08-27 09:35:33.510,3.328,6000
2020-08-27 09:35:33.600,3.328,30000
2020-08-27 09:35:34.120,3.329,200
2020-08-27 09:35:34.420,3.328,47600
2020-08-27 09:35:35.400,3.327,30000
2020-08-27 09:35:35.930,3.327,5000
2020-08-27 09:35:36.150,3.327,25400
2020-08-27 09:35:36.150,3.327,2000
2020-08-27 09:35:36.150,3.327,5000
2020-08-27 09:35:36.150,3.327,10000
2020-08-27 09:35:36.150,3.327,3400
2020-08-27 09:35:36.510,3.326,30000
2020-08-27 09:35:38.080,3.326,2000
2020-08-27 09:35:38.110,3.326,30000
2020-08-27 09:35:38.540,3.327,200
2020-08-27 09:35:39.460,3.327,3500
2020-08-27 09:35:39.860,3.327,150000
2020-08-27 09:35:39.910,3.327,146300
2020-08-27 09:35:39.910,3.327,153700
2020-08-27 09:35:40.000,3.327,5000
2020-08-27 09:35:41.930,3.328,300
2020-08-27 09:35:41.930,3.326,800
2020-08-27 09:35:41.930,3.326,14000
2020-08-27 09:35:43.390,3.327,100
2020-08-27 09:35:47.070,3.327,5600
2020-08-27 09:35:47.070,3.327,3400
2020-08-27 09:35:50.410,3.327,1000
2020-08-27 09:35:50.410,3.327,5000
2020-08-27 09:35:51.370,3.328,1400
2020-08-27 09:35:51.370,3.328,4100
2020-08-27 09:35:51.370,3.328,400
2020-08-27 09:35:51.370,3.328,1100
2020-08-27 09:35:53.160,3.327,1400
2020-08-27 09:35:57.820,3.327,5000
2020-08-27 09:35:58.560,3.327,8700
2020-08-27 09:35:58.730,3.327,5700
2020-08-27 09:35:59.070,3.327,32500
2020-08-27 09:35:59.560,3.328,500
2020-08-27 09:35:59.840,3.327,15000
2020-08-27 09:36:03.620,3.327,2000
2020-08-27 09:36:04.500,3.328,3000
2020-08-27 09:36:06.770,3.328,300
2020-08-27 09:36:07.770,3.327,9000
2020-08-27 09:36:08.390,3.328,100
2020-08-27 09:36:08.390,3.328,200
2020-08-27 09:36:08.390,3.328,38600
2020-08-27 09:36:08.390,3.328,10000
2020-08-27 09:36:08.390,3.328,50000
2020-08-27 09:36:08.390,3.328,10000
2020-08-27 09:36:08.390,3.328,13000
2020-08-27 09:36:08.390,3.328,5000
2020-08-27 09:36:08.390,3.328,10900
2020-08-27 09:36:08.660,3.328,3400
2020-08-27 09:36:11.420,3.328,34400
2020-08-27 09:36:14.150,3.329,13000
2020-08-27 09:36:15.130,3.328,7400
2020-08-27 09:36:16.150,3.328,117000
2020-08-27 09:36:16.150,3.328,97400
2020-08-27 09:36:16.180,3.328,2600
2020-08-27 09:36:16.180,3.328,10800
2020-08-27 09:36:17.250,3.329,5000
2020-08-27 09:36:17.310,3.329,30000
2020-08-27 09:36:19.980,3.328,5000
2020-08-27 09:36:21.910,3.329,500
2020-08-27 09:36:23.080,3.329,600
2020-08-27 09:36:23.630,3.329,2800
2020-08-27 09:36:26.510,3.329,1200
2020-08-27 09:36:28.020,3.329,100
2020-08-27 09:36:30.660,3.329,10000
2020-08-27 09:36:31.600,3.329,22200
2020-08-27 09:36:32.650,3.328,100
2020-08-27 09:36:32.680,3.329,1000
2020-08-27 09:36:34.100,3.329,1000
2020-08-27 09:36:34.220,3.328,500
2020-08-27 09:36:35.170,3.329,1000
2020-08-27 09:36:35.690,3.329,1000
2020-08-27 09:36:37.180,3.328,1500
2020-08-27 09:36:37.560,3.329,900
2020-08-27 09:36:42.770,3.328,4000
2020-08-27 09:36:43.600,3.328,5000
2020-08-27 09:36:44.790,3.329,1600
2020-08-27 09:36:44.850,3.329,5000
2020-08-27 09:36:45.130,3.328,1600
2020-08-27 09:36:46.020,3.328,21500
2020-08-27 09:36:46.020,3.328,5000
2020-08-27 09:36:46.020,3.328,4500
2020-08-27 09:36:46.290,3.329,2200
2020-08-27 09:36:49.830,3.329,3500
2020-08-27 09:36:50.010,3.328,300
2020-08-27 09:36:50.070,3.329,2000
2020-08-27 09:36:51.360,3.329,100
2020-08-27 09:36:52.760,3.328,4000
2020-08-27 09:36:52.790,3.328,3700
2020-08-27 09:36:52.790,3.328,7600
2020-08-27 09:36:52.790,3.328,10000
2020-08-27 09:36:52.790,3.328,2000
2020-08-27 09:36:52.790,3.328,4700
2020-08-27 09:36:52.790,3.328,2000
2020-08-27 09:36:53.100,3.328,100
2020-08-27 09:36:53.320,3.328,1900
2020-08-27 09:36:57.110,3.328,100
2020-08-27 09:36:58.170,3.328,300
2020-08-27 09:36:58.900,3.328,2600
2020-08-27 09:36:58.900,3.328,100
2020-08-27 09:36:59.570,3.327,1000
2020-08-27 09:37:01.590,3.327,600
2020-08-27 09:37:06.030,3.328,2000
2020-08-27 09:37:06.210,3.328,1500
2020-08-27 09:37:06.210,3.328,200
2020-08-27 09:37:06.210,3.328,1500
2020-08-27 09:37:09.550,3.328,500
2020-08-27 09:37:09.550,3.328,300
2020-08-27 09:37:09.550,3.328,200
2020-08-27 09:37:09.960,3.328,2100
2020-08-27 09:37:09.960,3.328,10000
2020-08-27 09:37:09.960,3.328,3300
2020-08-27 09:37:12.130,3.328,1800
2020-08-27 09:37:12.130,3.328,10000
2020-08-27 09:37:12.130,3.328,3000
2020-08-27 09:37:12.130,3.328,6900
2020-08-27 09:37:12.130,3.328,16500
2020-08-27 09:37:12.130,3.328,10000
2020-08-27 09:37:12.960,3.328,4000
2020-08-27 09:37:14.360,3.329,1000
2020-08-27 09:37:14.460,3.328,3100
2020-08-27 09:37:16.370,3.328,14700
2020-08-27 09:37:16.940,3.328,3000
2020-08-27 09:37:17.240,3.328,10000
2020-08-27 09:37:19.860,3.329,189600
2020-08-27 09:37:19.860,3.329,2000
2020-08-27 09:37:19.860,3.329,108400
2020-08-27 09:37:21.520,3.329,100
2020-08-27 09:37:24.160,3.329,21400
2020-08-27 09:37:24.160,3.329,2000
2020-08-27 09:37:24.160,3.329,300
2020-08-27 09:37:24.160,3.329,18000
2020-08-27 09:37:24.160,3.329,300
2020-08-27 09:37:24.160,3.329,36500
2020-08-27 09:37:24.160,3.329,20100
2020-08-27 09:37:24.160,3.329,300
2020-08-27 09:37:24.160,3.329,25200
2020-08-27 09:37:24.160,3.329,100
2020-08-27 09:37:24.160,3.329,3000
2020-08-27 09:37:24.160,3.329,300
2020-08-27 09:37:24.160,3.329,10000
2020-08-27 09:37:24.160,3.329,50000
2020-08-27 09:37:24.160,3.329,4500
2020-08-27 09:37:24.160,3.329,20000
2020-08-27 09:37:24.160,3.329,31100
2020-08-27 09:37:24.160,3.329,11000
2020-08-27 09:37:25.320,3.329,300000
2020-08-27 09:37:26.750,3.329,400
2020-08-27 09:37:27.530,3.329,69800
2020-08-27 09:37:27.530,3.328,230200
2020-08-27 09:37:31.190,3.329,1000
2020-08-27 09:37:31.190,3.329,900
2020-08-27 09:37:31.190,3.328,9100
2020-08-27 09:37:32.800,3.329,300
2020-08-27 09:37:32.800,3.33,299700
2020-08-27 09:37:35.860,3.329,1000
2020-08-27 09:37:39.550,3.329,15000
2020-08-27 09:37:39.800,3.329,12000
2020-08-27 09:37:39.800,3.329,8600
2020-08-27 09:37:41.260,3.329,300
2020-08-27 09:37:42.620,3.329,1200
2020-08-27 09:37:42.660,3.329,300
2020-08-27 09:37:44.090,3.329,11600
2020-08-27 09:37:44.090,3.329,1700
2020-08-27 09:37:44.090,3.329,6700
2020-08-27 09:37:44.420,3.329,3300
2020-08-27 09:37:44.540,3.33,700
2020-08-27 09:37:46.670,3.329,2700
2020-08-27 09:37:46.670,3.329,2000
2020-08-27 09:37:46.670,3.329,5300
2020-08-27 09:37:49.000,3.33,800
2020-08-27 09:37:49.060,3.329,1400
2020-08-27 09:37:52.270,3.33,100
2020-08-27 09:37:52.650,3.33,48400
2020-08-27 09:37:52.650,3.33,300
2020-08-27 09:37:52.650,3.33,1700
2020-08-27 09:37:52.650,3.33,10000
2020-08-27 09:37:52.650,3.33,50000
2020-08-27 09:37:52.650,3.33,5000
2020-08-27 09:37:52.650,3.33,12000
2020-08-27 09:37:52.650,3.33,3000
2020-08-27 09:37:52.650,3.33,226800
2020-08-27 09:37:52.650,3.33,8000
2020-08-27 09:37:52.650,3.33,3800
2020-08-27 09:37:52.650,3.33,100000
2020-08-27 09:37:52.650,3.33,500
2020-08-27 09:37:52.650,3.33,5000
2020-08-27 09:37:52.650,3.33,20200
2020-08-27 09:37:52.650,3.33,3000
2020-08-27 09:37:52.650,3.33,30000
2020-08-27 09:37:52.650,3.33,10000
2020-08-27 09:37:52.650,3.33,2000
2020-08-27 09:37:52.650,3.33,180300
2020-08-27 09:37:52.680,3.33,1000
2020-08-27 09:37:55.210,3.33,84100
2020-08-27 09:37:55.310,3.33,44800
2020-08-27 09:37:55.310,3.33,3000
2020-08-27 09:37:55.310,3.33,7700
2020-08-27 09:37:55.310,3.33,6700
2020-08-27 09:37:55.310,3.33,3000
2020-08-27 09:37:55.310,3.33,20000
2020-08-27 09:37:58.270,3.33,10000
2020-08-27 09:37:58.310,3.331,1000
2020-08-27 09:37:58.310,3.33,300000
2020-08-27 09:38:00.300,3.33,298500
2020-08-27 09:38:00.360,3.33,206300
2020-08-27 09:38:00.360,3.33,1000
2020-08-27 09:38:00.360,3.33,92700
2020-08-27 09:38:00.820,3.33,207300
2020-08-27 09:38:00.820,3.33,4100
2020-08-27 09:38:00.820,3.33,300
2020-08-27 09:38:00.820,3.329,86800
2020-08-27 09:38:01.060,3.33,16900
2020-08-27 09:38:01.330,3.329,290
2020-08-27 09:38:02.900,3.329,7500
2020-08-27 09:38:03.290,3.329,205410
2020-08-27 09:38:03.290,3.329,1000
2020-08-27 09:38:03.290,3.329,1600
2020-08-27 09:38:03.290,3.329,800
2020-08-27 09:38:03.290,3.329,43600
2020-08-27 09:38:03.290,3.329,5000
2020-08-27 09:38:04.190,3.329,3000
2020-08-27 09:38:08.250,3.329,39590
2020-08-27 09:38:08.680,3.33,200
2020-08-27 09:38:09.060,3.33,3000
2020-08-27 09:38:09.450,3.33,21800
2020-08-27 09:38:09.450,3.33,78200
2020-08-27 09:38:10.520,3.33,21800
2020-08-27 09:38:10.610,3.33,600
2020-08-27 09:38:11.550,3.33,10000
2020-08-27 09:38:12.540,3.33,1500
2020-08-27 09:38:14.070,3.33,100
2020-08-27 09:38:14.780,3.329,2000
2020-08-27 09:38:18.550,3.329,30000
2020-08-27 09:38:18.890,3.33,5000
2020-08-27 09:38:18.980,3.329,18000
2020-08-27 09:38:21.340,3.33,300
2020-08-27 09:38:21.660,3.329,5500
2020-08-27 09:38:23.760,3.329,2500
2020-08-27 09:38:24.970,3.329,100
2020-08-27 09:38:26.710,3.329,7500
2020-08-27 09:38:27.130,3.329,5400
2020-08-27 09:38:27.900,3.328,700
2020-08-27 09:38:27.900,3.328,3800
2020-08-27 09:38:32.120,3.329,25900
2020-08-27 09:38:34.690,3.329,200
2020-08-27 09:38:37.730,3.329,1000
2020-08-27 09:38:40.070,3.328,1600
2020-08-27 09:38:43.540,3.329,6200
2020-08-27 09:38:43.540,3.329,3100
2020-08-27 09:38:44.350,3.328,4500
2020-08-27 09:38:44.350,3.328,800
2020-08-27 09:38:44.350,3.328,2500
2020-08-27 09:38:44.350,3.328,100
2020-08-27 09:38:44.350,3.328,2100
2020-08-27 09:38:44.530,3.328,300
2020-08-27 09:38:45.370,3.328,100
2020-08-27 09:38:46.410,3.328,4900
2020-08-27 09:38:47.800,3.329,3000
2020-08-27 09:38:50.610,3.328,300
2020-08-27 09:38:50.730,3.329,100
2020-08-27 09:38:52.480,3.329,200
2020-08-27 09:38:52.860,3.329,3000
2020-08-27 09:38:57.350,3.328,5500
2020-08-27 09:38:57.350,3.328,200
2020-08-27 09:38:57.350,3.328,71200
2020-08-27 09:38:58.280,3.328,14700
2020-08-27 09:39:01.190,3.328,27600
2020-08-27 09:39:01.390,3.328,10000
2020-08-27 09:39:01.540,3.328,5000
2020-08-27 09:39:02.150,3.328,1000
2020-08-27 09:39:05.990,3.329,26300
2020-08-27 09:39:05.990,3.329,5000
2020-08-27 09:39:05.990,3.329,3000
2020-08-27 09:39:05.990,3.329,10700
2020-08-27 09:39:08.260,3.328,22500
2020-08-27 09:39:08.260,3.328,2000
2020-08-27 09:39:08.260,3.328,300
2020-08-27 09:39:08.380,3.328,46500
2020-08-27 09:39:08.450,3.328,1000
2020-08-27 09:39:16.490,3.328,500
2020-08-27 09:39:20.350,3.327,500
2020-08-27 09:39:22.250,3.328,300
2020-08-27 09:39:26.230,3.327,4500
2020-08-27 09:39:26.230,3.327,300
2020-08-27 09:39:26.230,3.327,1000
2020-08-27 09:39:26.230,3.327,1000
2020-08-27 09:39:26.230,3.327,1000
2020-08-27 09:39:26.230,3.327,10000
2020-08-27 09:39:26.230,3.327,3500
2020-08-27 09:39:26.230,3.327,7700
2020-08-27 09:39:26.290,3.327,2100
2020-08-27 09:39:33.420,3.327,2800
2020-08-27 09:39:33.690,3.327,100
2020-08-27 09:39:33.720,3.327,600
2020-08-27 09:39:34.690,3.328,5400
2020-08-27 09:39:34.690,3.328,6000
2020-08-27 09:39:34.690,3.328,9100
2020-08-27 09:39:34.690,3.328,14600
2020-08-27 09:39:35.530,3.328,100
2020-08-27 09:39:36.150,3.328,500
2020-08-27 09:39:39.410,3.328,1800
2020-08-27 09:39:39.710,3.328,12900
2020-08-27 09:39:42.310,3.329,1000
2020-08-27 09:39:44.180,3.329,1000
2020-08-27 09:39:47.970,3.329,1900
2020-08-27 09:39:48.790,3.328,100
2020-08-27 09:39:50.460,3.329,10000
2020-08-27 09:39:51.490,3.329,6100
2020-08-27 09:39:51.490,3.329,1000
2020-08-27 09:39:51.490,3.329,5000
2020-08-27 09:39:51.490,3.329,8700
2020-08-27 09:39:52.770,3.329,1300
2020-08-27 09:39:52.770,3.329,1000
2020-08-27 09:39:52.770,3.329,500
2020-08-27 09:39:52.770,3.329,7200
2020-08-27 09:39:54.020,3.329,100
2020-08-27 09:39:58.140,3.329,4300
2020-08-27 09:39:58.140,3.329,5500
2020-08-27 09:39:58.140,3.329,1700
2020-08-27 09:39:58.530,3.328,25000
2020-08-27 09:40:02.380,3.328,17200
2020-08-27 09:40:03.520,3.329,8300
2020-08-27 09:40:03.520,3.329,1000
2020-08-27 09:40:03.520,3.329,3500
2020-08-27 09:40:03.520,3.329,300
2020-08-27 09:40:03.520,3.329,68000
2020-08-27 09:40:03.520,3.329,90000
2020-08-27 09:40:03.520,3.329,100
2020-08-27 09:40:06.270,3.329,5000
2020-08-27 09:40:06.950,3.329,1400
2020-08-27 09:40:07.680,3.329,500
2020-08-27 09:40:07.890,3.329,6000
2020-08-27 09:40:09.050,3.33,90000
2020-08-27 09:40:09.050,3.33,2000
2020-08-27 09:40:09.050,3.33,2100
2020-08-27 09:40:09.050,3.33,3000
2020-08-27 09:40:09.050,3.33,2900
2020-08-27 09:40:15.040,3.33,7100
2020-08-27 09:40:15.040,3.33,1600
2020-08-27 09:40:15.040,3.33,100
2020-08-27 09:40:15.040,3.33,12700
2020-08-27 09:40:18.330,3.33,2900
2020-08-27 09:40:19.770,3.329,1500
2020-08-27 09:40:20.410,3.33,20000
2020-08-27 09:40:21.390,3.329,28500
2020-08-27 09:40:21.390,3.329,1500
2020-08-27 09:40:22.180,3.33,64400
2020-08-27 09:40:22.180,3.33,5000
2020-08-27 09:40:22.180,3.33,400
2020-08-27 09:40:22.180,3.33,1000
2020-08-27 09:40:22.180,3.33,1000
2020-08-27 09:40:22.180,3.33,10000
2020-08-27 09:40:22.180,3.33,100
2020-08-27 09:40:22.180,3.33,90000
2020-08-27 09:40:22.180,3.33,3000
2020-08-27 09:40:22.180,3.33,20000
2020-08-27 09:40:22.180,3.33,175000
2020-08-27 09:40:24.370,3.329,1100
2020-08-27 09:40:25.350,3.33,7800
2020-08-27 09:40:25.820,3.33,600
2020-08-27 09:40:27.160,3.33,21600
2020-08-27 09:40:28.430,3.33,100
2020-08-27 09:40:30.510,3.33,5000
2020-08-27 09:40:35.140,3.331,99000
2020-08-27 09:40:35.140,3.331,10000
2020-08-27 09:40:35.140,3.331,1500
2020-08-27 09:40:35.140,3.331,500
2020-08-27 09:40:35.140,3.331,59300
2020-08-27 09:40:35.890,3.33,100
2020-08-27 09:40:36.570,3.33,800
2020-08-27 09:40:38.260,3.33,900
2020-08-27 09:40:39.470,3.331,10000
2020-08-27 09:40:40.640,3.33,100
2020-08-27 09:40:42.520,3.33,500
2020-08-27 09:40:42.640,3.331,7700
2020-08-27 09:40:46.770,3.33,400
2020-08-27 09:40:46.770,3.33,1000
2020-08-27 09:40:46.770,3.33,1000
2020-08-27 09:40:46.770,3.33,4000
2020-08-27 09:40:46.770,3.33,12600
2020-08-27 09:40:47.040,3.331,12100
2020-08-27 09:40:51.540,3.331,4000
2020-08-27 09:40:52.850,3.331,6400
2020-08-27 09:40:53.290,3.33,700
2020-08-27 09:40:53.680,3.33,7000
2020-08-27 09:40:53.680,3.331,2000
2020-08-27 09:40:55.040,3.331,2200
2020-08-27 09:41:02.560,3.33,13600
2020-08-27 09:41:02.560,3.33,200
2020-08-27 09:41:02.560,3.33,86200
2020-08-27 09:41:04.570,3.331,2100
2020-08-27 09:41:04.610,3.331,3000
2020-08-27 09:41:06.760,3.331,500
2020-08-27 09:41:07.950,3.331,2000
2020-08-27 09:41:08.660,3.33,500
2020-08-27 09:41:08.850,3.331,15000
2020-08-27 09:41:09.100,3.33,8900
2020-08-27 09:41:09.100,3.33,1100
2020-08-27 09:41:10.530,3.33,300
2020-08-27 09:41:12.040,3.331,175000
2020-08-27 09:41:12.040,3.33,6600
2020-08-27 09:41:12.040,3.33,10000
2020-08-27 09:41:12.920,3.33,13400
2020-08-27 09:41:12.920,3.331,32000
2020-08-27 09:41:12.920,3.331,100
2020-08-27 09:41:12.920,3.331,7500
2020-08-27 09:41:13.080,3.331,2000
2020-08-27 09:41:14.280,3.33,2000
2020-08-27 09:41:15.440,3.33,200
2020-08-27 09:41:15.560,3.33,2800
2020-08-27 09:41:15.560,3.33,1900
2020-08-27 09:41:17.490,3.33,3100
2020-08-27 09:41:17.490,3.33,400
2020-08-27 09:41:17.490,3.33,2400
2020-08-27 09:41:17.490,3.33,400
2020-08-27 09:41:17.490,3.331,500
2020-08-27 09:41:17.490,3.331,600
2020-08-27 09:41:17.750,3.331,500
2020-08-27 09:41:19.560,3.33,3000
2020-08-27 09:41:24.310,3.33,2000
2020-08-27 09:41:26.880,3.33,1700
2020-08-27 09:41:29.340,3.33,2500
2020-08-27 09:41:30.170,3.33,7000
2020-08-27 09:41:30.850,3.329,100
2020-08-27 09:41:37.050,3.33,6200
2020-08-27 09:41:37.380,3.329,12300
2020-08-27 09:41:37.380,3.329,1000
2020-08-27 09:41:37.380,3.329,100
2020-08-27 09:41:37.380,3.329,1000
2020-08-27 09:41:37.380,3.329,500
2020-08-27 09:41:37.380,3.329,1000
2020-08-27 09:41:37.380,3.329,2000
2020-08-27 09:41:37.380,3.329,3000
2020-08-27 09:41:37.380,3.329,10000
2020-08-27 09:41:38.940,3.329,3000
2020-08-27 09:41:40.680,3.329,200
2020-08-27 09:41:43.810,3.33,2000
2020-08-27 09:41:45.640,3.328,1400
2020-08-27 09:41:45.640,3.328,600
2020-08-27 09:41:45.640,3.328,200
2020-08-27 09:41:45.640,3.328,300
2020-08-27 09:41:45.640,3.328,20000
2020-08-27 09:41:45.640,3.328,2000
2020-08-27 09:41:45.640,3.328,5000
2020-08-27 09:41:45.640,3.328,200
2020-08-27 09:41:45.640,3.328,300
2020-08-27 09:41:45.640,3.328,5000
2020-08-27 09:41:45.640,3.328,2000
2020-08-27 09:41:45.640,3.328,7000
2020-08-27 09:41:45.640,3.328,3900
2020-08-27 09:41:47.820,3.328,3100
2020-08-27 09:41:49.170,3.327,700
2020-08-27 09:41:49.170,3.327,100
2020-08-27 09:41:56.360,3.327,1900
2020-08-27 09:41:56.360,3.327,4400
2020-08-27 09:41:58.240,3.327,5600
2020-08-27 09:41:58.240,3.327,4400
2020-08-27 09:41:58.510,3.327,400
2020-08-27 09:41:59.060,3.327,72600
2020-08-27 09:41:59.060,3.327,500
2020-08-27 09:41:59.060,3.327,21600
2020-08-27 09:41:59.060,3.327,2000
2020-08-27 09:41:59.060,3.327,2800
2020-08-27 09:41:59.060,3.327,200
2020-08-27 09:41:59.060,3.327,5000
2020-08-27 09:41:59.060,3.327,100
2020-08-27 09:42:00.030,3.327,1000
2020-08-27 09:42:03.260,3.327,3500
2020-08-27 09:42:03.920,3.327,5800
2020-08-27 09:42:08.130,3.327,6800
2020-08-27 09:42:09.050,3.327,1400
2020-08-27 09:42:13.240,3.328,400
2020-08-27 09:42:15.250,3.327,2805
2020-08-27 09:42:19.350,3.328,1000
2020-08-27 09:42:19.680,3.328,3600
2020-08-27 09:42:19.680,3.328,2900
2020-08-27 09:42:19.710,3.328,3500
2020-08-27 09:42:19.710,3.327,1500
2020-08-27 09:42:19.880,3.327,11695
2020-08-27 09:42:19.880,3.327,300
2020-08-27 09:42:19.880,3.327,8005
2020-08-27 09:42:20.610,3.327,1595
2020-08-27 09:42:20.610,3.327,1000
2020-08-27 09:42:20.610,3.327,9505
2020-08-27 09:42:25.380,3.328,1000
2020-08-27 09:42:25.380,3.327,5500
2020-08-27 09:42:27.850,3.328,200
2020-08-27 09:42:29.890,3.329,200
2020-08-27 09:42:29.890,3.329,14800
2020-08-27 09:42:30.690,3.328,1800
2020-08-27 09:42:30.690,3.328,98200
2020-08-27 09:42:32.210,3.328,1600
2020-08-27 09:42:32.510,3.328,200
2020-08-27 09:42:34.630,3.328,1500
2020-08-27 09:42:36.280,3.329,174700
2020-08-27 09:42:38.740,3.328,4200
2020-08-27 09:42:40.430,3.328,10000
2020-08-27 09:42:44.250,3.329,10000
2020-08-27 09:42:44.250,3.328,290000
2020-08-27 09:42:47.600,3.33,1400
2020-08-27 09:42:48.160,3.329,200
2020-08-27 09:42:48.160,3.329,23200
2020-08-27 09:42:48.340,3.329,10000
2020-08-27 09:42:50.090,3.329,300000
2020-08-27 09:42:51.750,3.33,200
2020-08-27 09:42:51.870,3.329,300000
2020-08-27 09:42:53.780,3.329,100
2020-08-27 09:42:54.030,3.329,246700
2020-08-27 09:42:54.030,3.329,53300
2020-08-27 09:42:54.570,3.329,300000
2020-08-27 09:42:54.570,3.329,300000
2020-08-27 09:42:54.750,3.329,246700
2020-08-27 09:42:54.750,3.329,53300
2020-08-27 09:42:54.990,3.329,30000
2020-08-27 09:42:55.870,3.329,217600
2020-08-27 09:42:55.870,3.329,120600
2020-08-27 09:42:55.930,3.328,5000
2020-08-27 09:42:56.010,3.329,100000
2020-08-27 09:42:56.330,3.329,5000
2020-08-27 09:42:57.310,3.329,2000
2020-08-27 09:42:57.310,3.329,1000
2020-08-27 09:42:58.510,3.329,200
2020-08-27 09:42:58.800,3.328,45000
2020-08-27 09:42:58.800,3.328,500
2020-08-27 09:42:58.800,3.328,10000
2020-08-27 09:42:58.800,3.328,18900
2020-08-27 09:43:01.020,3.328,1100
2020-08-27 09:43:01.020,3.328,4000
2020-08-27 09:43:01.020,3.328,500
2020-08-27 09:43:01.930,3.328,17600
2020-08-27 09:43:02.440,3.328,300
2020-08-27 09:43:02.640,3.327,1000
2020-08-27 09:43:02.640,3.327,18400
2020-08-27 09:43:02.640,3.327,10000
2020-08-27 09:43:02.640,3.327,200
2020-08-27 09:43:02.640,3.327,2000
2020-08-27 09:43:02.640,3.327,8400
2020-08-27 09:43:02.880,3.327,37600
2020-08-27 09:43:02.930,3.327,47000
2020-08-27 09:43:02.930,3.327,3000
2020-08-27 09:43:03.050,3.327,7000
2020-08-27 09:43:03.320,3.326,40000
2020-08-27 09:43:03.320,3.326,1500
2020-08-27 09:43:03.320,3.326,3000
2020-08-27 09:43:03.320,3.326,3000
2020-08-27 09:43:03.320,3.326,5000
2020-08-27 09:43:03.320,3.326,3000
2020-08-27 09:43:03.320,3.326,600
2020-08-27 09:43:03.320,3.326,2000
2020-08-27 09:43:03.320,3.326,1000
2020-08-27 09:43:03.320,3.326,200
2020-08-27 09:43:03.320,3.326,2000
2020-08-27 09:43:03.320,3.326,9900
2020-08-27 09:43:03.320,3.326,10000
2020-08-27 09:43:03.320,3.326,20000
2020-08-27 09:43:03.320,3.326,300
2020-08-27 09:43:03.320,3.326,20000
2020-08-27 09:43:03.320,3.326,2000
2020-08-27 09:43:03.320,3.326,7000
2020-08-27 09:43:03.320,3.326,100
2020-08-27 09:43:03.320,3.326,79400
2020-08-27 09:43:03.750,3.327,1000
2020-08-27 09:43:07.600,3.325,300
2020-08-27 09:43:07.600,3.325,900
2020-08-27 09:43:07.600,3.325,1500
2020-08-27 09:43:07.600,3.325,5000
2020-08-27 09:43:07.600,3.325,10000
2020-08-27 09:43:07.600,3.325,3000
2020-08-27 09:43:07.600,3.325,800
2020-08-27 09:43:07.600,3.325,10000
2020-08-27 09:43:07.600,3.325,100
2020-08-27 09:43:07.600,3.325,2000
2020-08-27 09:43:07.600,3.325,3000
2020-08-27 09:43:07.600,3.325,600
2020-08-27 09:43:07.600,3.325,200
2020-08-27 09:43:07.600,3.325,10000
2020-08-27 09:43:07.600,3.325,5000
2020-08-27 09:43:07.600,3.325,30000
2020-08-27 09:43:07.600,3.325,60000
2020-08-27 09:43:07.600,3.325,200
2020-08-27 09:43:07.600,3.325,50000
2020-08-27 09:43:07.600,3.325,5000
2020-08-27 09:43:07.600,3.325,93000
2020-08-27 09:43:07.600,3.325,4000
2020-08-27 09:43:08.630,3.325,5400
2020-08-27 09:43:08.630,3.325,4600
2020-08-27 09:43:09.360,3.325,10000
2020-08-27 09:43:09.850,3.324,296500
2020-08-27 09:43:09.850,3.324,100
2020-08-27 09:43:09.850,3.324,3400
2020-08-27 09:43:10.030,3.324,1600
2020-08-27 09:43:10.030,3.324,100
2020-08-27 09:43:10.030,3.324,1000
2020-08-27 09:43:10.030,3.324,100
2020-08-27 09:43:10.030,3.324,3000
2020-08-27 09:43:10.030,3.324,10000
2020-08-27 09:43:10.030,3.324,400
2020-08-27 09:43:10.030,3.324,2100
2020-08-27 09:43:10.030,3.324,11700
2020-08-27 09:43:10.520,3.324,8300
2020-08-27 09:43:10.520,3.324,10000
2020-08-27 09:43:10.690,3.323,200
2020-08-27 09:43:10.690,3.323,500
2020-08-27 09:43:10.690,3.323,100
2020-08-27 09:43:10.690,3.323,4200
2020-08-27 09:43:10.690,3.323,3000
2020-08-27 09:43:10.690,3.323,300
2020-08-27 09:43:10.690,3.323,500
2020-08-27 09:43:10.690,3.323,1000
2020-08-27 09:43:10.690,3.323,10000
2020-08-27 09:43:10.690,3.323,100
2020-08-27 09:43:10.690,3.323,1400
2020-08-27 09:43:10.690,3.323,300
2020-08-27 09:43:10.690,3.323,100
2020-08-27 09:43:10.690,3.323,500
2020-08-27 09:43:10.690,3.323,100
2020-08-27 09:43:10.690,3.323,400
2020-08-27 09:43:10.690,3.323,100
2020-08-27 09:43:10.690,3.323,8800
2020-08-27 09:43:10.690,3.323,5000
2020-08-27 09:43:10.690,3.323,5000
2020-08-27 09:43:10.690,3.323,3600
2020-08-27 09:43:10.690,3.323,4000
2020-08-27 09:43:10.690,3.323,8300
2020-08-27 09:43:10.690,3.323,8100
2020-08-27 09:43:10.690,3.323,8100
2020-08-27 09:43:10.690,3.323,200
2020-08-27 09:43:10.690,3.323,6500
2020-08-27 09:43:10.690,3.323,6000
2020-08-27 09:43:10.690,3.323,100
2020-08-27 09:43:10.690,3.323,20000
2020-08-27 09:43:10.690,3.323,8800
2020-08-27 09:43:10.690,3.323,200
2020-08-27 09:43:10.690,3.323,10000
2020-08-27 09:43:10.690,3.323,100
2020-08-27 09:43:10.690,3.323,8800
2020-08-27 09:43:10.690,3.323,20000
2020-08-27 09:43:10.690,3.323,200
2020-08-27 09:43:10.690,3.323,500
2020-08-27 09:43:10.690,3.323,100
2020-08-27 09:43:10.690,3.323,10000
2020-08-27 09:43:10.690,3.323,3000
2020-08-27 09:43:10.690,3.323,93000
2020-08-27 09:43:11.030,3.323,3000
2020-08-27 09:43:12.040,3.323,500
2020-08-27 09:43:12.380,3.323,1000
2020-08-27 09:43:12.880,3.323,200
2020-08-27 09:43:13.090,3.322,200
2020-08-27 09:43:13.090,3.322,10000
2020-08-27 09:43:13.090,3.322,200
2020-08-27 09:43:13.090,3.322,400
2020-08-27 09:43:13.090,3.322,6500
2020-08-27 09:43:13.090,3.322,100
2020-08-27 09:43:13.090,3.322,10000
2020-08-27 09:43:13.090,3.322,200
2020-08-27 09:43:13.090,3.322,200
2020-08-27 09:43:13.090,3.322,3000
2020-08-27 09:43:13.090,3.322,4000
2020-08-27 09:43:13.090,3.322,200
2020-08-27 09:43:13.090,3.322,200
2020-08-27 09:43:14.030,3.322,14800
2020-08-27 09:43:15.570,3.323,500
2020-08-27 09:43:15.710,3.323,1600
2020-08-27 09:43:16.090,3.323,200
2020-08-27 09:43:17.080,3.322,59100
2020-08-27 09:43:19.240,3.323,500
2020-08-27 09:43:19.490,3.323,13000
2020-08-27 09:43:21.550,3.322,6000
2020-08-27 09:43:21.700,3.322,4500
2020-08-27 09:43:21.820,3.322,60600
2020-08-27 09:43:22.700,3.323,10000
2020-08-27 09:43:22.760,3.323,500
2020-08-27 09:43:23.360,3.323,500
2020-08-27 09:43:25.260,3.323,2000
2020-08-27 09:43:26.340,3.322,3000
2020-08-27 09:43:26.570,3.323,100
2020-08-27 09:43:26.970,3.323,3000
2020-08-27 09:43:27.300,3.323,2200
2020-08-27 09:43:27.300,3.323,11800
2020-08-27 09:43:29.670,3.322,1000
2020-08-27 09:43:30.220,3.323,6800
2020-08-27 09:43:31.120,3.322,295700
2020-08-27 09:43:31.120,3.322,500
2020-08-27 09:43:31.120,3.322,3800
2020-08-27 09:43:31.770,3.322,1200
2020-08-27 09:43:32.410,3.322,2000
2020-08-27 09:43:32.590,3.322,1800
2020-08-27 09:43:32.590,3.322,20200
2020-08-27 09:43:32.950,3.322,200
2020-08-27 09:43:32.950,3.322,10000
2020-08-27 09:43:33.670,3.322,1000
2020-08-27 09:43:34.170,3.322,1000
2020-08-27 09:43:34.510,3.322,400
2020-08-27 09:43:34.690,3.321,200
2020-08-27 09:43:34.690,3.321,100
2020-08-27 09:43:34.690,3.321,5000
2020-08-27 09:43:34.690,3.321,12000
2020-08-27 09:43:34.690,3.321,100000
2020-08-27 09:43:34.690,3.321,100
2020-08-27 09:43:34.690,3.321,30000
2020-08-27 09:43:34.690,3.321,10000
2020-08-27 09:43:34.690,3.321,6500
2020-08-27 09:43:34.690,3.321,100
2020-08-27 09:43:34.690,3.321,12000
2020-08-27 09:43:34.690,3.321,5000
2020-08-27 09:43:34.690,3.321,100
2020-08-27 09:43:34.690,3.321,2000
2020-08-27 09:43:34.690,3.321,200
2020-08-27 09:43:34.690,3.321,100
2020-08-27 09:43:34.690,3.321,1000
2020-08-27 09:43:34.690,3.321,3000
2020-08-27 09:43:34.690,3.321,300
2020-08-27 09:43:34.690,3.321,1000
2020-08-27 09:43:34.690,3.321,400
2020-08-27 09:43:34.890,3.321,200
2020-08-27 09:43:36.990,3.321,500
2020-08-27 09:43:37.250,3.321,200
2020-08-27 09:43:37.700,3.321,10000
2020-08-27 09:43:39.700,3.321,1300
2020-08-27 09:43:41.150,3.32,1000
2020-08-27 09:43:46.260,3.32,500
2020-08-27 09:43:46.260,3.32,200
2020-08-27 09:43:46.260,3.32,200
2020-08-27 09:43:46.260,3.32,1000
2020-08-27 09:43:46.260,3.32,9300
2020-08-27 09:43:46.260,3.32,2000
2020-08-27 09:43:46.260,3.32,400
2020-08-27 09:43:46.260,3.32,3000
2020-08-27 09:43:46.260,3.32,300
2020-08-27 09:43:46.260,3.32,3000
2020-08-27 09:43:46.260,3.32,15000
2020-08-27 09:43:46.260,3.32,1000
2020-08-27 09:43:46.260,3.32,1300
2020-08-27 09:43:47.000,3.32,8700
2020-08-27 09:43:47.000,3.32,15000
2020-08-27 09:43:47.000,3.32,100
2020-08-27 09:43:47.000,3.32,2000
2020-08-27 09:43:47.000,3.32,1000
2020-08-27 09:43:47.000,3.32,6500
2020-08-27 09:43:47.000,3.32,2000
2020-08-27 09:43:47.000,3.32,200
2020-08-27 09:43:47.000,3.32,14500
2020-08-27 09:43:48.760,3.321,1000
2020-08-27 09:43:49.060,3.321,500
2020-08-27 09:43:50.030,3.32,5000
2020-08-27 09:43:52.430,3.321,1300
2020-08-27 09:43:52.810,3.321,3100
2020-08-27 09:43:53.490,3.32,20500
2020-08-27 09:43:53.490,3.32,500
2020-08-27 09:43:53.490,3.32,9000
2020-08-27 09:43:54.730,3.32,8100
2020-08-27 09:43:56.290,3.32,1600
2020-08-27 09:43:59.580,3.32,3000
2020-08-27 09:44:01.000,3.32,2300
2020-08-27 09:44:02.890,3.321,92800
2020-08-27 09:44:02.890,3.321,600
2020-08-27 09:44:02.890,3.321,19700
2020-08-27 09:44:02.890,3.321,48200
2020-08-27 09:44:03.400,3.321,300
2020-08-27 09:44:04.040,3.321,100
2020-08-27 09:44:04.630,3.323,1000
2020-08-27 09:44:05.150,3.321,30000
2020-08-27 09:44:05.420,3.321,300
2020-08-27 09:44:06.590,3.321,20000
2020-08-27 09:44:07.960,3.321,11500
2020-08-27 09:44:09.810,3.322,300
2020-08-27 09:44:09.810,3.323,100
2020-08-27 09:44:09.810,3.323,2100
2020-08-27 09:44:10.130,3.321,6000
2020-08-27 09:44:10.330,3.321,13200
2020-08-27 09:44:11.010,3.321,1500
2020-08-27 09:44:11.710,3.324,200
2020-08-27 09:44:14.530,3.323,20000
2020-08-27 09:44:15.280,3.323,8900
2020-08-27 09:44:15.280,3.323,300000
2020-08-27 09:44:17.330,3.323,116800
2020-08-27 09:44:17.360,3.323,188500
2020-08-27 09:44:17.640,3.323,100000
2020-08-27 09:44:17.640,3.323,20800
2020-08-27 09:44:22.760,3.323,600
2020-08-27 09:44:23.030,3.323,6000
2020-08-27 09:44:26.020,3.322,500
2020-08-27 09:44:26.020,3.322,6000
2020-08-27 09:44:26.020,3.322,2700
2020-08-27 09:44:26.020,3.322,5000
2020-08-27 09:44:26.020,3.322,5000
2020-08-27 09:44:26.020,3.322,10800
2020-08-27 09:44:26.660,3.322,19200
2020-08-27 09:44:26.660,3.322,5000
2020-08-27 09:44:27.660,3.322,1500
2020-08-27 09:44:27.810,3.322,6000
2020-08-27 09:44:27.910,3.322,100
2020-08-27 09:44:28.000,3.322,35300
2020-08-27 09:44:28.200,3.322,27000
2020-08-27 09:44:28.930,3.322,800
2020-08-27 09:44:29.510,3.322,100
2020-08-27 09:44:29.530,3.321,1000
2020-08-27 09:44:30.470,3.321,5000
2020-08-27 09:44:32.730,3.322,5000
2020-08-27 09:44:32.840,3.321,49800
2020-08-27 09:44:32.840,3.321,14000
2020-08-27 09:44:32.840,3.321,100
2020-08-27 09:44:32.840,3.321,1000
2020-08-27 09:44:32.840,3.321,50000
2020-08-27 09:44:32.840,3.321,5000
2020-08-27 09:44:32.840,3.321,9000
2020-08-27 09:44:32.840,3.321,10000
2020-08-27 09:44:32.840,3.321,6700
2020-08-27 09:44:32.840,3.321,1000
2020-08-27 09:44:33.380,3.321,3000
2020-08-27 09:44:33.730,3.321,2000
2020-08-27 09:44:33.730,3.322,18000
2020-08-27 09:44:35.350,3.322,1000
2020-08-27 09:44:35.410,3.32,36000
2020-08-27 09:44:35.410,3.32,200
2020-08-27 09:44:35.410,3.32,500
2020-08-27 09:44:35.410,3.32,200
2020-08-27 09:44:35.410,3.32,700
2020-08-27 09:44:35.410,3.32,200
2020-08-27 09:44:35.410,3.32,100
2020-08-27 09:44:35.410,3.32,1000
2020-08-27 09:44:35.410,3.32,100
2020-08-27 09:44:35.410,3.32,600
2020-08-27 09:44:35.410,3.32,13000
2020-08-27 09:44:35.410,3.32,2000
2020-08-27 09:44:35.410,3.32,100
2020-08-27 09:44:35.410,3.32,600
2020-08-27 09:44:35.410,3.32,10000
2020-08-27 09:44:35.410,3.32,10000
2020-08-27 09:44:35.410,3.32,1000
2020-08-27 09:44:35.410,3.32,200
2020-08-27 09:44:35.410,3.32,6000
2020-08-27 09:44:35.410,3.32,3000
2020-08-27 09:44:35.410,3.32,10000
2020-08-27 09:44:35.410,3.32,1000
2020-08-27 09:44:35.410,3.32,300
2020-08-27 09:44:35.410,3.32,1000
2020-08-27 09:44:35.410,3.32,1000
2020-08-27 09:44:35.410,3.32,5000
2020-08-27 09:44:35.410,3.32,1000
2020-08-27 09:44:35.410,3.32,500
2020-08-27 09:44:35.410,3.32,24500
2020-08-27 09:44:35.410,3.32,2000
2020-08-27 09:44:35.410,3.32,3000
2020-08-27 09:44:35.410,3.32,1000
2020-08-27 09:44:35.410,3.32,1000
2020-08-27 09:44:35.410,3.32,100
2020-08-27 09:44:35.410,3.32,1000
2020-08-27 09:44:35.410,3.32,3000
2020-08-27 09:44:35.410,3.32,500
2020-08-27 09:44:35.410,3.32,100
2020-08-27 09:44:35.410,3.32,158500
2020-08-27 09:44:35.830,3.321,500
2020-08-27 09:44:36.580,3.32,300000
2020-08-27 09:44:36.880,3.321,600
2020-08-27 09:44:36.880,3.322,9400
2020-08-27 09:44:37.430,3.322,11000
2020-08-27 09:44:38.520,3.321,10000
2020-08-27 09:44:39.130,3.321,15000
2020-08-27 09:44:39.280,3.32,6000
2020-08-27 09:44:39.280,3.32,2900
2020-08-27 09:44:39.540,3.32,2100
2020-08-27 09:44:39.540,3.32,2000
2020-08-27 09:44:40.450,3.32,1000
2020-08-27 09:44:40.610,3.32,100
2020-08-27 09:44:41.300,3.32,3000
2020-08-27 09:44:42.130,3.32,1000
2020-08-27 09:44:42.430,3.32,100
2020-08-27 09:44:45.370,3.319,200
2020-08-27 09:44:45.370,3.319,6500
2020-08-27 09:44:45.370,3.319,100
2020-08-27 09:44:45.370,3.319,1000
2020-08-27 09:44:45.370,3.319,2200
2020-08-27 09:44:48.180,3.32,2000
2020-08-27 09:44:48.180,3.32,2000
2020-08-27 09:44:48.180,3.32,300
2020-08-27 09:44:48.180,3.32,600
2020-08-27 09:44:48.740,3.32,400
2020-08-27 09:44:51.240,3.32,3000
2020-08-27 09:44:51.300,3.319,600
2020-08-27 09:44:51.300,3.319,1000
2020-08-27 09:44:51.300,3.319,200
2020-08-27 09:44:51.300,3.319,900
2020-08-27 09:44:51.300,3.319,100
2020-08-27 09:44:51.300,3.319,2100
2020-08-27 09:44:51.800,3.319,30000
2020-08-27 09:44:52.460,3.32,100
2020-08-27 09:44:52.780,3.319,600
2020-08-27 09:44:55.120,3.319,300000
2020-08-27 09:44:55.440,3.32,3200
2020-08-27 09:44:56.290,3.32,1000
2020-08-27 09:44:56.290,3.32,3000
2020-08-27 09:44:56.320,3.32,5000
2020-08-27 09:44:56.610,3.32,1000
2020-08-27 09:44:58.160,3.32,28400
2020-08-27 09:44:58.160,3.32,50000
2020-08-27 09:44:58.160,3.32,3000
2020-08-27 09:44:58.160,3.32,818600
2020-08-27 09:44:58.430,3.32,2300
2020-08-27 09:44:58.690,3.319,10000
2020-08-27 09:44:58.990,3.319,300000
2020-08-27 09:44:59.140,3.32,50000
2020-08-27 09:44:59.700,3.319,19600
2020-08-27 09:45:00.420,3.319,10000
2020-08-27 09:45:00.580,3.32,10000
2020-08-27 09:45:01.630,3.319,30000
2020-08-27 09:45:01.630,3.319,10000
2020-08-27 09:45:02.030,3.319,30000
2020-08-27 09:45:02.140,3.319,300
2020-08-27 09:45:02.840,3.319,1500
2020-08-27 09:45:03.000,3.32,5000
2020-08-27 09:45:03.200,3.32,10000
2020-08-27 09:45:03.650,3.319,30000
2020-08-27 09:45:04.450,3.319,6300
2020-08-27 09:45:04.660,3.319,10000
2020-08-27 09:45:04.660,3.319,25900
2020-08-27 09:45:04.750,3.319,83700
2020-08-27 09:45:04.750,3.319,1100
2020-08-27 09:45:04.750,3.319,3000
2020-08-27 09:45:04.750,3.319,100
2020-08-27 09:45:04.750,3.319,3200
2020-08-27 09:45:05.040,3.318,1500
2020-08-27 09:45:05.040,3.318,100
2020-08-27 09:45:05.040,3.318,200
2020-08-27 09:45:05.040,3.318,100
2020-08-27 09:45:05.040,3.318,10000
2020-08-27 09:45:05.040,3.318,300
2020-08-27 09:45:05.040,3.318,6500
2020-08-27 09:45:05.040,3.318,100000
2020-08-27 09:45:05.040,3.318,6000
2020-08-27 09:45:05.040,3.318,1000
2020-08-27 09:45:05.040,3.318,1000
2020-08-27 09:45:05.040,3.318,5000
2020-08-27 09:45:05.040,3.318,300
2020-08-27 09:45:05.040,3.318,3200
2020-08-27 09:45:05.040,3.318,1600
2020-08-27 09:45:05.040,3.318,10000
2020-08-27 09:45:05.040,3.318,10000
2020-08-27 09:45:05.040,3.318,5000
2020-08-27 09:45:05.040,3.318,2000
2020-08-27 09:45:05.040,3.318,200
2020-08-27 09:45:05.040,3.318,800
2020-08-27 09:45:05.040,3.318,1300
2020-08-27 09:45:05.040,3.318,100
2020-08-27 09:45:05.040,3.318,5000
2020-08-27 09:45:05.040,3.318,1000
2020-08-27 09:45:05.040,3.318,200
2020-08-27 09:45:05.040,3.318,1000
2020-08-27 09:45:05.040,3.318,126600
2020-08-27 09:45:05.040,3.318,300000
2020-08-27 09:45:05.040,3.318,300000
2020-08-27 09:45:05.570,3.319,5000
2020-08-27 09:45:07.140,3.318,173400
2020-08-27 09:45:07.140,3.318,100
2020-08-27 09:45:07.470,3.317,200
2020-08-27 09:45:07.470,3.317,100
2020-08-27 09:45:07.470,3.317,1000
2020-08-27 09:45:07.470,3.317,6500
2020-08-27 09:45:07.470,3.317,100
2020-08-27 09:45:07.470,3.317,100
2020-08-27 09:45:07.470,3.317,500
2020-08-27 09:45:07.470,3.317,8300
2020-08-27 09:45:07.470,3.317,300
2020-08-27 09:45:07.470,3.317,10000
2020-08-27 09:45:07.470,3.317,600
2020-08-27 09:45:07.470,3.317,1100
2020-08-27 09:45:07.470,3.317,300
2020-08-27 09:45:07.470,3.317,4000
2020-08-27 09:45:07.470,3.317,300
2020-08-27 09:45:07.470,3.317,93000
2020-08-27 09:45:07.530,3.317,3000
2020-08-27 09:45:07.620,3.317,100
2020-08-27 09:45:07.820,3.317,300
2020-08-27 09:45:08.080,3.317,300
2020-08-27 09:45:11.330,3.317,2600
2020-08-27 09:45:12.010,3.317,100
2020-08-27 09:45:12.100,3.317,167200
2020-08-27 09:45:12.100,3.317,300000
2020-08-27 09:45:12.780,3.318,2700
2020-08-27 09:45:13.020,3.317,50000
2020-08-27 09:45:13.480,3.317,18000
2020-08-27 09:45:13.860,3.317,364800
2020-08-27 09:45:13.860,3.317,25200
2020-08-27 09:45:14.460,3.317,100
2020-08-27 09:45:14.480,3.317,100
2020-08-27 09:45:14.480,3.317,100
2020-08-27 09:45:14.480,3.317,100
2020-08-27 09:45:14.480,3.317,100
2020-08-27 09:45:14.480,3.317,100
2020-08-27 09:45:14.480,3.317,100
2020-08-27 09:45:14.480,3.317,100
2020-08-27 09:45:14.480,3.317,100
2020-08-27 09:45:14.510,3.317,100
2020-08-27 09:45:14.510,3.317,100
2020-08-27 09:45:14.510,3.317,100
2020-08-27 09:45:14.510,3.317,100
2020-08-27 09:45:14.510,3.317,100
2020-08-27 09:45:14.510,3.317,100
2020-08-27 09:45:14.510,3.317,100
2020-08-27 09:45:14.640,3.317,100
2020-08-27 09:45:14.660,3.317,10000
2020-08-27 09:45:14.700,3.317,100
2020-08-27 09:45:14.700,3.317,100
2020-08-27 09:45:14.700,3.317,100
2020-08-27 09:45:14.700,3.317,100
2020-08-27 09:45:14.700,3.317,100
2020-08-27 09:45:14.730,3.317,100
2020-08-27 09:45:14.730,3.317,100
2020-08-27 09:45:14.730,3.317,100
2020-08-27 09:45:14.730,3.317,100
2020-08-27 09:45:14.730,3.317,100
2020-08-27 09:45:14.730,3.317,100
2020-08-27 09:45:14.730,3.317,100
2020-08-27 09:45:14.730,3.317,100
2020-08-27 09:45:14.730,3.317,100
2020-08-27 09:45:14.820,3.317,100
2020-08-27 09:45:14.820,3.317,100
2020-08-27 09:45:14.820,3.317,100
2020-08-27 09:45:14.820,3.317,100
2020-08-27 09:45:14.820,3.317,100
2020-08-27 09:45:14.820,3.317,100
2020-08-27 09:45:14.820,3.317,100
2020-08-27 09:45:14.820,3.317,100
2020-08-27 09:45:14.820,3.317,100
2020-08-27 09:45:14.820,3.317,100
2020-08-27 09:45:14.820,3.317,100
2020-08-27 09:45:14.870,3.317,100
2020-08-27 09:45:14.870,3.317,100
2020-08-27 09:45:14.870,3.317,100
2020-08-27 09:45:14.870,3.317,100
2020-08-27 09:45:14.870,3.317,100
2020-08-27 09:45:14.870,3.317,100
2020-08-27 09:45:14.870,3.317,100
2020-08-27 09:45:14.870,3.317,100
2020-08-27 09:45:14.870,3.317,100
2020-08-27 09:45:14.870,3.317,100
2020-08-27 09:45:14.870,3.317,100
2020-08-27 09:45:14.870,3.317,100
2020-08-27 09:45:14.870,3.317,100
2020-08-27 09:45:14.870,3.317,100
2020-08-27 09:45:14.870,3.317,100
2020-08-27 09:45:14.870,3.317,100
2020-08-27 09:45:14.870,3.317,100
2020-08-27 09:45:14.960,3.317,100
2020-08-27 09:45:14.960,3.317,100
2020-08-27 09:45:14.960,3.317,100
2020-08-27 09:45:14.960,3.317,100
2020-08-27 09:45:14.960,3.317,100
2020-08-27 09:45:14.990,3.317,100
2020-08-27 09:45:14.990,3.317,100
2020-08-27 09:45:14.990,3.317,100
2020-08-27 09:45:14.990,3.317,100
2020-08-27 09:45:14.990,3.317,100
2020-08-27 09:45:14.990,3.317,100
2020-08-27 09:45:14.990,3.317,100
2020-08-27 09:45:14.990,3.317,100
2020-08-27 09:45:15.050,3.317,100
2020-08-27 09:45:15.050,3.317,100
2020-08-27 09:45:15.050,3.317,100
2020-08-27 09:45:15.050,3.317,100
2020-08-27 09:45:15.050,3.317,100
2020-08-27 09:45:15.080,3.317,100
2020-08-27 09:45:15.080,3.317,100
2020-08-27 09:45:15.080,3.317,100
2020-08-27 09:45:15.080,3.317,100
2020-08-27 09:45:15.080,3.317,100
2020-08-27 09:45:15.150,3.317,100
2020-08-27 09:45:15.150,3.317,100
2020-08-27 09:45:15.150,3.317,100
2020-08-27 09:45:15.150,3.317,100
2020-08-27 09:45:15.150,3.317,100
2020-08-27 09:45:15.170,3.317,100
2020-08-27 09:45:15.170,3.317,100
2020-08-27 09:45:15.170,3.317,100
2020-08-27 09:45:15.170,3.317,100
2020-08-27 09:45:15.170,3.317,100
2020-08-27 09:45:15.240,3.317,100
2020-08-27 09:45:15.240,3.317,100
2020-08-27 09:45:15.240,3.317,100
2020-08-27 09:45:15.240,3.317,100
2020-08-27 09:45:15.240,3.317,100
2020-08-27 09:45:15.240,3.317,100
2020-08-27 09:45:15.270,3.317,100
2020-08-27 09:45:15.270,3.317,100
2020-08-27 09:45:15.570,3.317,300000
2020-08-27 09:45:15.570,3.317,254800
2020-08-27 09:45:15.570,3.317,45200
2020-08-27 09:45:16.330,3.317,30000
2020-08-27 09:45:16.950,3.317,100
2020-08-27 09:45:16.950,3.317,100
2020-08-27 09:45:16.950,3.317,100
2020-08-27 09:45:16.950,3.317,100
2020-08-27 09:45:16.950,3.317,100
2020-08-27 09:45:16.950,3.317,100
2020-08-27 09:45:16.950,3.317,100
2020-08-27 09:45:17.010,3.317,100
2020-08-27 09:45:17.010,3.317,100
2020-08-27 09:45:17.010,3.317,100
2020-08-27 09:45:17.010,3.317,100
2020-08-27 09:45:17.100,3.317,100
2020-08-27 09:45:17.100,3.317,100
2020-08-27 09:45:17.100,3.317,100
2020-08-27 09:45:17.100,3.317,100
2020-08-27 09:45:17.160,3.317,100
2020-08-27 09:45:17.160,3.317,100
2020-08-27 09:45:17.160,3.317,100
2020-08-27 09:45:17.160,3.317,100
2020-08-27 09:45:17.260,3.317,100
2020-08-27 09:45:17.260,3.317,100
2020-08-27 09:45:17.260,3.317,100
2020-08-27 09:45:17.260,3.317,100
2020-08-27 09:45:17.260,3.317,100
2020-08-27 09:45:17.260,3.317,100
2020-08-27 09:45:17.260,3.317,100
2020-08-27 09:45:17.260,3.317,100
2020-08-27 09:45:17.260,3.317,100
2020-08-27 09:45:17.260,3.317,100
2020-08-27 09:45:17.260,3.317,100
2020-08-27 09:45:17.260,3.317,100
2020-08-27 09:45:17.260,3.317,100
2020-08-27 09:45:17.260,3.317,100
2020-08-27 09:45:17.260,3.317,100
2020-08-27 09:45:17.260,3.317,100
2020-08-27 09:45:17.260,3.317,100
2020-08-27 09:45:17.260,3.317,100
2020-08-27 09:45:17.260,3.317,100
2020-08-27 09:45:17.260,3.317,100
2020-08-27 09:45:17.260,3.317,100
2020-08-27 09:45:17.320,3.317,100
2020-08-27 09:45:17.320,3.317,100
2020-08-27 09:45:17.320,3.317,100
2020-08-27 09:45:17.320,3.317,100
2020-08-27 09:45:17.320,3.317,100
2020-08-27 09:45:17.320,3.317,100
2020-08-27 09:45:17.320,3.317,100
2020-08-27 09:45:17.320,3.317,100
2020-08-27 09:45:17.320,3.317,100
2020-08-27 09:45:17.320,3.317,100
2020-08-27 09:45:17.320,3.317,100
2020-08-27 09:45:17.320,3.317,100
2020-08-27 09:45:17.320,3.317,100
2020-08-27 09:45:17.320,3.317,100
2020-08-27 09:45:17.320,3.317,100
2020-08-27 09:45:17.380,3.317,100
2020-08-27 09:45:17.380,3.317,100
2020-08-27 09:45:17.380,3.317,100
2020-08-27 09:45:17.380,3.317,100
2020-08-27 09:45:17.380,3.317,100
2020-08-27 09:45:17.380,3.317,100
2020-08-27 09:45:17.440,3.317,100
2020-08-27 09:45:17.440,3.317,100
2020-08-27 09:45:17.440,3.317,100
2020-08-27 09:45:17.440,3.317,100
2020-08-27 09:45:17.440,3.317,100
2020-08-27 09:45:17.440,3.317,100
2020-08-27 09:45:17.440,3.317,100
2020-08-27 09:45:17.500,3.317,100
2020-08-27 09:45:17.500,3.317,100
2020-08-27 09:45:17.500,3.317,100
2020-08-27 09:45:17.500,3.317,100
2020-08-27 09:45:17.500,3.317,100
2020-08-27 09:45:17.500,3.317,100
2020-08-27 09:45:17.500,3.317,100
2020-08-27 09:45:17.500,3.317,100
2020-08-27 09:45:17.500,3.317,100
2020-08-27 09:45:17.500,3.317,100
2020-08-27 09:45:17.500,3.317,100
2020-08-27 09:45:17.500,3.317,100
2020-08-27 09:45:17.500,3.317,100
2020-08-27 09:45:17.500,3.317,100
2020-08-27 09:45:17.500,3.317,100
2020-08-27 09:45:17.500,3.317,100
2020-08-27 09:45:17.500,3.317,100
2020-08-27 09:45:17.500,3.317,100
2020-08-27 09:45:17.500,3.317,100
2020-08-27 09:45:17.500,3.317,100
2020-08-27 09:45:17.500,3.317,100
2020-08-27 09:45:17.500,3.317,100
2020-08-27 09:45:17.620,3.317,100
2020-08-27 09:45:17.620,3.317,100
2020-08-27 09:45:17.620,3.317,100
2020-08-27 09:45:17.620,3.317,100
2020-08-27 09:45:17.620,3.317,100
2020-08-27 09:45:17.620,3.317,100
2020-08-27 09:45:17.620,3.317,100
2020-08-27 09:45:17.680,3.317,100
2020-08-27 09:45:17.680,3.317,100
2020-08-27 09:45:17.960,3.317,100
2020-08-27 09:45:18.510,3.317,20000
2020-08-27 09:45:18.690,3.317,30000
2020-08-27 09:45:19.420,3.317,400
2020-08-27 09:45:19.450,3.318,3000
2020-08-27 09:45:19.510,3.317,7700
2020-08-27 09:45:19.980,3.317,14000
2020-08-27 09:45:20.460,3.318,24300
2020-08-27 09:45:20.460,3.318,700
2020-08-27 09:45:20.580,3.318,2000
2020-08-27 09:45:21.550,3.317,30000
2020-08-27 09:45:24.590,3.317,30000
2020-08-27 09:45:25.170,3.317,2000
2020-08-27 09:45:25.840,3.318,100
2020-08-27 09:45:26.360,3.317,120000
2020-08-27 09:45:27.620,3.317,30000
2020-08-27 09:45:29.180,3.318,500
2020-08-27 09:45:29.270,3.318,500
2020-08-27 09:45:29.410,3.317,90000
2020-08-27 09:45:29.440,3.318,500
2020-08-27 09:45:29.650,3.318,1000
2020-08-27 09:45:30.340,3.318,5000
2020-08-27 09:45:30.370,3.317,300
2020-08-27 09:45:30.610,3.317,5900
2020-08-27 09:45:31.400,3.318,5000
2020-08-27 09:45:31.400,3.318,4000
2020-08-27 09:45:32.470,3.317,5000
2020-08-27 09:45:32.860,3.317,60000
2020-08-27 09:45:32.970,3.317,26300
2020-08-27 09:45:33.520,3.317,500
2020-08-27 09:45:35.270,3.317,40100
2020-08-27 09:45:35.730,3.318,100
2020-08-27 09:45:36.140,3.318,100
2020-08-27 09:45:36.410,3.317,90000
2020-08-27 09:45:36.810,3.318,5000
2020-08-27 09:45:38.190,3.318,4000
2020-08-27 09:45:38.440,3.318,2500
2020-08-27 09:45:38.850,3.317,90000
2020-08-27 09:45:42.580,3.318,200
2020-08-27 09:45:42.580,3.317,3000
2020-08-27 09:45:43.370,3.318,20000
2020-08-27 09:45:46.720,3.318,30000
2020-08-27 09:45:47.170,3.318,10000
2020-08-27 09:45:49.030,3.318,5000
2020-08-27 09:45:49.620,3.318,3800
2020-08-27 09:45:49.890,3.318,1000
2020-08-27 09:45:50.420,3.317,9900
2020-08-27 09:45:50.840,3.318,1000
2020-08-27 09:45:50.930,3.317,100
2020-08-27 09:45:53.640,3.317,10000
2020-08-27 09:45:54.090,3.318,17800
2020-08-27 09:45:54.330,3.317,20000
2020-08-27 09:45:55.100,3.318,600
2020-08-27 09:45:55.920,3.318,48900
2020-08-27 09:45:55.920,3.318,1100
2020-08-27 09:45:56.090,3.317,78700
2020-08-27 09:45:56.960,3.317,200
2020-08-27 09:45:58.050,3.318,2000
2020-08-27 09:45:58.670,3.317,700
2020-08-27 09:45:58.670,3.317,1000
2020-08-27 09:45:58.670,3.317,100
2020-08-27 09:45:58.670,3.317,100
2020-08-27 09:45:58.670,3.317,3000
2020-08-27 09:45:58.960,3.317,12000
2020-08-27 09:45:58.960,3.317,3000
2020-08-27 09:45:58.960,3.317,700
2020-08-27 09:45:58.960,3.317,10000
2020-08-27 09:45:58.960,3.317,500
2020-08-27 09:45:58.960,3.317,4300
2020-08-27 09:45:58.960,3.317,200
2020-08-27 09:45:59.970,3.318,200
2020-08-27 09:45:59.970,3.318,800
2020-08-27 09:46:02.100,3.318,1500
2020-08-27 09:46:02.380,3.318,2300
2020-08-27 09:46:02.380,3.318,7700
2020-08-27 09:46:04.250,3.318,82300
2020-08-27 09:46:08.020,3.318,45000
2020-08-27 09:46:08.250,3.318,6000
2020-08-27 09:46:08.660,3.318,10600
2020-08-27 09:46:09.600,3.318,6500
2020-08-27 09:46:11.590,3.319,12500
2020-08-27 09:46:12.630,3.319,5000
2020-08-27 09:46:13.340,3.319,1400
2020-08-27 09:46:14.880,3.319,1000
2020-08-27 09:46:14.900,3.319,100
2020-08-27 09:46:15.360,3.319,73000
2020-08-27 09:46:15.360,3.319,500
2020-08-27 09:46:15.360,3.319,50000
2020-08-27 09:46:15.360,3.319,10000
2020-08-27 09:46:15.360,3.319,300
2020-08-27 09:46:16.750,3.319,10000
2020-08-27 09:46:22.970,3.32,104100
2020-08-27 09:46:22.970,3.32,32600
2020-08-27 09:46:24.330,3.319,10000
2020-08-27 09:46:26.180,3.319,13300
2020-08-27 09:46:27.120,3.319,2000
2020-08-27 09:46:27.380,3.319,5000
2020-08-27 09:46:28.390,3.32,197400
2020-08-27 09:46:28.390,3.32,1000
2020-08-27 09:46:28.390,3.32,300
2020-08-27 09:46:28.390,3.32,15000
2020-08-27 09:46:28.390,3.32,45000
2020-08-27 09:46:28.390,3.32,10000
2020-08-27 09:46:28.530,3.32,13800
2020-08-27 09:46:31.110,3.32,30000
2020-08-27 09:46:31.830,3.32,1100
2020-08-27 09:46:34.690,3.321,800
2020-08-27 09:46:35.310,3.32,300
2020-08-27 09:46:35.480,3.32,2900
2020-08-27 09:46:36.130,3.32,10000
2020-08-27 09:46:37.260,3.32,300000
2020-08-27 09:46:37.780,3.32,40000
2020-08-27 09:46:39.610,3.321,1500
2020-08-27 09:46:42.700,3.321,100
2020-08-27 09:46:44.830,3.321,2700
2020-08-27 09:46:44.910,3.321,4000
2020-08-27 09:46:46.460,3.321,30000
2020-08-27 09:46:47.200,3.321,1000
2020-08-27 09:46:47.220,3.32,2900
2020-08-27 09:46:48.940,3.321,5000
2020-08-27 09:46:49.770,3.32,2000
2020-08-27 09:46:50.130,3.321,500
2020-08-27 09:46:50.460,3.321,2000
2020-08-27 09:46:52.410,3.32,228300
2020-08-27 09:46:52.410,3.32,1000
2020-08-27 09:46:52.410,3.32,10000
2020-08-27 09:46:52.410,3.32,2500
2020-08-27 09:46:52.410,3.32,2000
2020-08-27 09:46:55.480,3.321,50000
2020-08-27 09:46:55.480,3.321,50000
2020-08-27 09:46:55.480,3.321,40000
2020-08-27 09:46:55.480,3.321,20000
2020-08-27 09:46:55.480,3.321,100
2020-08-27 09:46:55.480,3.321,100
2020-08-27 09:46:55.480,3.321,13400
2020-08-27 09:46:59.550,3.32,10000
2020-08-27 09:46:59.550,3.32,500
2020-08-27 09:46:59.550,3.32,10000
2020-08-27 09:47:00.770,3.32,5000
2020-08-27 09:47:00.770,3.32,5000
2020-08-27 09:47:02.480,3.321,20000
2020-08-27 09:47:03.650,3.321,100
2020-08-27 09:47:03.880,3.321,5000
2020-08-27 09:47:04.770,3.32,144300
2020-08-27 09:47:04.770,3.32,3100
2020-08-27 09:47:04.770,3.32,300
2020-08-27 09:47:04.950,3.32,1000
2020-08-27 09:47:06.080,3.319,30000
2020-08-27 09:47:07.310,3.32,40000
2020-08-27 09:47:07.310,3.32,147400
2020-08-27 09:47:07.310,3.32,100000
2020-08-27 09:47:07.550,3.32,50000
2020-08-27 09:47:07.600,3.32,50000
2020-08-27 09:47:07.640,3.32,151300
2020-08-27 09:47:07.820,3.32,271300
2020-08-27 09:47:07.820,3.32,2000
2020-08-27 09:47:08.090,3.32,500
2020-08-27 09:47:09.450,3.32,10000
2020-08-27 09:47:10.610,3.319,600
2020-08-27 09:47:10.610,3.319,5000
2020-08-27 09:47:10.610,3.319,500
2020-08-27 09:47:10.610,3.319,2000
2020-08-27 09:47:10.610,3.319,10000
2020-08-27 09:47:10.610,3.319,10000
2020-08-27 09:47:10.610,3.319,5000
2020-08-27 09:47:10.610,3.319,5000
2020-08-27 09:47:10.610,3.319,2000
2020-08-27 09:47:10.610,3.319,1200
2020-08-27 09:47:10.610,3.319,1000
2020-08-27 09:47:10.610,3.319,500
2020-08-27 09:47:10.610,3.318,1000
2020-08-27 09:47:10.610,3.318,6200
2020-08-27 09:47:11.650,3.319,3000
2020-08-27 09:47:14.990,3.319,37000
2020-08-27 09:47:14.990,3.319,23000
2020-08-27 09:47:15.620,3.319,10000
2020-08-27 09:47:16.510,3.319,300
2020-08-27 09:47:16.510,3.319,3000
2020-08-27 09:47:18.940,3.319,5000
2020-08-27 09:47:20.330,3.319,84300
2020-08-27 09:47:20.330,3.319,40000
2020-08-27 09:47:20.330,3.319,50000
2020-08-27 09:47:20.330,3.319,300
2020-08-27 09:47:21.840,3.319,50000
2020-08-27 09:47:23.060,3.319,161500
2020-08-27 09:47:23.210,3.319,4900
2020-08-27 09:47:23.330,3.319,1200
2020-08-27 09:47:23.510,3.319,10000
2020-08-27 09:47:26.270,3.319,20000
2020-08-27 09:47:27.520,3.319,2000
2020-08-27 09:47:27.810,3.32,5000
2020-08-27 09:47:27.810,3.32,12300
2020-08-27 09:47:29.690,3.32,600
2020-08-27 09:47:33.430,3.319,400
2020-08-27 09:47:33.500,3.32,1000
2020-08-27 09:47:33.500,3.32,1000
2020-08-27 09:47:33.550,3.32,3200
2020-08-27 09:47:34.050,3.319,100
2020-08-27 09:47:35.820,3.32,1000
2020-08-27 09:47:36.780,3.32,2000
2020-08-27 09:47:36.780,3.32,2600
2020-08-27 09:47:37.740,3.319,40000
2020-08-27 09:47:38.780,3.319,10000
2020-08-27 09:47:39.510,3.319,15000
2020-08-27 09:47:39.750,3.319,210300
2020-08-27 09:47:39.750,3.319,200
2020-08-27 09:47:39.750,3.319,2500
2020-08-27 09:47:39.750,3.319,40000
2020-08-27 09:47:39.750,3.319,2000
2020-08-27 09:47:39.750,3.319,11500
2020-08-27 09:47:39.750,3.319,100
2020-08-27 09:47:39.750,3.319,100
2020-08-27 09:47:39.950,3.319,5000
2020-08-27 09:47:40.510,3.318,49000
2020-08-27 09:47:40.690,3.318,17700
2020-08-27 09:47:40.690,3.318,5000
2020-08-27 09:47:40.690,3.318,5000
2020-08-27 09:47:40.690,3.318,600
2020-08-27 09:47:41.370,3.319,1000
2020-08-27 09:47:41.370,3.319,600
2020-08-27 09:47:42.360,3.319,3000
2020-08-27 09:47:42.430,3.319,600
2020-08-27 09:47:44.980,3.318,500
2020-08-27 09:47:45.400,3.319,200
2020-08-27 09:47:45.660,3.318,5000
2020-08-27 09:47:47.190,3.319,100
2020-08-27 09:47:47.650,3.319,600
2020-08-27 09:47:48.250,3.318,100
2020-08-27 09:47:49.000,3.318,3800
2020-08-27 09:47:49.000,3.318,3000
2020-08-27 09:47:49.000,3.318,1100
2020-08-27 09:47:49.000,3.318,200
2020-08-27 09:47:49.000,3.318,3000
2020-08-27 09:47:49.000,3.318,100
2020-08-27 09:47:49.000,3.318,1200
2020-08-27 09:47:49.000,3.318,24100
2020-08-27 09:47:49.000,3.318,6000
2020-08-27 09:47:49.000,3.318,600
2020-08-27 09:47:49.000,3.318,500
2020-08-27 09:47:49.000,3.318,5000
2020-08-27 09:47:50.520,3.318,100
2020-08-27 09:47:52.010,3.318,1400
2020-08-27 09:47:52.010,3.318,200
2020-08-27 09:47:52.010,3.318,3400
2020-08-27 09:47:52.240,3.318,3800
2020-08-27 09:47:53.190,3.318,700
2020-08-27 09:47:53.190,3.318,100
2020-08-27 09:47:54.050,3.318,2000
2020-08-27 09:47:54.730,3.318,3400
2020-08-27 09:47:54.910,3.318,100
2020-08-27 09:47:57.100,3.318,34200
2020-08-27 09:47:57.100,3.318,1100
2020-08-27 09:47:57.240,3.318,1700
2020-08-27 09:48:00.200,3.318,62
2020-08-27 09:48:03.800,3.318,10000
2020-08-27 09:48:05.670,3.318,3900
2020-08-27 09:48:06.150,3.318,5000
2020-08-27 09:48:09.840,3.318,14700
2020-08-27 09:48:10.990,3.318,10000
2020-08-27 09:48:13.110,3.319,1100
2020-08-27 09:48:13.110,3.319,900
2020-08-27 09:48:14.460,3.318,2500
2020-08-27 09:48:14.460,3.318,200
2020-08-27 09:48:14.460,3.318,1200
2020-08-27 09:48:14.460,3.318,500
2020-08-27 09:48:14.460,3.318,5000
2020-08-27 09:48:14.460,3.318,5000
2020-08-27 09:48:14.460,3.318,3000
2020-08-27 09:48:16.810,3.318,1000
2020-08-27 09:48:17.750,3.318,2000
2020-08-27 09:48:18.280,3.317,300
2020-08-27 09:48:20.450,3.318,500
2020-08-27 09:48:20.880,3.317,4500
2020-08-27 09:48:20.880,3.317,800
2020-08-27 09:48:21.900,3.317,4200
2020-08-27 09:48:21.900,3.317,200
2020-08-27 09:48:21.900,3.317,100
2020-08-27 09:48:21.900,3.317,100
2020-08-27 09:48:21.900,3.317,200
2020-08-27 09:48:21.900,3.317,5000
2020-08-27 09:48:21.900,3.317,5000
2020-08-27 09:48:21.900,3.317,1000
2020-08-27 09:48:21.900,3.317,1000
2020-08-27 09:48:21.900,3.317,1000
2020-08-27 09:48:21.900,3.317,50000
2020-08-27 09:48:21.900,3.317,8000
2020-08-27 09:48:21.900,3.317,20000
2020-08-27 09:48:21.900,3.317,200
2020-08-27 09:48:21.900,3.317,800
2020-08-27 09:48:21.900,3.317,3000
2020-08-27 09:48:21.900,3.317,5000
2020-08-27 09:48:21.900,3.317,200
2020-08-27 09:48:21.900,3.317,200
2020-08-27 09:48:21.900,3.317,3000
2020-08-27 09:48:21.900,3.317,1300
2020-08-27 09:48:21.900,3.317,200
2020-08-27 09:48:21.900,3.317,200
2020-08-27 09:48:21.900,3.317,3000
2020-08-27 09:48:21.900,3.317,500
2020-08-27 09:48:21.900,3.317,10000
2020-08-27 09:48:21.900,3.317,3000
2020-08-27 09:48:21.900,3.317,20200
2020-08-27 09:48:21.900,3.317,10000
2020-08-27 09:48:21.900,3.317,4000
2020-08-27 09:48:21.900,3.317,800
2020-08-27 09:48:21.900,3.317,1000
2020-08-27 09:48:21.900,3.317,3000
2020-08-27 09:48:21.900,3.317,900
2020-08-27 09:48:21.900,3.317,900
2020-08-27 09:48:21.900,3.317,2800
2020-08-27 09:48:21.900,3.317,10500
2020-08-27 09:48:21.900,3.317,500
2020-08-27 09:48:21.900,3.317,5000
2020-08-27 09:48:21.900,3.317,3000
2020-08-27 09:48:22.390,3.318,200
2020-08-27 09:48:23.870,3.317,100
2020-08-27 09:48:27.550,3.317,100
2020-08-27 09:48:30.710,3.316,200
2020-08-27 09:48:31.270,3.316,200
2020-08-27 09:48:31.270,3.316,9800
2020-08-27 09:48:31.720,3.317,300
2020-08-27 09:48:31.780,3.317,4500
2020-08-27 09:48:31.780,3.317,25500
2020-08-27 09:48:34.710,3.317,800
2020-08-27 09:48:34.980,3.317,100
2020-08-27 09:48:35.270,3.317,100
2020-08-27 09:48:36.700,3.317,200
2020-08-27 09:48:37.300,3.317,1600
2020-08-27 09:48:37.820,3.317,300
2020-08-27 09:48:38.070,3.317,7000
2020-08-27 09:48:40.990,3.316,200
2020-08-27 09:48:40.990,3.316,100
2020-08-27 09:48:40.990,3.316,1000
2020-08-27 09:48:40.990,3.316,1000
2020-08-27 09:48:40.990,3.316,5000
2020-08-27 09:48:40.990,3.316,1000
2020-08-27 09:48:40.990,3.316,2000
2020-08-27 09:48:40.990,3.316,6500
2020-08-27 09:48:40.990,3.316,5300
2020-08-27 09:48:40.990,3.316,1000
2020-08-27 09:48:40.990,3.316,100
2020-08-27 09:48:40.990,3.316,7800
2020-08-27 09:48:41.170,3.316,5000
2020-08-27 09:48:41.550,3.316,1000
2020-08-27 09:48:44.540,3.316,1100
2020-08-27 09:48:45.910,3.317,153400
2020-08-27 09:48:45.910,3.317,46600
2020-08-27 09:48:45.940,3.317,1000
2020-08-27 09:48:46.110,3.316,2500
2020-08-27 09:48:46.110,3.316,800
2020-08-27 09:48:46.110,3.316,3000
2020-08-27 09:48:46.110,3.316,200
2020-08-27 09:48:46.110,3.316,300
2020-08-27 09:48:46.110,3.316,500
2020-08-27 09:48:46.110,3.316,500
2020-08-27 09:48:46.110,3.316,300
2020-08-27 09:48:46.110,3.316,500
2020-08-27 09:48:46.110,3.316,200
2020-08-27 09:48:46.110,3.316,200
2020-08-27 09:48:46.110,3.316,600
2020-08-27 09:48:47.630,3.317,10000
2020-08-27 09:48:47.630,3.317,2000
2020-08-27 09:48:47.630,3.317,100
2020-08-27 09:48:47.630,3.317,20000
2020-08-27 09:48:47.630,3.317,3000
2020-08-27 09:48:49.220,3.317,3300
2020-08-27 09:48:51.120,3.317,11600
2020-08-27 09:48:51.120,3.317,5000
2020-08-27 09:48:51.120,3.316,1400
2020-08-27 09:48:51.120,3.316,5000
2020-08-27 09:48:51.120,3.316,800
2020-08-27 09:48:51.120,3.316,500
2020-08-27 09:48:51.120,3.316,100
2020-08-27 09:48:51.120,3.316,2400
2020-08-27 09:48:54.540,3.317,200
2020-08-27 09:48:56.790,3.317,1300
2020-08-27 09:48:56.790,3.317,8700
2020-08-27 09:48:59.100,3.316,600
2020-08-27 09:48:59.100,3.316,1000
2020-08-27 09:48:59.100,3.316,5000
2020-08-27 09:48:59.100,3.316,5000
2020-08-27 09:48:59.100,3.316,300
2020-08-27 09:48:59.100,3.316,100
2020-08-27 09:48:59.100,3.316,5000
2020-08-27 09:48:59.100,3.316,10000
2020-08-27 09:48:59.100,3.316,300
2020-08-27 09:48:59.100,3.316,10000
2020-08-27 09:48:59.100,3.316,50000
2020-08-27 09:48:59.100,3.316,3000
2020-08-27 09:48:59.100,3.316,100
2020-08-27 09:48:59.100,3.316,10000
2020-08-27 09:48:59.100,3.316,1000
2020-08-27 09:48:59.100,3.316,10000
2020-08-27 09:48:59.100,3.316,20000
2020-08-27 09:48:59.100,3.316,1000
2020-08-27 09:48:59.100,3.316,3000
2020-08-27 09:48:59.100,3.316,2200
2020-08-27 09:48:59.100,3.316,100
2020-08-27 09:48:59.100,3.316,500
2020-08-27 09:48:59.100,3.316,20000
2020-08-27 09:48:59.100,3.316,7000
2020-08-27 09:48:59.100,3.316,20000
2020-08-27 09:48:59.100,3.316,4000
2020-08-27 09:48:59.100,3.316,2000
2020-08-27 09:48:59.100,3.316,58800
2020-08-27 09:48:59.250,3.317,200
2020-08-27 09:49:01.550,3.316,68600
2020-08-27 09:49:02.160,3.316,3000
2020-08-27 09:49:02.970,3.317,200
2020-08-27 09:49:03.830,3.317,600
2020-08-27 09:49:05.780,3.317,13500
2020-08-27 09:49:05.780,3.317,600
2020-08-27 09:49:06.090,3.316,200000
2020-08-27 09:49:06.300,3.317,900
2020-08-27 09:49:08.680,3.317,36900
2020-08-27 09:49:08.740,3.317,12200
2020-08-27 09:49:08.740,3.317,5700
2020-08-27 09:49:10.410,3.317,1600
2020-08-27 09:49:12.800,3.316,47400
2020-08-27 09:49:13.100,3.316,2000
2020-08-27 09:49:13.100,3.317,5000
2020-08-27 09:49:13.730,3.317,500
2020-08-27 09:49:13.730,3.317,1500
2020-08-27 09:49:14.420,3.317,2000
2020-08-27 09:49:15.210,3.317,6500
2020-08-27 09:49:15.210,3.317,1500
2020-08-27 09:49:15.920,3.318,600
2020-08-27 09:49:15.920,3.318,1900
2020-08-27 09:49:16.460,3.317,100
2020-08-27 09:49:16.460,3.316,4900
2020-08-27 09:49:18.270,3.318,100
2020-08-27 09:49:18.270,3.318,5300
2020-08-27 09:49:18.270,3.318,500
2020-08-27 09:49:22.110,3.317,7
2020-08-27 09:49:23.650,3.318,1000
2020-08-27 09:49:25.280,3.319,100
2020-08-27 09:49:26.230,3.319,400
2020-08-27 09:49:26.230,3.318,400
2020-08-27 09:49:29.250,3.318,300
2020-08-27 09:49:29.250,3.318,100
2020-08-27 09:49:29.280,3.318,400
2020-08-27 09:49:29.280,3.318,2400
2020-08-27 09:49:32.270,3.319,100
2020-08-27 09:49:32.270,3.318,300
2020-08-27 09:49:36.330,3.318,100
2020-08-27 09:49:40.360,3.318,7200
2020-08-27 09:49:40.360,3.318,100
2020-08-27 09:49:40.360,3.318,200
2020-08-27 09:49:41.370,3.32,1000
2020-08-27 09:49:42.190,3.318,900
2020-08-27 09:49:49.090,3.319,200
2020-08-27 09:49:49.720,3.32,100
2020-08-27 09:49:49.720,3.32,4900
2020-08-27 09:49:51.220,3.319,1000
2020-08-27 09:49:51.530,3.319,4800
2020-08-27 09:49:51.530,3.319,10000
2020-08-27 09:49:51.530,3.319,5000
2020-08-27 09:49:51.530,3.319,200
2020-08-27 09:49:52.020,3.32,500
2020-08-27 09:49:52.410,3.319,1800
2020-08-27 09:49:52.410,3.319,200
2020-08-27 09:49:52.970,3.319,10000
2020-08-27 09:49:53.210,3.319,6000
2020-08-27 09:49:54.660,3.319,22000
2020-08-27 09:49:55.560,3.319,200
2020-08-27 09:49:55.880,3.319,10000
2020-08-27 09:49:57.120,3.319,40000
2020-08-27 09:49:57.700,3.319,9900
2020-08-27 09:50:00.000,3.319,40000
2020-08-27 09:50:00.670,3.32,100
2020-08-27 09:50:02.720,3.319,40000
2020-08-27 09:50:04.340,3.32,200
2020-08-27 09:50:05.650,3.319,300000
2020-08-27 09:50:05.770,3.32,3000
2020-08-27 09:50:05.920,3.319,40000
2020-08-27 09:50:06.570,3.319,300000
2020-08-27 09:50:07.580,3.32,1000
2020-08-27 09:50:07.850,3.319,177900
2020-08-27 09:50:07.850,3.319,3000
2020-08-27 09:50:08.590,3.319,300
2020-08-27 09:50:12.430,3.318,17700
2020-08-27 09:50:12.430,3.318,100
2020-08-27 09:50:12.430,3.318,100
2020-08-27 09:50:12.430,3.318,700
2020-08-27 09:50:12.430,3.318,1400
2020-08-27 09:50:12.560,3.319,3000
2020-08-27 09:50:12.880,3.318,8600
2020-08-27 09:50:12.880,3.318,1000
2020-08-27 09:50:12.880,3.318,5000
2020-08-27 09:50:12.880,3.318,14900
2020-08-27 09:50:12.880,3.318,200
2020-08-27 09:50:13.750,3.318,1800
2020-08-27 09:50:13.750,3.318,1000
2020-08-27 09:50:13.750,3.318,400
2020-08-27 09:50:13.750,3.318,36800
2020-08-27 09:50:13.970,3.319,5000
2020-08-27 09:50:14.060,3.319,5000
2020-08-27 09:50:15.670,3.318,63200
2020-08-27 09:50:15.670,3.318,200
2020-08-27 09:50:15.670,3.318,500
2020-08-27 09:50:15.670,3.318,400
2020-08-27 09:50:15.670,3.318,10000
2020-08-27 09:50:15.670,3.318,10000
2020-08-27 09:50:15.670,3.318,5000
2020-08-27 09:50:15.670,3.318,10000
2020-08-27 09:50:15.670,3.318,400
2020-08-27 09:50:15.880,3.318,800
2020-08-27 09:50:16.270,3.317,10000
2020-08-27 09:50:16.270,3.317,10000
2020-08-27 09:50:16.270,3.317,3500
2020-08-27 09:50:16.270,3.317,100
2020-08-27 09:50:16.270,3.317,3000
2020-08-27 09:50:16.270,3.317,200
2020-08-27 09:50:16.270,3.317,1000
2020-08-27 09:50:16.270,3.317,100
2020-08-27 09:50:16.270,3.317,500
2020-08-27 09:50:19.160,3.317,10000
2020-08-27 09:50:19.600,3.317,1600
2020-08-27 09:50:19.600,3.317,4400
2020-08-27 09:50:21.650,3.317,6000
2020-08-27 09:50:23.810,3.317,500
2020-08-27 09:50:24.040,3.317,6000
2020-08-27 09:50:24.840,3.318,400
2020-08-27 09:50:26.050,3.316,1100
2020-08-27 09:50:27.880,3.317,12000
2020-08-27 09:50:28.350,3.316,2800
2020-08-27 09:50:32.580,3.317,300
2020-08-27 09:50:36.160,3.316,700
2020-08-27 09:50:36.820,3.316,26800
2020-08-27 09:50:37.580,3.317,5000
2020-08-27 09:50:38.010,3.317,1000
2020-08-27 09:50:39.750,3.316,1100
2020-08-27 09:50:39.830,3.316,200
2020-08-27 09:50:41.640,3.316,1400
2020-08-27 09:50:41.760,3.316,10000
2020-08-27 09:50:41.850,3.316,20000
2020-08-27 09:50:42.380,3.317,3200
2020-08-27 09:50:42.380,3.317,21400
2020-08-27 09:50:43.800,3.316,40000
2020-08-27 09:50:44.870,3.317,100
2020-08-27 09:50:44.900,3.316,7500
2020-08-27 09:50:45.840,3.317,20000
2020-08-27 09:50:45.950,3.316,3700
2020-08-27 09:50:45.950,3.316,3000
2020-08-27 09:50:45.950,3.316,3000
2020-08-27 09:50:45.950,3.316,10100
2020-08-27 09:50:45.950,3.316,8800
2020-08-27 09:50:46.390,3.316,1000
2020-08-27 09:50:46.390,3.316,5000
2020-08-27 09:50:46.390,3.316,14000
2020-08-27 09:50:46.420,3.317,2500
2020-08-27 09:50:46.540,3.316,16000
2020-08-27 09:50:46.540,3.316,1000
2020-08-27 09:50:46.540,3.316,300
2020-08-27 09:50:46.540,3.316,10000
2020-08-27 09:50:46.540,3.316,10000
2020-08-27 09:50:46.540,3.316,500
2020-08-27 09:50:46.540,3.316,100
2020-08-27 09:50:46.540,3.316,300
2020-08-27 09:50:46.540,3.316,9300
2020-08-27 09:50:46.540,3.316,10000
2020-08-27 09:50:46.540,3.316,3000
2020-08-27 09:50:46.540,3.316,200
2020-08-27 09:50:46.540,3.316,1000
2020-08-27 09:50:46.540,3.316,100
2020-08-27 09:50:46.540,3.316,2000
2020-08-27 09:50:46.540,3.316,2100
2020-08-27 09:50:46.540,3.316,4300
2020-08-27 09:50:46.540,3.316,1800
2020-08-27 09:50:46.540,3.316,27200
2020-08-27 09:50:46.540,3.316,1000
2020-08-27 09:50:46.540,3.316,1000
2020-08-27 09:50:46.540,3.316,200
2020-08-27 09:50:46.540,3.316,2000
2020-08-27 09:50:46.540,3.316,6900
2020-08-27 09:50:46.540,3.316,1000
2020-08-27 09:50:46.540,3.316,100
2020-08-27 09:50:46.540,3.316,100
2020-08-27 09:50:46.540,3.316,5000
2020-08-27 09:50:46.540,3.316,1000
2020-08-27 09:50:46.540,3.316,3000
2020-08-27 09:50:46.540,3.316,1000
2020-08-27 09:50:46.540,3.316,500
2020-08-27 09:50:46.540,3.316,500
2020-08-27 09:50:46.540,3.316,900
2020-08-27 09:50:46.540,3.316,10000
2020-08-27 09:50:46.540,3.316,1000
2020-08-27 09:50:46.660,3.316,6900
2020-08-27 09:50:47.220,3.316,300
2020-08-27 09:50:47.560,3.315,200
2020-08-27 09:50:47.560,3.315,100
2020-08-27 09:50:47.560,3.315,49700
2020-08-27 09:50:47.680,3.315,300000
2020-08-27 09:50:48.460,3.315,20300
2020-08-27 09:50:48.460,3.315,1000
2020-08-27 09:50:48.460,3.315,1000
2020-08-27 09:50:48.460,3.315,1000
2020-08-27 09:50:48.460,3.315,300
2020-08-27 09:50:48.460,3.315,400
2020-08-27 09:50:48.460,3.315,200
2020-08-27 09:50:48.460,3.315,1900
2020-08-27 09:50:48.460,3.315,3500
2020-08-27 09:50:48.460,3.315,10400
2020-08-27 09:50:48.580,3.316,2300
2020-08-27 09:50:48.730,3.315,29100
2020-08-27 09:50:48.730,3.315,6200
2020-08-27 09:50:48.730,3.315,20000
2020-08-27 09:50:48.730,3.315,700
2020-08-27 09:50:48.730,3.315,100
2020-08-27 09:50:48.730,3.315,3500
2020-08-27 09:50:48.730,3.315,87200
2020-08-27 09:50:48.730,3.315,1000
2020-08-27 09:50:48.730,3.315,6500
2020-08-27 09:50:48.730,3.315,100
2020-08-27 09:50:48.730,3.315,100000
2020-08-27 09:50:48.730,3.315,100
2020-08-27 09:50:48.730,3.315,200
2020-08-27 09:50:48.730,3.315,200
2020-08-27 09:50:48.730,3.315,2000
2020-08-27 09:50:48.730,3.315,500
2020-08-27 09:50:48.730,3.315,200
2020-08-27 09:50:48.730,3.315,300
2020-08-27 09:50:48.730,3.315,10000
2020-08-27 09:50:48.730,3.315,100
2020-08-27 09:50:48.730,3.315,3500
2020-08-27 09:50:48.730,3.315,100
2020-08-27 09:50:48.730,3.315,100
2020-08-27 09:50:48.730,3.315,100
2020-08-27 09:50:48.730,3.315,4000
2020-08-27 09:50:48.730,3.315,500
2020-08-27 09:50:48.730,3.315,1000
2020-08-27 09:50:48.730,3.315,1100
2020-08-27 09:50:48.730,3.315,300
2020-08-27 09:50:48.730,3.315,13000
2020-08-27 09:50:48.730,3.315,8300
2020-08-27 09:50:48.850,3.316,1000
2020-08-27 09:50:49.130,3.315,50000
2020-08-27 09:50:49.270,3.315,20000
2020-08-27 09:50:49.540,3.316,5000
2020-08-27 09:50:49.620,3.316,60000
2020-08-27 09:50:50.370,3.315,300000
2020-08-27 09:50:50.430,3.316,6500
2020-08-27 09:50:50.700,3.315,50000
2020-08-27 09:50:50.880,3.315,571600
2020-08-27 09:50:50.880,3.315,28400
2020-08-27 09:50:51.620,3.315,11600
2020-08-27 09:50:51.620,3.315,28400
2020-08-27 09:50:51.830,3.315,1600
2020-08-27 09:50:51.830,3.315,3000
2020-08-27 09:50:51.830,3.315,500
2020-08-27 09:50:51.830,3.315,400
2020-08-27 09:50:51.830,3.315,5000
2020-08-27 09:50:51.830,3.315,100
2020-08-27 09:50:51.830,3.315,2200
2020-08-27 09:50:51.830,3.315,200
2020-08-27 09:50:51.830,3.315,400
2020-08-27 09:50:51.830,3.315,4000
2020-08-27 09:50:51.830,3.315,100
2020-08-27 09:50:51.830,3.315,2500
2020-08-27 09:50:52.760,3.316,8800
2020-08-27 09:50:53.890,3.316,700
2020-08-27 09:50:54.140,3.315,2500
2020-08-27 09:50:54.140,3.315,5000
2020-08-27 09:50:54.140,3.315,3000
2020-08-27 09:50:54.140,3.315,60000
2020-08-27 09:50:54.140,3.315,7800
2020-08-27 09:50:54.140,3.315,1000
2020-08-27 09:50:54.140,3.315,6100
2020-08-27 09:50:54.140,3.315,43500
2020-08-27 09:50:54.140,3.315,1100
2020-08-27 09:50:54.140,3.315,5000
2020-08-27 09:50:54.140,3.315,10000
2020-08-27 09:50:54.140,3.315,1000
2020-08-27 09:50:54.140,3.315,1000
2020-08-27 09:50:54.140,3.315,600
2020-08-27 09:50:54.140,3.315,300
2020-08-27 09:50:54.140,3.315,800
2020-08-27 09:50:54.140,3.315,10000
2020-08-27 09:50:54.140,3.315,441300
2020-08-27 09:50:54.170,3.315,10000
2020-08-27 09:50:54.320,3.315,40000
2020-08-27 09:50:54.490,3.315,8700
2020-08-27 09:50:54.490,3.315,5000
2020-08-27 09:50:54.490,3.315,600
2020-08-27 09:50:54.490,3.315,5000
2020-08-27 09:50:54.490,3.315,2000
2020-08-27 09:50:54.490,3.315,800
2020-08-27 09:50:54.490,3.315,1000
2020-08-27 09:50:54.490,3.315,900
2020-08-27 09:50:54.490,3.315,100
2020-08-27 09:50:54.490,3.315,5000
2020-08-27 09:50:54.490,3.315,3000
2020-08-27 09:50:54.490,3.315,1000
2020-08-27 09:50:54.490,3.315,10000
2020-08-27 09:50:54.490,3.315,600
2020-08-27 09:50:54.490,3.315,3000
2020-08-27 09:50:54.490,3.315,1000
2020-08-27 09:50:54.490,3.315,2300
2020-08-27 09:50:54.580,3.315,900
2020-08-27 09:50:54.580,3.315,5000
2020-08-27 09:50:54.580,3.315,3000
2020-08-27 09:50:54.580,3.315,1000
2020-08-27 09:50:54.580,3.315,500
2020-08-27 09:50:54.580,3.315,1000
2020-08-27 09:50:54.580,3.315,500
2020-08-27 09:50:56.410,3.315,100
2020-08-27 09:51:01.410,3.315,8200
2020-08-27 09:51:04.210,3.314,200
2020-08-27 09:51:04.210,3.314,1500
2020-08-27 09:51:04.210,3.314,100
2020-08-27 09:51:04.210,3.314,1000
2020-08-27 09:51:04.210,3.314,6500
2020-08-27 09:51:04.210,3.314,300
2020-08-27 09:51:04.210,3.314,1700
2020-08-27 09:51:04.210,3.314,500
2020-08-27 09:51:04.210,3.314,1000
2020-08-27 09:51:04.210,3.314,500
2020-08-27 09:51:04.210,3.314,500
2020-08-27 09:51:04.210,3.314,200
2020-08-27 09:51:04.210,3.314,500
2020-08-27 09:51:04.210,3.314,5000
2020-08-27 09:51:04.210,3.314,5000
2020-08-27 09:51:04.210,3.314,1600
2020-08-27 09:51:04.210,3.314,2400
2020-08-27 09:51:04.210,3.314,1600
2020-08-27 09:51:04.210,3.314,1000
2020-08-27 09:51:04.210,3.314,2000
2020-08-27 09:51:04.210,3.314,1600
2020-08-27 09:51:04.210,3.314,5300
2020-08-27 09:51:05.270,3.315,1000
2020-08-27 09:51:06.940,3.315,300
2020-08-27 09:51:08.830,3.314,40000
2020-08-27 09:51:09.370,3.315,10000
2020-08-27 09:51:12.660,3.314,10000
2020-08-27 09:51:13.780,3.315,5000
2020-08-27 09:51:16.500,3.315,4700
2020-08-27 09:51:18.220,3.314,24600
2020-08-27 09:51:18.760,3.314,25400
2020-08-27 09:51:19.060,3.314,1000
2020-08-27 09:51:20.210,3.315,400
2020-08-27 09:51:20.260,3.315,1000
2020-08-27 09:51:20.370,3.315,5000
2020-08-27 09:51:21.770,3.315,2000
2020-08-27 09:51:22.630,3.315,2400
2020-08-27 09:51:22.630,3.315,600
2020-08-27 09:51:24.340,3.314,11500
2020-08-27 09:51:25.420,3.314,2000
2020-08-27 09:51:26.810,3.315,5000
2020-08-27 09:51:28.590,3.314,1500
2020-08-27 09:51:30.690,3.314,300000
2020-08-27 09:51:32.140,3.314,10000
