Datetime,Price,Volume
2020-08-27 09:25:00.250,4.769,200
2020-08-27 09:25:00.250,4.769,100
2020-08-27 09:25:00.250,4.769,200
2020-08-27 09:25:00.250,4.769,3400
2020-08-27 09:25:00.250,4.769,700
2020-08-27 09:25:00.250,4.769,1000
2020-08-27 09:25:00.250,4.769,100
2020-08-27 09:25:00.250,4.769,1000
2020-08-27 09:25:00.250,4.769,1300
2020-08-27 09:25:00.250,4.769,38700
2020-08-27 09:25:00.250,4.769,37000
2020-08-27 09:25:00.250,4.769,20500
2020-08-27 09:25:00.250,4.769,10000
2020-08-27 09:25:00.250,4.769,1300
2020-08-27 09:25:00.250,4.769,63800
2020-08-27 09:25:00.250,4.769,12800
2020-08-27 09:25:00.250,4.769,1800
2020-08-27 09:25:00.250,4.769,24100
2020-08-27 09:25:00.250,4.769,37700
2020-08-27 09:25:00.250,4.769,144200
2020-08-27 09:25:00.250,4.769,30000
2020-08-27 09:25:00.250,4.769,30000
2020-08-27 09:25:00.250,4.769,85800
2020-08-27 09:25:00.250,4.769,4000
2020-08-27 09:25:00.250,4.769,200
2020-08-27 09:25:00.250,4.769,8600
2020-08-27 09:25:00.250,4.769,25000
2020-08-27 09:25:00.250,4.769,10000
2020-08-27 09:25:00.250,4.769,300
2020-08-27 09:25:00.250,4.769,66100
2020-08-27 09:25:00.250,4.769,2800
2020-08-27 09:25:00.250,4.769,87100
2020-08-27 09:25:00.250,4.769,24200
2020-08-27 09:25:00.250,4.769,3800
2020-08-27 09:25:00.250,4.769,16200
2020-08-27 09:25:00.250,4.769,67800
2020-08-27 09:25:00.250,4.769,31500
2020-08-27 09:25:00.250,4.769,17100
2020-08-27 09:25:00.250,4.769,100
2020-08-27 09:25:00.250,4.769,100
2020-08-27 09:25:00.250,4.769,100
2020-08-27 09:25:00.250,4.769,200
2020-08-27 09:25:00.250,4.769,10000
2020-08-27 09:25:00.250,4.769,3000
2020-08-27 09:25:00.250,4.769,39000
2020-08-27 09:25:00.250,4.769,32700
2020-08-27 09:25:00.250,4.769,19800
2020-08-27 09:25:00.250,4.769,18100
2020-08-27 09:25:00.250,4.769,5000
2020-08-27 09:25:00.250,4.769,1100
2020-08-27 09:25:00.250,4.769,400
2020-08-27 09:25:00.250,4.769,10000
2020-08-27 09:25:00.250,4.769,1000
2020-08-27 09:25:00.250,4.769,1800
2020-08-27 09:25:00.250,4.769,900
2020-08-27 09:25:00.250,4.769,1000
2020-08-27 09:25:00.250,4.769,100
2020-08-27 09:25:00.250,4.769,100
2020-08-27 09:25:00.250,4.769,100
2020-08-27 09:25:00.250,4.769,100
2020-08-27 09:25:00.250,4.769,700
2020-08-27 09:25:00.250,4.769,2000
2020-08-27 09:25:00.250,4.769,1400
2020-08-27 09:25:00.250,4.769,100
2020-08-27 09:25:00.250,4.769,1400
2020-08-27 09:25:00.250,4.769,2000
2020-08-27 09:25:00.250,4.769,300
2020-08-27 09:25:00.250,4.769,100
2020-08-27 09:25:00.250,4.769,200
2020-08-27 09:25:00.250,4.769,400
2020-08-27 09:25:00.250,4.769,100
2020-08-27 09:25:00.250,4.769,200
2020-08-27 09:25:00.250,4.769,100
2020-08-27 09:25:00.250,4.769,200
2020-08-27 09:25:00.250,4.769,500
2020-08-27 09:25:00.250,4.769,200
2020-08-27 09:25:00.250,4.769,300
2020-08-27 09:25:00.250,4.769,200
2020-08-27 09:25:00.250,4.769,100
2020-08-27 09:25:00.250,4.769,6200
2020-08-27 09:25:00.250,4.769,400
2020-08-27 09:25:00.250,4.769,3000
2020-08-27 09:25:00.250,4.769,20000
2020-08-27 09:25:00.250,4.769,100
2020-08-27 09:25:00.250,4.769,300
2020-08-27 09:25:00.250,4.769,100
2020-08-27 09:25:00.250,4.769,300
2020-08-27 09:25:00.250,4.769,200
2020-08-27 09:25:00.250,4.769,100
2020-08-27 09:25:00.250,4.769,2400
2020-08-27 09:25:00.250,4.769,600
2020-08-27 09:25:00.250,4.769,500
2020-08-27 09:25:00.250,4.769,500
2020-08-27 09:25:00.250,4.769,3400
2020-08-27 09:25:00.250,4.769,2200
2020-08-27 09:25:00.250,4.769,100
2020-08-27 09:25:00.250,4.769,1900
2020-08-27 09:25:00.250,4.769,11000
2020-08-27 09:25:00.250,4.769,41000
2020-08-27 09:25:00.250,4.769,500
2020-08-27 09:25:00.250,4.769,172700
2020-08-27 09:25:00.250,4.769,300000
2020-08-27 09:25:00.250,4.769,300000
2020-08-27 09:25:00.250,4.769,300
2020-08-27 09:25:00.250,4.769,5100
2020-08-27 09:25:00.250,4.769,600
2020-08-27 09:25:00.250,4.769,9400
2020-08-27 09:25:00.250,4.769,10000
2020-08-27 09:25:00.250,4.769,12800
2020-08-27 09:25:00.250,4.769,2000
2020-08-27 09:25:00.250,4.769,4400
2020-08-27 09:25:00.250,4.769,2000
2020-08-27 09:25:00.250,4.769,75400
2020-08-27 09:25:00.250,4.769,4000
2020-08-27 09:25:00.250,4.769,200
2020-08-27 09:25:00.250,4.769,300
2020-08-27 09:25:00.250,4.769,100
2020-08-27 09:25:00.250,4.769,300
2020-08-27 09:25:00.250,4.769,100
2020-08-27 09:25:00.250,4.769,100
2020-08-27 09:25:00.250,4.769,200
2020-08-27 09:25:00.250,4.769,100
2020-08-27 09:25:00.250,4.769,200
2020-08-27 09:25:00.250,4.769,100
2020-08-27 09:25:00.250,4.769,5000
2020-08-27 09:25:00.250,4.769,5000
2020-08-27 09:25:00.250,4.769,3200
2020-08-27 09:25:00.250,4.769,13000
2020-08-27 09:25:00.250,4.769,100
2020-08-27 09:25:00.250,4.769,2600
2020-08-27 09:25:00.250,4.769,1000
2020-08-27 09:25:00.250,4.769,100
2020-08-27 09:30:00.020,4.77,100
2020-08-27 09:30:00.020,4.77,10000
2020-08-27 09:30:00.020,4.77,300
2020-08-27 09:30:00.020,4.77,500
2020-08-27 09:30:00.020,4.77,600
2020-08-27 09:30:00.020,4.77,3000
2020-08-27 09:30:00.020,4.77,100
2020-08-27 09:30:00.020,4.77,15000
2020-08-27 09:30:00.020,4.77,200
2020-08-27 09:30:00.020,4.77,2600
2020-08-27 09:30:00.020,4.77,5200
2020-08-27 09:30:00.240,4.771,300
2020-08-27 09:30:00.240,4.771,1000
2020-08-27 09:30:00.270,4.771,4000
2020-08-27 09:30:00.310,4.771,25600
2020-08-27 09:30:00.390,4.772,6300
2020-08-27 09:30:00.390,4.772,3700
2020-08-27 09:30:00.390,4.772,11600
2020-08-27 09:30:00.460,4.771,200000
2020-08-27 09:30:00.460,4.771,8800
2020-08-27 09:30:00.460,4.772,6400
2020-08-27 09:30:00.550,4.771,2400
2020-08-27 09:30:00.660,4.771,8000
2020-08-27 09:30:00.660,4.771,76700
2020-08-27 09:30:00.770,4.772,10000
2020-08-27 09:30:00.770,4.771,7000
2020-08-27 09:30:00.770,4.772,13100
2020-08-27 09:30:00.770,4.773,2000
2020-08-27 09:30:00.770,4.773,900
2020-08-27 09:30:00.890,4.771,5000
2020-08-27 09:30:00.890,4.773,4100
2020-08-27 09:30:00.890,4.773,900
2020-08-27 09:30:01.270,4.771,10000
2020-08-27 09:30:01.270,4.771,700
2020-08-27 09:30:01.270,4.773,3100
2020-08-27 09:30:01.270,4.774,200
2020-08-27 09:30:01.270,4.774,200
2020-08-27 09:30:01.270,4.774,300
2020-08-27 09:30:01.270,4.774,2000
2020-08-27 09:30:01.270,4.774,14200
2020-08-27 09:30:01.270,4.774,10000
2020-08-27 09:30:01.370,4.771,5000
2020-08-27 09:30:01.370,4.771,1500
2020-08-27 09:30:01.370,4.771,4000
2020-08-27 09:30:01.490,4.771,100
2020-08-27 09:30:01.490,4.771,200
2020-08-27 09:30:01.490,4.771,2000
2020-08-27 09:30:01.610,4.771,100
2020-08-27 09:30:01.610,4.771,20000
2020-08-27 09:30:01.730,4.771,2000
2020-08-27 09:30:01.730,4.771,1900
2020-08-27 09:30:01.730,4.771,5000
2020-08-27 09:30:01.730,4.771,1000
2020-08-27 09:30:01.850,4.771,200
2020-08-27 09:30:02.010,4.771,200
2020-08-27 09:30:02.010,4.771,2500
2020-08-27 09:30:02.010,4.772,200
2020-08-27 09:30:02.010,4.772,100
2020-08-27 09:30:02.010,4.772,3700
2020-08-27 09:30:02.010,4.771,8900
2020-08-27 09:30:02.220,4.771,5900
2020-08-27 09:30:02.220,4.771,3000
2020-08-27 09:30:02.220,4.771,1100
2020-08-27 09:30:02.270,4.772,6000
2020-08-27 09:30:02.270,4.771,4000
2020-08-27 09:30:02.380,4.771,5000
2020-08-27 09:30:02.380,4.771,18900
2020-08-27 09:30:02.380,4.771,400
2020-08-27 09:30:02.380,4.771,1000
2020-08-27 09:30:02.380,4.771,1000
2020-08-27 09:30:02.380,4.771,9500
2020-08-27 09:30:02.380,4.77,1200
2020-08-27 09:30:02.600,4.771,2000
2020-08-27 09:30:02.600,4.771,3000
2020-08-27 09:30:02.600,4.771,1000
2020-08-27 09:30:02.600,4.771,1000
2020-08-27 09:30:02.600,4.771,2100
2020-08-27 09:30:02.710,4.772,10000
2020-08-27 09:30:02.820,4.772,10000
2020-08-27 09:30:02.820,4.771,2900
2020-08-27 09:30:02.820,4.77,67400
2020-08-27 09:30:02.940,4.773,1000
2020-08-27 09:30:02.940,4.774,20600
2020-08-27 09:30:02.940,4.774,10000
2020-08-27 09:30:02.940,4.774,2000
2020-08-27 09:30:02.940,4.775,100
2020-08-27 09:30:02.940,4.775,1000
2020-08-27 09:30:02.940,4.775,300
2020-08-27 09:30:02.940,4.775,200
2020-08-27 09:30:02.940,4.775,2500
2020-08-27 09:30:02.940,4.775,300
2020-08-27 09:30:02.940,4.775,200
2020-08-27 09:30:02.940,4.775,400
2020-08-27 09:30:02.940,4.775,4000
2020-08-27 09:30:02.940,4.775,2000
2020-08-27 09:30:02.940,4.775,2500
2020-08-27 09:30:02.940,4.775,1000
2020-08-27 09:30:02.940,4.776,2500
2020-08-27 09:30:02.940,4.776,100
2020-08-27 09:30:02.940,4.776,200
2020-08-27 09:30:02.940,4.776,200
2020-08-27 09:30:02.940,4.776,5000
2020-08-27 09:30:02.940,4.777,5500
2020-08-27 09:30:02.940,4.777,700
2020-08-27 09:30:02.940,4.777,200
2020-08-27 09:30:02.940,4.778,7000
2020-08-27 09:30:03.050,4.777,5000
2020-08-27 09:30:03.050,4.777,600
2020-08-27 09:30:03.050,4.777,6000
2020-08-27 09:30:03.170,4.777,1000
2020-08-27 09:30:03.390,4.777,100
2020-08-27 09:30:03.390,4.777,700
2020-08-27 09:30:03.390,4.777,1000
2020-08-27 09:30:03.460,4.777,146000
2020-08-27 09:30:03.690,4.778,3800
2020-08-27 09:30:03.690,4.778,200
2020-08-27 09:30:03.690,4.777,1000
2020-08-27 09:30:03.690,4.777,6200
2020-08-27 09:30:03.690,4.777,200
2020-08-27 09:30:03.790,4.777,6000
2020-08-27 09:30:03.900,4.777,20000
2020-08-27 09:30:03.900,4.777,5100
2020-08-27 09:30:04.010,4.777,100
2020-08-27 09:30:04.010,4.777,100
2020-08-27 09:30:04.120,4.777,6500
2020-08-27 09:30:04.270,4.777,5000
2020-08-27 09:30:04.350,4.777,2000
2020-08-27 09:30:04.650,4.778,5000
2020-08-27 09:30:05.010,4.777,500
2020-08-27 09:30:05.010,4.778,5300
2020-08-27 09:30:05.010,4.778,100
2020-08-27 09:30:05.010,4.778,2100
2020-08-27 09:30:05.350,4.777,1000
2020-08-27 09:30:05.460,4.777,15400
2020-08-27 09:30:05.570,4.777,3000
2020-08-27 09:30:05.610,4.777,5000
2020-08-27 09:30:05.640,4.777,100
2020-08-27 09:30:05.640,4.777,100
2020-08-27 09:30:05.770,4.773,9000
2020-08-27 09:30:05.810,4.773,500
2020-08-27 09:30:05.950,4.773,1000
2020-08-27 09:30:06.060,4.773,300
2020-08-27 09:30:06.900,4.773,2500
2020-08-27 09:30:06.990,4.773,100
2020-08-27 09:30:06.990,4.775,400
2020-08-27 09:30:07.030,4.773,3300
2020-08-27 09:30:07.120,4.773,18000
2020-08-27 09:30:07.260,4.775,6200
2020-08-27 09:30:07.560,4.773,200
2020-08-27 09:30:07.820,4.773,100
2020-08-27 09:30:08.440,4.773,1500
2020-08-27 09:30:08.640,4.773,10000
2020-08-27 09:30:08.810,4.773,60000
2020-08-27 09:30:09.430,4.773,792500
2020-08-27 09:30:09.430,4.773,20000
2020-08-27 09:30:09.430,4.773,1900
2020-08-27 09:30:09.430,4.772,500
2020-08-27 09:30:09.430,4.772,10000
2020-08-27 09:30:09.430,4.772,16700
2020-08-27 09:30:09.430,4.772,2300
2020-08-27 09:30:09.430,4.772,10000
2020-08-27 09:30:09.430,4.772,146100
2020-08-27 09:30:10.040,4.772,5400
2020-08-27 09:30:10.140,4.772,5000
2020-08-27 09:30:10.320,4.773,100
2020-08-27 09:30:10.340,4.773,5000
2020-08-27 09:30:10.440,4.773,3000
2020-08-27 09:30:10.550,4.773,3000
2020-08-27 09:30:11.040,4.774,1000
2020-08-27 09:30:11.040,4.775,3400
2020-08-27 09:30:11.040,4.777,100
2020-08-27 09:30:11.040,4.777,500
2020-08-27 09:30:11.320,4.775,2500
2020-08-27 09:30:11.650,4.775,5000
2020-08-27 09:30:12.050,4.777,9500
2020-08-27 09:30:12.050,4.777,1000
2020-08-27 09:30:12.450,4.773,900
2020-08-27 09:30:12.450,4.771,2600
2020-08-27 09:30:13.660,4.775,100
2020-08-27 09:30:13.660,4.774,4900
2020-08-27 09:30:15.440,4.774,2000
2020-08-27 09:30:16.110,4.775,5000
2020-08-27 09:30:16.110,4.776,700
2020-08-27 09:30:16.770,4.776,1000
2020-08-27 09:30:16.880,4.776,150100
2020-08-27 09:30:17.800,4.776,10000
2020-08-27 09:30:18.000,4.774,200
2020-08-27 09:30:18.470,4.775,10000
2020-08-27 09:30:18.470,4.776,16000
2020-08-27 09:30:18.720,4.776,3200
2020-08-27 09:30:20.370,4.776,46500
2020-08-27 09:30:20.510,4.777,200
2020-08-27 09:30:20.780,4.776,1000
2020-08-27 09:30:21.150,4.777,600
2020-08-27 09:30:21.740,4.776,1000
2020-08-27 09:30:22.070,4.776,12000
2020-08-27 09:30:22.150,4.777,100
2020-08-27 09:30:22.320,4.776,5000
2020-08-27 09:30:22.970,4.777,500
2020-08-27 09:30:23.150,4.776,100
2020-08-27 09:30:23.450,4.776,10000
2020-08-27 09:30:23.610,4.776,200000
2020-08-27 09:30:23.630,4.776,2000
2020-08-27 09:30:24.010,4.776,2500
2020-08-27 09:30:24.320,4.777,900
2020-08-27 09:30:24.910,4.776,200
2020-08-27 09:30:25.100,4.777,600
2020-08-27 09:30:25.960,4.777,800
2020-08-27 09:30:26.090,4.777,6300
2020-08-27 09:30:26.520,4.777,10000
2020-08-27 09:30:27.200,4.777,10000
2020-08-27 09:30:27.590,4.778,800
2020-08-27 09:30:28.100,4.777,500
2020-08-27 09:30:28.700,4.777,13100
2020-08-27 09:30:28.700,4.777,500
2020-08-27 09:30:28.700,4.777,6400
2020-08-27 09:30:28.900,4.777,300
2020-08-27 09:30:29.200,4.778,4500
2020-08-27 09:30:29.530,4.778,2600
2020-08-27 09:30:29.530,4.778,10000
2020-08-27 09:30:29.530,4.778,1000
2020-08-27 09:30:29.530,4.778,30000
2020-08-27 09:30:29.530,4.778,25000
2020-08-27 09:30:29.530,4.778,6000
2020-08-27 09:30:29.530,4.778,2000
2020-08-27 09:30:29.530,4.778,5000
2020-08-27 09:30:29.530,4.778,100
2020-08-27 09:30:29.530,4.778,18300
2020-08-27 09:30:30.140,4.777,2200
2020-08-27 09:30:30.170,4.776,10000
2020-08-27 09:30:30.790,4.777,4500
2020-08-27 09:30:30.980,4.777,1000
2020-08-27 09:30:31.000,4.777,200
2020-08-27 09:30:31.190,4.776,10000
2020-08-27 09:30:31.860,4.776,2000
2020-08-27 09:30:32.130,4.776,400
2020-08-27 09:30:32.630,4.777,10000
2020-08-27 09:30:33.370,4.777,1000
2020-08-27 09:30:33.620,4.776,268900
2020-08-27 09:30:33.620,4.776,26700
2020-08-27 09:30:33.620,4.776,2000
2020-08-27 09:30:33.620,4.776,800
2020-08-27 09:30:33.620,4.776,100
2020-08-27 09:30:33.730,4.776,16500
2020-08-27 09:30:33.730,4.777,1100
2020-08-27 09:30:33.730,4.777,5000
2020-08-27 09:30:33.730,4.777,42400
2020-08-27 09:30:33.870,4.777,6300
2020-08-27 09:30:33.870,4.777,100
2020-08-27 09:30:34.490,4.775,14100
2020-08-27 09:30:34.810,4.777,1200
2020-08-27 09:30:34.810,4.777,8800
2020-08-27 09:30:36.660,4.775,33000
2020-08-27 09:30:37.070,4.776,2200
2020-08-27 09:30:37.170,4.776,2400
2020-08-27 09:30:37.170,4.776,100
2020-08-27 09:30:37.670,4.776,1000
2020-08-27 09:30:38.420,4.775,200000
2020-08-27 09:30:38.550,4.775,100
2020-08-27 09:30:40.880,4.775,30000
2020-08-27 09:30:41.100,4.774,10000
2020-08-27 09:30:41.100,4.774,100
2020-08-27 09:30:41.100,4.774,1100
2020-08-27 09:30:42.290,4.774,10000
2020-08-27 09:30:43.030,4.774,100
2020-08-27 09:30:43.300,4.773,2000
2020-08-27 09:30:43.300,4.773,400
2020-08-27 09:30:43.300,4.773,1600
2020-08-27 09:30:43.550,4.773,16700
2020-08-27 09:30:45.320,4.774,2500
2020-08-27 09:30:45.320,4.774,500
2020-08-27 09:30:45.320,4.775,2000
2020-08-27 09:30:45.930,4.774,100
2020-08-27 09:30:45.930,4.775,1100
2020-08-27 09:30:45.930,4.775,900
2020-08-27 09:30:46.420,4.773,100
2020-08-27 09:30:47.460,4.772,5300
2020-08-27 09:30:47.460,4.772,500
2020-08-27 09:30:47.460,4.771,4400
2020-08-27 09:30:47.460,4.771,19800
2020-08-27 09:30:47.810,4.772,5700
2020-08-27 09:30:48.670,4.772,500
2020-08-27 09:30:48.970,4.772,1000
2020-08-27 09:30:49.110,4.772,2800
2020-08-27 09:30:49.110,4.772,2000
2020-08-27 09:30:50.130,4.772,2200
2020-08-27 09:30:50.300,4.772,20000
2020-08-27 09:30:50.790,4.772,4600
2020-08-27 09:30:50.900,4.773,2000
2020-08-27 09:30:51.340,4.773,9500
2020-08-27 09:30:51.430,4.772,100
2020-08-27 09:30:52.980,4.772,3500
2020-08-27 09:30:52.980,4.772,2000
2020-08-27 09:30:53.120,4.771,400
2020-08-27 09:30:54.040,4.771,1300
2020-08-27 09:30:54.070,4.771,2000
2020-08-27 09:30:54.270,4.771,10000
2020-08-27 09:30:56.000,4.772,600
2020-08-27 09:30:56.400,4.772,83900
2020-08-27 09:30:56.400,4.772,10000
2020-08-27 09:30:56.400,4.773,56200
2020-08-27 09:30:56.890,4.773,33000
2020-08-27 09:30:57.100,4.771,4000
2020-08-27 09:30:57.500,4.772,4100
2020-08-27 09:30:57.500,4.773,400
2020-08-27 09:30:57.740,4.773,2000
2020-08-27 09:30:58.520,4.771,12500
2020-08-27 09:30:58.520,4.771,3500
2020-08-27 09:30:58.520,4.771,3000
2020-08-27 09:30:58.520,4.771,2000
2020-08-27 09:30:58.520,4.771,2900
2020-08-27 09:30:58.520,4.771,10400
2020-08-27 09:30:58.520,4.771,10000
2020-08-27 09:30:58.520,4.771,10000
2020-08-27 09:30:58.520,4.771,200
2020-08-27 09:30:58.520,4.771,35100
2020-08-27 09:30:59.720,4.772,3200
2020-08-27 09:31:00.120,4.771,5400
2020-08-27 09:31:00.120,4.772,100
2020-08-27 09:31:00.120,4.772,10000
2020-08-27 09:31:00.540,4.773,1000
2020-08-27 09:31:00.630,4.773,195900
2020-08-27 09:31:00.630,4.773,2000
2020-08-27 09:31:00.630,4.773,50000
2020-08-27 09:31:00.770,4.773,2300
2020-08-27 09:31:00.920,4.773,1500
2020-08-27 09:31:01.320,4.774,1800
2020-08-27 09:31:01.400,4.773,48300
2020-08-27 09:31:01.400,4.773,1500
2020-08-27 09:31:02.330,4.773,100
2020-08-27 09:31:02.830,4.773,10000
2020-08-27 09:31:03.470,4.773,2000
2020-08-27 09:31:03.680,4.773,100
2020-08-27 09:31:04.450,4.773,3200
2020-08-27 09:31:05.250,4.773,4000
2020-08-27 09:31:05.650,4.773,1300
2020-08-27 09:31:05.970,4.773,5100
2020-08-27 09:31:06.960,4.773,46000
2020-08-27 09:31:07.350,4.774,2000
2020-08-27 09:31:07.590,4.773,600
2020-08-27 09:31:07.770,4.773,200
2020-08-27 09:31:07.980,4.773,10800
2020-08-27 09:31:08.120,4.774,1200
2020-08-27 09:31:08.120,4.774,400
2020-08-27 09:31:08.120,4.774,900
2020-08-27 09:31:08.450,4.774,500
2020-08-27 09:31:08.710,4.773,20000
2020-08-27 09:31:08.840,4.773,45200
2020-08-27 09:31:08.840,4.773,1000
2020-08-27 09:31:08.840,4.773,100
2020-08-27 09:31:09.780,4.772,2000
2020-08-27 09:31:10.540,4.772,24700
2020-08-27 09:31:10.690,4.772,96600
2020-08-27 09:31:11.350,4.773,100
2020-08-27 09:31:11.510,4.773,3600
2020-08-27 09:31:11.510,4.773,146500
2020-08-27 09:31:11.910,4.773,94100
2020-08-27 09:31:11.910,4.773,20000
2020-08-27 09:31:11.910,4.773,300
2020-08-27 09:31:12.080,4.772,15000
2020-08-27 09:31:12.280,4.772,20000
2020-08-27 09:31:12.330,4.774,600
2020-08-27 09:31:12.330,4.774,1900
2020-08-27 09:31:12.530,4.773,4100
2020-08-27 09:31:12.610,4.773,700
2020-08-27 09:31:13.020,4.773,4500
2020-08-27 09:31:13.240,4.773,4000
2020-08-27 09:31:13.240,4.774,8100
2020-08-27 09:31:13.240,4.774,3800
2020-08-27 09:31:13.240,4.774,21200
2020-08-27 09:31:13.240,4.774,800
2020-08-27 09:31:14.380,4.775,400
2020-08-27 09:31:14.380,4.775,9600
2020-08-27 09:31:15.090,4.774,10000
2020-08-27 09:31:15.090,4.774,200
2020-08-27 09:31:15.460,4.774,1000
2020-08-27 09:31:15.730,4.774,20000
2020-08-27 09:31:16.160,4.775,21400
2020-08-27 09:31:16.160,4.775,500
2020-08-27 09:31:16.160,4.775,6700
2020-08-27 09:31:16.160,4.775,10000
2020-08-27 09:31:16.160,4.775,25000
2020-08-27 09:31:16.160,4.775,1100
2020-08-27 09:31:16.160,4.775,85400
2020-08-27 09:31:16.440,4.774,5000
2020-08-27 09:31:16.510,4.774,500
2020-08-27 09:31:17.030,4.775,9900
2020-08-27 09:31:17.170,4.774,2900
2020-08-27 09:31:17.290,4.774,1400
2020-08-27 09:31:18.220,4.774,2000
2020-08-27 09:31:19.120,4.774,300
2020-08-27 09:31:19.120,4.774,2000
2020-08-27 09:31:19.120,4.774,2700
2020-08-27 09:31:19.950,4.774,3500
2020-08-27 09:31:20.010,4.775,33000
2020-08-27 09:31:20.400,4.774,3000
2020-08-27 09:31:20.530,4.775,5100
2020-08-27 09:31:20.590,4.774,500
2020-08-27 09:31:20.800,4.774,300
2020-08-27 09:31:20.800,4.774,200
2020-08-27 09:31:21.200,4.774,200
2020-08-27 09:31:21.320,4.774,600
2020-08-27 09:31:21.320,4.774,100
2020-08-27 09:31:21.530,4.774,19300
2020-08-27 09:31:21.530,4.774,20000
2020-08-27 09:31:21.530,4.774,20000
2020-08-27 09:31:21.530,4.774,20000
2020-08-27 09:31:21.530,4.774,20000
2020-08-27 09:31:21.530,4.775,76600
2020-08-27 09:31:21.530,4.775,3000
2020-08-27 09:31:22.020,4.774,5500
2020-08-27 09:31:22.070,4.774,2100
2020-08-27 09:31:22.710,4.775,20700
2020-08-27 09:31:22.780,4.775,76300
2020-08-27 09:31:22.780,4.775,1000
2020-08-27 09:31:22.780,4.775,1000
2020-08-27 09:31:22.780,4.775,300
2020-08-27 09:31:23.330,4.776,19800
2020-08-27 09:31:23.330,4.776,2000
2020-08-27 09:31:23.330,4.776,5000
2020-08-27 09:31:23.330,4.776,4000
2020-08-27 09:31:23.330,4.776,3600
2020-08-27 09:31:23.330,4.777,13200
2020-08-27 09:31:23.330,4.777,5500
2020-08-27 09:31:23.330,4.777,300
2020-08-27 09:31:23.330,4.777,1100
2020-08-27 09:31:23.330,4.777,245500
2020-08-27 09:31:23.850,4.775,100
2020-08-27 09:31:24.080,4.775,100
2020-08-27 09:31:24.370,4.775,2400
2020-08-27 09:31:24.780,4.775,8000
2020-08-27 09:31:25.210,4.775,800
2020-08-27 09:31:25.370,4.775,9300
2020-08-27 09:31:25.370,4.775,700
2020-08-27 09:31:27.100,4.775,7000
2020-08-27 09:31:27.690,4.775,2000
2020-08-27 09:31:27.820,4.776,31000
2020-08-27 09:31:28.260,4.776,3000
2020-08-27 09:31:28.340,4.776,400
2020-08-27 09:31:29.570,4.776,23600
2020-08-27 09:31:29.940,4.775,300
2020-08-27 09:31:29.940,4.775,5000
2020-08-27 09:31:29.940,4.775,6000
2020-08-27 09:31:30.950,4.775,500
2020-08-27 09:31:30.950,4.774,111700
2020-08-27 09:31:32.130,4.775,200
2020-08-27 09:31:32.130,4.775,500
2020-08-27 09:31:32.490,4.775,300
2020-08-27 09:31:33.540,4.775,5100
2020-08-27 09:31:33.690,4.776,500
2020-08-27 09:31:35.460,4.775,100
2020-08-27 09:31:35.520,4.775,17800
2020-08-27 09:31:35.520,4.775,60000
2020-08-27 09:31:35.520,4.775,100000
2020-08-27 09:31:35.520,4.775,10000
2020-08-27 09:31:35.940,4.775,100
2020-08-27 09:31:35.940,4.776,8400
2020-08-27 09:31:37.320,4.775,2000
2020-08-27 09:31:37.680,4.775,200
2020-08-27 09:31:37.890,4.775,900
2020-08-27 09:31:39.370,4.775,300
2020-08-27 09:31:39.570,4.774,2700
2020-08-27 09:31:39.570,4.774,7400
2020-08-27 09:31:39.570,4.774,7200
2020-08-27 09:31:39.570,4.774,1000
2020-08-27 09:31:39.570,4.774,10000
2020-08-27 09:31:39.570,4.774,300
2020-08-27 09:31:39.570,4.774,5000
2020-08-27 09:31:39.570,4.774,3300
2020-08-27 09:31:39.570,4.774,5300
2020-08-27 09:31:40.220,4.773,400
2020-08-27 09:31:40.220,4.773,4000
2020-08-27 09:31:40.220,4.773,100
2020-08-27 09:31:40.220,4.772,800
2020-08-27 09:31:40.220,4.774,200
2020-08-27 09:31:40.550,4.774,4200
2020-08-27 09:31:40.820,4.774,900
2020-08-27 09:31:40.980,4.772,11200
2020-08-27 09:31:40.980,4.772,6000
2020-08-27 09:31:40.980,4.772,200
2020-08-27 09:31:40.980,4.772,200
2020-08-27 09:31:40.980,4.772,1000
2020-08-27 09:31:40.980,4.772,10000
2020-08-27 09:31:41.660,4.772,3400
2020-08-27 09:31:43.040,4.772,100
2020-08-27 09:31:43.830,4.772,900
2020-08-27 09:31:43.950,4.774,9800
2020-08-27 09:31:43.950,4.774,200
2020-08-27 09:31:44.140,4.774,2000
2020-08-27 09:31:46.180,4.773,49100
2020-08-27 09:31:47.820,4.773,300
2020-08-27 09:31:48.070,4.773,10000
2020-08-27 09:31:48.790,4.773,1000
2020-08-27 09:31:49.220,4.772,4600
2020-08-27 09:31:49.710,4.772,5400
2020-08-27 09:31:49.710,4.771,44600
2020-08-27 09:31:53.390,4.771,8400
2020-08-27 09:31:53.680,4.772,100
2020-08-27 09:31:57.630,4.771,40000
2020-08-27 09:31:58.030,4.771,10000
2020-08-27 09:31:58.530,4.772,200
2020-08-27 09:31:58.610,4.772,8500
2020-08-27 09:31:58.770,4.772,30000
2020-08-27 09:31:58.960,4.772,4100
2020-08-27 09:31:59.050,4.772,100
2020-08-27 09:31:59.920,4.772,5000
2020-08-27 09:32:00.460,4.771,5000
2020-08-27 09:32:01.240,4.771,1000
2020-08-27 09:32:01.300,4.772,1400
2020-08-27 09:32:01.300,4.772,4100
2020-08-27 09:32:01.500,4.771,170400
2020-08-27 09:32:01.530,4.772,1000
2020-08-27 09:32:01.780,4.771,100
2020-08-27 09:32:02.500,4.771,10400
2020-08-27 09:32:02.920,4.771,500
2020-08-27 09:32:03.450,4.772,5000
2020-08-27 09:32:03.640,4.771,20000
2020-08-27 09:32:04.070,4.772,100
2020-08-27 09:32:04.330,4.771,4100
2020-08-27 09:32:05.200,4.771,12400
2020-08-27 09:32:05.450,4.772,300
2020-08-27 09:32:06.320,4.771,2000
2020-08-27 09:32:06.620,4.771,8000
2020-08-27 09:32:06.770,4.772,600
2020-08-27 09:32:07.510,4.772,21500
2020-08-27 09:32:07.510,4.772,30000
2020-08-27 09:32:07.510,4.772,5000
2020-08-27 09:32:07.510,4.772,500
2020-08-27 09:32:07.510,4.772,3500
2020-08-27 09:32:07.510,4.772,2200
2020-08-27 09:32:07.510,4.772,15000
2020-08-27 09:32:07.510,4.772,10000
2020-08-27 09:32:07.510,4.772,6400
2020-08-27 09:32:07.780,4.772,500
2020-08-27 09:32:08.960,4.772,1000
2020-08-27 09:32:09.650,4.771,5000
2020-08-27 09:32:10.200,4.772,100
2020-08-27 09:32:10.690,4.771,4000
2020-08-27 09:32:11.210,4.771,200
2020-08-27 09:32:11.500,4.771,3200
2020-08-27 09:32:12.300,4.771,100
2020-08-27 09:32:13.130,4.772,2000
2020-08-27 09:32:13.130,4.772,48000
2020-08-27 09:32:13.200,4.771,300000
2020-08-27 09:32:13.300,4.772,4600
2020-08-27 09:32:13.430,4.771,118200
2020-08-27 09:32:13.430,4.771,167900
2020-08-27 09:32:13.430,4.771,5000
2020-08-27 09:32:13.430,4.771,22000
2020-08-27 09:32:13.430,4.771,4000
2020-08-27 09:32:13.430,4.771,10000
2020-08-27 09:32:13.430,4.771,5000
2020-08-27 09:32:13.430,4.771,10000
2020-08-27 09:32:13.430,4.771,2300
2020-08-27 09:32:13.430,4.771,300
2020-08-27 09:32:13.430,4.771,100
2020-08-27 09:32:13.430,4.771,1800
2020-08-27 09:32:13.430,4.771,21300
2020-08-27 09:32:13.580,4.771,1000
2020-08-27 09:32:14.370,4.771,200
2020-08-27 09:32:15.240,4.771,500
2020-08-27 09:32:15.320,4.771,100
2020-08-27 09:32:15.550,4.771,1000
2020-08-27 09:32:15.650,4.771,4200
2020-08-27 09:32:16.380,4.771,2800
2020-08-27 09:32:16.600,4.77,14500
2020-08-27 09:32:16.600,4.77,1500
2020-08-27 09:32:16.600,4.77,1500
2020-08-27 09:32:16.600,4.77,11000
2020-08-27 09:32:17.290,4.77,9000
2020-08-27 09:32:17.290,4.77,4200
2020-08-27 09:32:17.290,4.77,10000
2020-08-27 09:32:17.290,4.77,300
2020-08-27 09:32:17.290,4.77,100
2020-08-27 09:32:17.290,4.77,400
2020-08-27 09:32:17.480,4.77,1500
2020-08-27 09:32:17.480,4.77,100
2020-08-27 09:32:17.480,4.77,5000
2020-08-27 09:32:17.480,4.77,11300
2020-08-27 09:32:17.480,4.77,1000
2020-08-27 09:32:17.480,4.77,5300
2020-08-27 09:32:17.480,4.77,500
2020-08-27 09:32:17.480,4.77,10000
2020-08-27 09:32:17.480,4.77,100
2020-08-27 09:32:17.480,4.77,10000
2020-08-27 09:32:17.480,4.77,100
2020-08-27 09:32:17.480,4.77,12000
2020-08-27 09:32:18.330,4.77,18000
2020-08-27 09:32:18.330,4.77,5200
2020-08-27 09:32:18.330,4.77,10000
2020-08-27 09:32:18.330,4.77,2000
2020-08-27 09:32:18.330,4.77,200
2020-08-27 09:32:18.330,4.77,13600
2020-08-27 09:32:18.330,4.77,13400
2020-08-27 09:32:18.330,4.77,3000
2020-08-27 09:32:18.330,4.77,500
2020-08-27 09:32:18.330,4.77,800
2020-08-27 09:32:18.330,4.77,1100
2020-08-27 09:32:18.330,4.77,2100
2020-08-27 09:32:18.330,4.77,10000
2020-08-27 09:32:18.330,4.77,200
2020-08-27 09:32:18.330,4.77,10000
2020-08-27 09:32:18.330,4.77,15000
2020-08-27 09:32:18.330,4.77,3000
2020-08-27 09:32:18.330,4.77,10000
2020-08-27 09:32:18.330,4.77,52400
2020-08-27 09:32:18.330,4.77,10000
2020-08-27 09:32:18.330,4.77,1000
2020-08-27 09:32:18.330,4.77,500
2020-08-27 09:32:18.330,4.77,1800
2020-08-27 09:32:18.330,4.77,2100
2020-08-27 09:32:18.330,4.77,100
2020-08-27 09:32:18.330,4.77,10000
2020-08-27 09:32:18.330,4.77,200
2020-08-27 09:32:18.330,4.77,1000
2020-08-27 09:32:18.330,4.77,2400
2020-08-27 09:32:18.330,4.77,900
2020-08-27 09:32:18.330,4.77,4900
2020-08-27 09:32:18.330,4.77,500
2020-08-27 09:32:18.330,4.77,100
2020-08-27 09:32:18.330,4.77,5200
2020-08-27 09:32:18.330,4.77,5000
2020-08-27 09:32:18.330,4.77,2000
2020-08-27 09:32:18.330,4.77,200
2020-08-27 09:32:18.330,4.77,21200
2020-08-27 09:32:18.360,4.77,8800
2020-08-27 09:32:18.360,4.77,4000
2020-08-27 09:32:18.360,4.77,20000
2020-08-27 09:32:18.360,4.77,20000
2020-08-27 09:32:18.360,4.77,100
2020-08-27 09:32:18.360,4.77,100
2020-08-27 09:32:18.360,4.77,5000
2020-08-27 09:32:18.360,4.77,100
2020-08-27 09:32:18.360,4.77,4500
2020-08-27 09:32:18.360,4.77,100
2020-08-27 09:32:18.360,4.77,1000
2020-08-27 09:32:18.360,4.77,700
2020-08-27 09:32:18.360,4.77,1000
2020-08-27 09:32:18.360,4.77,500
2020-08-27 09:32:18.360,4.77,2000
2020-08-27 09:32:18.360,4.77,400
2020-08-27 09:32:18.510,4.77,400
2020-08-27 09:32:19.300,4.77,1000
2020-08-27 09:32:19.790,4.77,500
2020-08-27 09:32:19.940,4.77,23000
2020-08-27 09:32:19.940,4.769,14100
2020-08-27 09:32:19.940,4.769,2000
2020-08-27 09:32:19.940,4.769,1000
2020-08-27 09:32:19.940,4.769,100
2020-08-27 09:32:19.940,4.769,300
2020-08-27 09:32:19.940,4.769,100
2020-08-27 09:32:19.940,4.769,100
2020-08-27 09:32:19.940,4.769,2700
2020-08-27 09:32:19.940,4.769,1100
2020-08-27 09:32:19.940,4.769,1000
2020-08-27 09:32:19.940,4.769,200
2020-08-27 09:32:19.940,4.769,100
2020-08-27 09:32:19.940,4.769,100
2020-08-27 09:32:19.940,4.769,1000
2020-08-27 09:32:19.940,4.769,1100
2020-08-27 09:32:21.570,4.77,100
2020-08-27 09:32:21.800,4.769,8900
2020-08-27 09:32:21.800,4.769,100
2020-08-27 09:32:21.800,4.769,1000
2020-08-27 09:32:23.640,4.77,100
2020-08-27 09:32:24.440,4.769,500
2020-08-27 09:32:24.600,4.769,1100
2020-08-27 09:32:24.600,4.769,500
2020-08-27 09:32:24.600,4.769,4500
2020-08-27 09:32:25.330,4.769,3000
2020-08-27 09:32:26.330,4.77,106600
2020-08-27 09:32:26.330,4.77,43500
2020-08-27 09:32:27.170,4.77,500
2020-08-27 09:32:28.380,4.769,200
2020-08-27 09:32:28.380,4.769,200
2020-08-27 09:32:28.380,4.769,2000
2020-08-27 09:32:28.380,4.769,1100
2020-08-27 09:32:29.620,4.769,3500
2020-08-27 09:32:31.920,4.77,2000
2020-08-27 09:32:32.050,4.769,2400
2020-08-27 09:32:32.050,4.769,300
2020-08-27 09:32:32.050,4.769,200
2020-08-27 09:32:32.050,4.769,3400
2020-08-27 09:32:32.050,4.769,2100
2020-08-27 09:32:32.050,4.769,100
2020-08-27 09:32:32.050,4.769,2000
2020-08-27 09:32:32.050,4.769,1000
2020-08-27 09:32:32.050,4.769,8000
2020-08-27 09:32:32.050,4.769,500
2020-08-27 09:32:32.430,4.769,100
2020-08-27 09:32:32.460,4.77,100
2020-08-27 09:32:32.620,4.77,100
2020-08-27 09:32:33.040,4.769,100
2020-08-27 09:32:33.040,4.769,300
2020-08-27 09:32:33.040,4.769,3000
2020-08-27 09:32:33.040,4.769,1100
2020-08-27 09:32:34.200,4.769,3900
2020-08-27 09:32:34.200,4.769,1100
2020-08-27 09:32:34.290,4.769,1900
2020-08-27 09:32:34.680,4.769,200
2020-08-27 09:32:36.090,4.769,1300
2020-08-27 09:32:36.090,4.769,1700
2020-08-27 09:32:37.610,4.769,500
2020-08-27 09:32:39.510,4.769,3000
2020-08-27 09:32:40.610,4.769,4800
2020-08-27 09:32:40.610,4.769,800
2020-08-27 09:32:40.610,4.769,7600
2020-08-27 09:32:40.610,4.769,16800
2020-08-27 09:32:40.610,4.769,1000
2020-08-27 09:32:41.210,4.769,9000
2020-08-27 09:32:41.790,4.769,100
2020-08-27 09:32:42.340,4.769,5000
2020-08-27 09:32:42.500,4.769,200
2020-08-27 09:32:42.660,4.77,3700
2020-08-27 09:32:42.660,4.77,6300
2020-08-27 09:32:42.710,4.77,1000
2020-08-27 09:32:42.710,4.769,6100
2020-08-27 09:32:42.790,4.77,300
2020-08-27 09:32:42.920,4.769,600
2020-08-27 09:32:42.920,4.769,10000
2020-08-27 09:32:43.140,4.77,1100
2020-08-27 09:32:43.440,4.769,31400
2020-08-27 09:32:43.440,4.769,1000
2020-08-27 09:32:43.440,4.769,3000
2020-08-27 09:32:43.440,4.769,200
2020-08-27 09:32:44.340,4.768,1000
2020-08-27 09:32:44.470,4.768,300
2020-08-27 09:32:44.470,4.768,100
2020-08-27 09:32:45.900,4.769,3000
2020-08-27 09:32:46.200,4.769,100
2020-08-27 09:32:47.000,4.769,1300
2020-08-27 09:32:47.000,4.77,2100
2020-08-27 09:32:47.000,4.77,600
2020-08-27 09:32:47.000,4.77,200
2020-08-27 09:32:47.000,4.77,6300
2020-08-27 09:32:47.000,4.77,17000
2020-08-27 09:32:47.000,4.77,10000
2020-08-27 09:32:47.000,4.77,1400
2020-08-27 09:32:47.000,4.77,10000
2020-08-27 09:32:47.000,4.77,4200
2020-08-27 09:32:47.000,4.77,1000
2020-08-27 09:32:47.000,4.77,3000
2020-08-27 09:32:47.000,4.77,1000
2020-08-27 09:32:47.000,4.771,40500
2020-08-27 09:32:47.000,4.771,1000
2020-08-27 09:32:47.000,4.771,200
2020-08-27 09:32:47.000,4.771,200
2020-08-27 09:32:47.000,4.771,600
2020-08-27 09:32:47.000,4.771,1000
2020-08-27 09:32:47.000,4.771,30300
2020-08-27 09:32:47.000,4.771,10000
2020-08-27 09:32:47.000,4.771,200
2020-08-27 09:32:47.000,4.771,2000
2020-08-27 09:32:47.000,4.771,2100
2020-08-27 09:32:48.290,4.771,1300
2020-08-27 09:32:48.310,4.771,2500
2020-08-27 09:32:48.380,4.771,1200
2020-08-27 09:32:50.590,4.771,1000
2020-08-27 09:32:50.780,4.771,1400
2020-08-27 09:32:50.900,4.772,2100
2020-08-27 09:32:50.900,4.772,5900
2020-08-27 09:32:51.010,4.771,11000
2020-08-27 09:32:51.210,4.771,25000
2020-08-27 09:32:51.260,4.771,30000
2020-08-27 09:32:51.480,4.771,2000
2020-08-27 09:32:52.040,4.771,78400
2020-08-27 09:32:52.040,4.771,3000
2020-08-27 09:32:52.480,4.77,100
2020-08-27 09:32:52.480,4.77,100
2020-08-27 09:32:52.480,4.77,100
2020-08-27 09:32:52.480,4.77,200
2020-08-27 09:32:54.320,4.77,100
2020-08-27 09:32:54.370,4.77,400
2020-08-27 09:32:54.370,4.77,2600
2020-08-27 09:32:54.680,4.77,2500
2020-08-27 09:32:55.760,4.769,1000
2020-08-27 09:32:55.760,4.769,4200
2020-08-27 09:32:56.030,4.769,25800
2020-08-27 09:32:56.030,4.769,1800
2020-08-27 09:32:57.270,4.769,500
2020-08-27 09:32:57.300,4.769,3000
2020-08-27 09:32:57.330,4.769,41900
2020-08-27 09:32:58.320,4.769,2000
2020-08-27 09:32:58.430,4.769,5000
2020-08-27 09:32:59.130,4.768,1400
2020-08-27 09:32:59.130,4.768,600
2020-08-27 09:32:59.130,4.768,10000
2020-08-27 09:32:59.130,4.768,10000
2020-08-27 09:32:59.130,4.768,1000
2020-08-27 09:32:59.130,4.768,21800
2020-08-27 09:32:59.130,4.768,100
2020-08-27 09:32:59.130,4.768,200
2020-08-27 09:32:59.130,4.768,4900
2020-08-27 09:33:00.180,4.769,100
2020-08-27 09:33:00.410,4.769,3000
2020-08-27 09:33:01.050,4.769,100
2020-08-27 09:33:01.310,4.769,1100
2020-08-27 09:33:02.080,4.769,1000
2020-08-27 09:33:02.180,4.769,300
2020-08-27 09:33:02.310,4.768,5100
2020-08-27 09:33:03.080,4.768,600
2020-08-27 09:33:03.740,4.768,100
2020-08-27 09:33:04.500,4.767,1100
2020-08-27 09:33:04.500,4.767,10000
2020-08-27 09:33:04.500,4.767,9200
2020-08-27 09:33:04.500,4.767,1000
2020-08-27 09:33:04.500,4.767,200
2020-08-27 09:33:04.500,4.767,2300
2020-08-27 09:33:04.500,4.767,16200
2020-08-27 09:33:05.950,4.767,20000
2020-08-27 09:33:06.030,4.767,13800
2020-08-27 09:33:06.030,4.767,5100
2020-08-27 09:33:06.030,4.767,5000
2020-08-27 09:33:06.030,4.767,3300
2020-08-27 09:33:06.700,4.767,100
2020-08-27 09:33:06.700,4.767,400
2020-08-27 09:33:09.510,4.767,1000
2020-08-27 09:33:09.790,4.767,100
2020-08-27 09:33:10.320,4.767,5500
2020-08-27 09:33:12.860,4.766,3600
2020-08-27 09:33:15.040,4.766,300
2020-08-27 09:33:16.060,4.766,300
2020-08-27 09:33:16.470,4.766,10000
2020-08-27 09:33:16.650,4.767,700
2020-08-27 09:33:17.600,4.766,500
2020-08-27 09:33:17.870,4.766,4700
2020-08-27 09:33:17.900,4.766,600
2020-08-27 09:33:18.630,4.766,200
2020-08-27 09:33:19.260,4.767,1400
2020-08-27 09:33:19.420,4.766,500
2020-08-27 09:33:19.590,4.766,2700
2020-08-27 09:33:19.590,4.766,200
2020-08-27 09:33:19.590,4.766,1000
2020-08-27 09:33:19.590,4.766,200
2020-08-27 09:33:19.590,4.766,400
2020-08-27 09:33:19.590,4.766,1000
2020-08-27 09:33:19.590,4.766,600
2020-08-27 09:33:19.590,4.766,10000
2020-08-27 09:33:19.590,4.766,200
2020-08-27 09:33:19.590,4.766,5000
2020-08-27 09:33:19.590,4.766,3000
2020-08-27 09:33:19.590,4.766,3000
2020-08-27 09:33:19.590,4.766,1000
2020-08-27 09:33:19.590,4.766,200
2020-08-27 09:33:19.590,4.765,600
2020-08-27 09:33:19.590,4.765,400
2020-08-27 09:33:19.590,4.765,1000
2020-08-27 09:33:19.590,4.765,300
2020-08-27 09:33:19.590,4.765,100
2020-08-27 09:33:19.590,4.765,100
2020-08-27 09:33:19.590,4.765,100
2020-08-27 09:33:19.590,4.765,2500
2020-08-27 09:33:19.590,4.765,5000
2020-08-27 09:33:19.590,4.765,10000
2020-08-27 09:33:19.590,4.765,300
2020-08-27 09:33:19.590,4.765,1000
2020-08-27 09:33:20.400,4.765,8500
2020-08-27 09:33:20.700,4.764,500
2020-08-27 09:33:20.700,4.764,4300
2020-08-27 09:33:20.700,4.764,10000
2020-08-27 09:33:20.700,4.764,400
2020-08-27 09:33:20.700,4.764,100
2020-08-27 09:33:21.330,4.764,900
2020-08-27 09:33:21.330,4.765,100
2020-08-27 09:33:21.330,4.763,100
2020-08-27 09:33:21.330,4.763,100
2020-08-27 09:33:21.330,4.763,100
2020-08-27 09:33:21.330,4.763,200
2020-08-27 09:33:21.330,4.763,100
2020-08-27 09:33:21.330,4.763,100
2020-08-27 09:33:21.330,4.763,500
2020-08-27 09:33:21.360,4.765,100
2020-08-27 09:33:22.060,4.765,100
2020-08-27 09:33:22.600,4.763,4000
2020-08-27 09:33:22.820,4.765,100
2020-08-27 09:33:25.000,4.765,200
2020-08-27 09:33:25.830,4.764,5000
2020-08-27 09:33:25.830,4.765,45700
2020-08-27 09:33:26.220,4.766,800
2020-08-27 09:33:26.220,4.766,19200
2020-08-27 09:33:27.120,4.765,5200
2020-08-27 09:33:27.180,4.765,5300
2020-08-27 09:33:27.280,4.765,10000
2020-08-27 09:33:28.140,4.765,9800
2020-08-27 09:33:28.170,4.765,10000
2020-08-27 09:33:28.470,4.765,5300
2020-08-27 09:33:28.570,4.766,800
2020-08-27 09:33:28.570,4.766,14500
2020-08-27 09:33:28.570,4.766,200
2020-08-27 09:33:28.570,4.766,3300
2020-08-27 09:33:28.570,4.766,1500
2020-08-27 09:33:28.570,4.766,700
2020-08-27 09:33:28.570,4.766,5000
2020-08-27 09:33:28.570,4.766,5800
2020-08-27 09:33:28.570,4.766,21100
2020-08-27 09:33:28.570,4.766,5000
2020-08-27 09:33:28.570,4.767,72900
2020-08-27 09:33:28.570,4.767,100
2020-08-27 09:33:28.570,4.767,5100
2020-08-27 09:33:28.570,4.767,1600
2020-08-27 09:33:28.570,4.767,12500
2020-08-27 09:33:28.920,4.765,900
2020-08-27 09:33:29.830,4.765,2800
2020-08-27 09:33:29.830,4.765,500
2020-08-27 09:33:29.830,4.764,6700
2020-08-27 09:33:30.450,4.764,10300
2020-08-27 09:33:30.980,4.767,500
2020-08-27 09:33:32.280,4.765,500
2020-08-27 09:33:33.620,4.764,60000
2020-08-27 09:33:33.620,4.764,196900
2020-08-27 09:33:33.960,4.765,500
2020-08-27 09:33:33.960,4.765,1200
2020-08-27 09:33:34.220,4.766,11000
2020-08-27 09:33:34.220,4.767,14000
2020-08-27 09:33:34.820,4.765,18300
2020-08-27 09:33:35.950,4.765,100
2020-08-27 09:33:37.670,4.765,400
2020-08-27 09:33:38.640,4.765,3500
2020-08-27 09:33:38.640,4.765,500
2020-08-27 09:33:38.860,4.765,5700
2020-08-27 09:33:38.860,4.765,9500
2020-08-27 09:33:39.050,4.765,200
2020-08-27 09:33:39.210,4.765,4500
2020-08-27 09:33:39.660,4.765,2800
2020-08-27 09:33:41.550,4.765,3000
2020-08-27 09:33:43.310,4.765,100
2020-08-27 09:33:43.360,4.767,500
2020-08-27 09:33:43.460,4.765,6900
2020-08-27 09:33:43.460,4.765,400
2020-08-27 09:33:43.460,4.765,700
2020-08-27 09:33:43.730,4.767,10000
2020-08-27 09:33:44.160,4.765,100
2020-08-27 09:33:44.420,4.765,200
2020-08-27 09:33:44.420,4.765,200
2020-08-27 09:33:44.420,4.764,4600
2020-08-27 09:33:44.550,4.764,900
2020-08-27 09:33:45.180,4.765,500
2020-08-27 09:33:45.410,4.765,3500
2020-08-27 09:33:45.720,4.765,1000
2020-08-27 09:33:46.110,4.765,2000
2020-08-27 09:33:46.110,4.765,700
2020-08-27 09:33:46.570,4.764,300
2020-08-27 09:33:46.570,4.764,4700
2020-08-27 09:33:46.590,4.765,1500
2020-08-27 09:33:47.910,4.765,100
2020-08-27 09:33:48.440,4.765,1500
2020-08-27 09:33:48.810,4.764,10000
2020-08-27 09:33:49.380,4.765,6600
2020-08-27 09:33:50.280,4.765,3000
2020-08-27 09:33:51.310,4.765,1000
2020-08-27 09:33:51.310,4.764,15300
2020-08-27 09:33:51.310,4.764,2000
2020-08-27 09:33:51.310,4.764,4600
2020-08-27 09:33:51.420,4.765,1600
2020-08-27 09:33:51.420,4.765,4700
2020-08-27 09:33:51.420,4.766,1700
2020-08-27 09:33:52.160,4.764,2000
2020-08-27 09:33:53.920,4.766,100
2020-08-27 09:33:54.350,4.764,1200
2020-08-27 09:33:54.490,4.764,1700
2020-08-27 09:33:54.840,4.764,500
2020-08-27 09:33:54.840,4.764,10000
2020-08-27 09:33:54.840,4.764,4200
2020-08-27 09:33:55.400,4.764,100
2020-08-27 09:33:56.540,4.764,200
2020-08-27 09:33:56.690,4.765,100
2020-08-27 09:33:57.500,4.764,1000
2020-08-27 09:33:58.100,4.764,200
2020-08-27 09:33:59.370,4.765,500
2020-08-27 09:33:59.660,4.764,1000
2020-08-27 09:33:59.950,4.764,100
2020-08-27 09:34:00.320,4.765,1400
2020-08-27 09:34:00.320,4.765,8600
2020-08-27 09:34:01.890,4.764,3000
2020-08-27 09:34:01.950,4.764,2100
2020-08-27 09:34:03.080,4.764,18100
2020-08-27 09:34:03.080,4.764,100
2020-08-27 09:34:03.080,4.764,1000
2020-08-27 09:34:03.080,4.764,10000
2020-08-27 09:34:03.080,4.764,3800
2020-08-27 09:34:04.670,4.764,300
2020-08-27 09:34:06.180,4.765,2000
2020-08-27 09:34:06.370,4.764,45900
2020-08-27 09:34:06.370,4.764,26600
2020-08-27 09:34:06.370,4.763,1500
2020-08-27 09:34:06.370,4.763,100
2020-08-27 09:34:06.370,4.763,4200
2020-08-27 09:34:06.370,4.763,100
2020-08-27 09:34:06.370,4.763,200
2020-08-27 09:34:06.370,4.763,3600
2020-08-27 09:34:06.370,4.763,100
2020-08-27 09:34:06.370,4.763,3400
2020-08-27 09:34:06.370,4.763,100
2020-08-27 09:34:06.370,4.763,100
2020-08-27 09:34:06.370,4.763,200
2020-08-27 09:34:06.370,4.763,100
2020-08-27 09:34:06.370,4.763,100
2020-08-27 09:34:06.370,4.763,200
2020-08-27 09:34:06.370,4.763,200
2020-08-27 09:34:06.370,4.763,100
2020-08-27 09:34:06.370,4.763,500
2020-08-27 09:34:06.370,4.763,200
2020-08-27 09:34:06.370,4.763,100
2020-08-27 09:34:06.370,4.763,100
2020-08-27 09:34:06.370,4.763,100
2020-08-27 09:34:06.370,4.763,1000
2020-08-27 09:34:06.370,4.763,900
2020-08-27 09:34:06.370,4.763,100
2020-08-27 09:34:06.370,4.763,100
2020-08-27 09:34:06.370,4.763,100
2020-08-27 09:34:06.370,4.763,600
2020-08-27 09:34:06.370,4.763,700
2020-08-27 09:34:06.370,4.763,3200
2020-08-27 09:34:07.320,4.765,300
2020-08-27 09:34:07.880,4.764,2000
2020-08-27 09:34:07.880,4.765,29100
2020-08-27 09:34:07.880,4.765,6900
2020-08-27 09:34:07.880,4.765,25300
2020-08-27 09:34:08.170,4.765,3100
2020-08-27 09:34:09.280,4.764,200
2020-08-27 09:34:10.980,4.764,1000
2020-08-27 09:34:12.540,4.764,10200
2020-08-27 09:34:12.540,4.764,10000
2020-08-27 09:34:12.540,4.764,3000
2020-08-27 09:34:12.540,4.765,6800
2020-08-27 09:34:14.450,4.764,200
2020-08-27 09:34:15.010,4.764,100
2020-08-27 09:34:16.710,4.764,99700
2020-08-27 09:34:16.710,4.764,1000
2020-08-27 09:34:16.710,4.764,5400
2020-08-27 09:34:17.330,4.763,1800
2020-08-27 09:34:17.330,4.763,1000
2020-08-27 09:34:17.330,4.763,100
2020-08-27 09:34:17.330,4.763,200
2020-08-27 09:34:17.330,4.763,100
2020-08-27 09:34:17.330,4.763,3000
2020-08-27 09:34:17.330,4.763,100
2020-08-27 09:34:17.330,4.763,100
2020-08-27 09:34:17.330,4.763,100
2020-08-27 09:34:17.330,4.763,500
2020-08-27 09:34:17.330,4.763,100
2020-08-27 09:34:17.330,4.763,700
2020-08-27 09:34:17.330,4.763,200
2020-08-27 09:34:17.330,4.763,2000
2020-08-27 09:34:17.330,4.763,100
2020-08-27 09:34:17.330,4.763,100
2020-08-27 09:34:17.330,4.763,100
2020-08-27 09:34:17.330,4.763,100
2020-08-27 09:34:17.330,4.763,100
2020-08-27 09:34:17.330,4.763,100
2020-08-27 09:34:17.330,4.763,100
2020-08-27 09:34:17.330,4.763,200
2020-08-27 09:34:17.330,4.763,300
2020-08-27 09:34:17.330,4.763,100
2020-08-27 09:34:17.330,4.763,200
2020-08-27 09:34:17.330,4.763,300
2020-08-27 09:34:17.330,4.763,5200
2020-08-27 09:34:17.330,4.763,100
2020-08-27 09:34:17.330,4.763,100
2020-08-27 09:34:17.330,4.763,100
2020-08-27 09:34:17.330,4.763,100
2020-08-27 09:34:17.330,4.763,200
2020-08-27 09:34:17.330,4.763,100
2020-08-27 09:34:17.330,4.763,100
2020-08-27 09:34:17.330,4.763,1100
2020-08-27 09:34:17.330,4.763,100
2020-08-27 09:34:17.330,4.763,1000
2020-08-27 09:34:17.330,4.763,300
2020-08-27 09:34:17.330,4.763,200
2020-08-27 09:34:17.330,4.763,100
2020-08-27 09:34:17.330,4.763,100
2020-08-27 09:34:17.330,4.763,300
2020-08-27 09:34:17.330,4.763,100
2020-08-27 09:34:17.330,4.763,100
2020-08-27 09:34:17.330,4.763,100
2020-08-27 09:34:17.330,4.763,100
2020-08-27 09:34:17.330,4.763,100
2020-08-27 09:34:17.330,4.763,300
2020-08-27 09:34:17.330,4.763,100
2020-08-27 09:34:17.330,4.763,100
2020-08-27 09:34:17.330,4.763,100
2020-08-27 09:34:17.330,4.763,200
2020-08-27 09:34:17.330,4.763,200
2020-08-27 09:34:17.330,4.763,8700
2020-08-27 09:34:17.330,4.763,100
2020-08-27 09:34:17.330,4.763,100
2020-08-27 09:34:17.330,4.763,100
2020-08-27 09:34:17.330,4.763,1000
2020-08-27 09:34:17.330,4.763,100
2020-08-27 09:34:17.330,4.763,500
2020-08-27 09:34:17.330,4.763,400
2020-08-27 09:34:17.450,4.764,500
2020-08-27 09:34:18.730,4.764,600
2020-08-27 09:34:18.810,4.764,20000
2020-08-27 09:34:20.590,4.764,14100
2020-08-27 09:34:21.090,4.763,600
2020-08-27 09:34:21.090,4.763,100
2020-08-27 09:34:21.090,4.763,200
2020-08-27 09:34:21.090,4.763,300
2020-08-27 09:34:21.090,4.763,500
2020-08-27 09:34:21.090,4.763,100
2020-08-27 09:34:21.090,4.763,200
2020-08-27 09:34:21.410,4.764,200
2020-08-27 09:34:22.400,4.764,1000
2020-08-27 09:34:22.480,4.763,2300
2020-08-27 09:34:22.480,4.763,100
2020-08-27 09:34:22.480,4.763,2000
2020-08-27 09:34:22.480,4.763,5000
2020-08-27 09:34:22.480,4.763,100
2020-08-27 09:34:22.480,4.763,5200
2020-08-27 09:34:22.480,4.763,200
2020-08-27 09:34:22.480,4.763,100
2020-08-27 09:34:22.480,4.763,100
2020-08-27 09:34:22.480,4.763,100
2020-08-27 09:34:22.480,4.763,10000
2020-08-27 09:34:22.480,4.763,14800
2020-08-27 09:34:22.510,4.764,400
2020-08-27 09:34:23.070,4.763,2100
2020-08-27 09:34:23.620,4.763,500
2020-08-27 09:34:24.130,4.763,7600
2020-08-27 09:34:24.130,4.763,6200
2020-08-27 09:34:24.380,4.763,900
2020-08-27 09:34:24.700,4.763,5600
2020-08-27 09:34:24.700,4.763,100
2020-08-27 09:34:24.700,4.763,12000
2020-08-27 09:34:24.700,4.763,100
2020-08-27 09:34:24.700,4.763,1100
2020-08-27 09:34:24.700,4.763,1100
2020-08-27 09:34:25.310,4.763,7700
2020-08-27 09:34:25.310,4.763,10000
2020-08-27 09:34:25.310,4.763,200
2020-08-27 09:34:25.310,4.763,200
2020-08-27 09:34:25.310,4.763,1000
2020-08-27 09:34:25.310,4.763,1000
2020-08-27 09:34:25.310,4.763,1300
2020-08-27 09:34:25.360,4.763,600
2020-08-27 09:34:25.360,4.763,400
2020-08-27 09:34:27.370,4.762,600
2020-08-27 09:34:27.370,4.762,600
2020-08-27 09:34:28.230,4.763,20000
2020-08-27 09:34:29.280,4.763,10000
2020-08-27 09:34:32.070,4.763,150100
2020-08-27 09:34:32.650,4.763,500
2020-08-27 09:34:32.700,4.762,600
2020-08-27 09:34:32.700,4.762,2500
2020-08-27 09:34:33.790,4.763,100
2020-08-27 09:34:34.030,4.762,500
2020-08-27 09:34:34.030,4.762,10000
2020-08-27 09:34:34.030,4.762,9200
2020-08-27 09:34:34.030,4.762,5000
2020-08-27 09:34:34.030,4.761,1000
2020-08-27 09:34:34.030,4.761,500
2020-08-27 09:34:34.030,4.761,100
2020-08-27 09:34:34.030,4.761,4900
2020-08-27 09:34:34.030,4.761,13100
2020-08-27 09:34:34.030,4.761,41700
2020-08-27 09:34:35.680,4.762,4200
2020-08-27 09:34:35.790,4.763,20000
2020-08-27 09:34:36.270,4.762,300
2020-08-27 09:34:39.220,4.763,500
2020-08-27 09:34:39.470,4.763,2500
2020-08-27 09:34:39.970,4.763,400
2020-08-27 09:34:39.970,4.762,400
2020-08-27 09:34:40.680,4.762,100
2020-08-27 09:34:41.170,4.762,16400
2020-08-27 09:34:41.170,4.762,3600
2020-08-27 09:34:42.100,4.763,94900
2020-08-27 09:34:42.100,4.763,2100
2020-08-27 09:34:42.100,4.763,25000
2020-08-27 09:34:42.100,4.763,2000
2020-08-27 09:34:42.100,4.763,8000
2020-08-27 09:34:42.100,4.763,600
2020-08-27 09:34:42.100,4.763,17500
2020-08-27 09:34:42.130,4.762,10000
2020-08-27 09:34:43.640,4.762,21600
2020-08-27 09:34:43.640,4.762,3000
2020-08-27 09:34:44.530,4.761,100
2020-08-27 09:34:46.290,4.762,1000
2020-08-27 09:34:46.590,4.762,91600
2020-08-27 09:34:46.590,4.762,100
2020-08-27 09:34:46.590,4.762,7000
2020-08-27 09:34:46.590,4.762,5000
2020-08-27 09:34:46.590,4.763,17600
2020-08-27 09:34:46.590,4.764,28800
2020-08-27 09:34:47.010,4.761,10000
2020-08-27 09:34:48.310,4.762,200
2020-08-27 09:34:49.840,4.761,3000
2020-08-27 09:34:50.460,4.762,5000
2020-08-27 09:34:50.460,4.762,1000
2020-08-27 09:34:50.460,4.762,6800
2020-08-27 09:34:50.460,4.763,2400
2020-08-27 09:34:50.800,4.763,3000
2020-08-27 09:34:51.600,4.763,200
2020-08-27 09:34:52.080,4.763,2100
2020-08-27 09:34:52.140,4.763,12500
2020-08-27 09:34:52.140,4.761,5700
2020-08-27 09:34:52.140,4.761,3800
2020-08-27 09:34:54.020,4.761,5000
2020-08-27 09:34:54.320,4.761,6000
2020-08-27 09:34:58.090,4.763,500
2020-08-27 09:35:00.420,4.761,1200
2020-08-27 09:35:02.300,4.762,2000
2020-08-27 09:35:02.300,4.763,200
2020-08-27 09:35:02.300,4.763,1900
2020-08-27 09:35:02.300,4.764,900
2020-08-27 09:35:04.570,4.764,100
2020-08-27 09:35:07.380,4.762,2000
2020-08-27 09:35:07.380,4.761,200
2020-08-27 09:35:07.380,4.761,500
2020-08-27 09:35:07.380,4.761,200
2020-08-27 09:35:07.380,4.761,1400
2020-08-27 09:35:08.320,4.763,700
2020-08-27 09:35:08.320,4.763,300
2020-08-27 09:35:09.210,4.762,1000
2020-08-27 09:35:09.210,4.761,1100
2020-08-27 09:35:10.230,4.763,1500
2020-08-27 09:35:10.400,4.763,100
2020-08-27 09:35:11.130,4.763,9400
2020-08-27 09:35:11.130,4.762,400
2020-08-27 09:35:11.130,4.762,200
2020-08-27 09:35:14.190,4.762,300
2020-08-27 09:35:14.190,4.762,6000
2020-08-27 09:35:14.800,4.764,28000
2020-08-27 09:35:14.800,4.764,84900
2020-08-27 09:35:14.800,4.764,4200
2020-08-27 09:35:14.800,4.764,1500
2020-08-27 09:35:14.800,4.764,10000
2020-08-27 09:35:14.800,4.764,12000
2020-08-27 09:35:14.800,4.764,100000
2020-08-27 09:35:14.800,4.764,59400
2020-08-27 09:35:15.390,4.763,200
2020-08-27 09:35:15.610,4.764,5000
2020-08-27 09:35:15.890,4.763,2300
2020-08-27 09:35:16.050,4.764,135600
2020-08-27 09:35:16.050,4.764,10000
2020-08-27 09:35:17.750,4.764,7500
2020-08-27 09:35:18.220,4.765,3000
2020-08-27 09:35:18.220,4.765,1500
2020-08-27 09:35:18.220,4.765,600
2020-08-27 09:35:18.220,4.765,10900
2020-08-27 09:35:18.850,4.764,1200
2020-08-27 09:35:20.100,4.765,5100
2020-08-27 09:35:20.220,4.764,3500
2020-08-27 09:35:20.800,4.764,2000
2020-08-27 09:35:21.630,4.765,18300
2020-08-27 09:35:21.630,4.765,2000
2020-08-27 09:35:21.630,4.765,4400
2020-08-27 09:35:21.630,4.765,1000
2020-08-27 09:35:21.630,4.765,18500
2020-08-27 09:35:21.630,4.765,50000
2020-08-27 09:35:21.630,4.765,100
2020-08-27 09:35:21.630,4.765,3500
2020-08-27 09:35:22.500,4.766,27100
2020-08-27 09:35:22.500,4.766,111100
2020-08-27 09:35:22.500,4.766,200
2020-08-27 09:35:23.140,4.766,10000
2020-08-27 09:35:24.270,4.766,3000
2020-08-27 09:35:28.580,4.766,5000
2020-08-27 09:35:28.580,4.765,66000
2020-08-27 09:35:28.580,4.765,900
2020-08-27 09:35:28.580,4.765,1000
2020-08-27 09:35:28.580,4.765,27100
2020-08-27 09:35:28.960,4.765,600
2020-08-27 09:35:29.540,4.766,400
2020-08-27 09:35:29.540,4.767,4800
2020-08-27 09:35:29.720,4.767,2200
2020-08-27 09:35:32.070,4.766,1000
2020-08-27 09:35:32.700,4.766,1200
2020-08-27 09:35:33.060,4.765,100
2020-08-27 09:35:33.200,4.765,100
2020-08-27 09:35:33.360,4.765,500
2020-08-27 09:35:34.110,4.765,1300
2020-08-27 09:35:34.110,4.764,4100
2020-08-27 09:35:34.110,4.764,1000
2020-08-27 09:35:34.110,4.763,7500
2020-08-27 09:35:34.110,4.763,19100
2020-08-27 09:35:34.110,4.763,5100
2020-08-27 09:35:34.110,4.763,100
2020-08-27 09:35:34.110,4.763,500
2020-08-27 09:35:34.110,4.763,6500
2020-08-27 09:35:35.300,4.764,200
2020-08-27 09:35:36.190,4.763,800
2020-08-27 09:35:36.790,4.764,100
2020-08-27 09:35:38.220,4.764,400
2020-08-27 09:35:38.640,4.764,3300
2020-08-27 09:35:38.640,4.765,2000
2020-08-27 09:35:38.640,4.765,500
2020-08-27 09:35:38.640,4.765,2200
2020-08-27 09:35:38.640,4.766,1000
2020-08-27 09:35:38.640,4.766,500
2020-08-27 09:35:38.640,4.766,100
2020-08-27 09:35:38.640,4.766,6900
2020-08-27 09:35:38.950,4.765,200
2020-08-27 09:35:39.970,4.765,1500
2020-08-27 09:35:40.680,4.765,2400
2020-08-27 09:35:40.680,4.766,19400
2020-08-27 09:35:40.680,4.766,8000
2020-08-27 09:35:40.680,4.767,4500
2020-08-27 09:35:40.680,4.767,1400
2020-08-27 09:35:40.680,4.767,15600
2020-08-27 09:35:40.680,4.767,50000
2020-08-27 09:35:40.680,4.768,3200
2020-08-27 09:35:40.680,4.768,900
2020-08-27 09:35:40.680,4.768,500
2020-08-27 09:35:40.680,4.768,30000
2020-08-27 09:35:40.680,4.768,50000
2020-08-27 09:35:40.680,4.768,114100
2020-08-27 09:35:42.120,4.767,2000
2020-08-27 09:35:42.980,4.765,5000
2020-08-27 09:35:44.700,4.764,1400
2020-08-27 09:35:48.020,4.765,1200
2020-08-27 09:35:49.220,4.764,100
2020-08-27 09:35:49.220,4.764,100
2020-08-27 09:35:49.220,4.764,5100
2020-08-27 09:35:49.540,4.765,2000
2020-08-27 09:35:50.010,4.765,1000
2020-08-27 09:35:50.070,4.765,88800
2020-08-27 09:35:51.650,4.765,200
2020-08-27 09:35:54.530,4.765,2000
2020-08-27 09:35:55.080,4.765,19400
2020-08-27 09:35:55.080,4.765,100
2020-08-27 09:35:55.080,4.765,200
2020-08-27 09:35:55.130,4.765,200
2020-08-27 09:35:55.570,4.765,30000
2020-08-27 09:35:55.670,4.765,50100
2020-08-27 09:35:55.670,4.765,1000
2020-08-27 09:35:58.680,4.766,1400
2020-08-27 09:35:58.680,4.766,100
2020-08-27 09:35:58.680,4.766,1000
2020-08-27 09:35:58.680,4.766,2500
2020-08-27 09:35:58.770,4.766,10000
2020-08-27 09:35:59.580,4.765,500
2020-08-27 09:36:00.120,4.765,146700
2020-08-27 09:36:00.540,4.765,30000
2020-08-27 09:36:00.620,4.765,42500
2020-08-27 09:36:00.620,4.766,7500
2020-08-27 09:36:00.620,4.766,500
2020-08-27 09:36:00.620,4.766,9900
2020-08-27 09:36:00.820,4.768,800
2020-08-27 09:36:02.440,4.766,9500
2020-08-27 09:36:03.360,4.766,10000
2020-08-27 09:36:03.840,4.765,6700
2020-08-27 09:36:04.840,4.765,200
2020-08-27 09:36:05.750,4.765,7100
2020-08-27 09:36:05.750,4.765,12900
2020-08-27 09:36:09.970,4.768,3200
2020-08-27 09:36:11.530,4.768,6000
2020-08-27 09:36:11.530,4.768,10000
2020-08-27 09:36:13.530,4.768,200
2020-08-27 09:36:15.460,4.768,1000
2020-08-27 09:36:16.730,4.768,5000
2020-08-27 09:36:17.630,4.768,2500
2020-08-27 09:36:17.800,4.769,500
2020-08-27 09:36:18.370,4.769,400
2020-08-27 09:36:19.260,4.768,200
2020-08-27 09:36:19.380,4.768,1100
2020-08-27 09:36:19.600,4.768,400
2020-08-27 09:36:20.190,4.769,1100
2020-08-27 09:36:21.160,4.769,1500
2020-08-27 09:36:21.780,4.769,3000
2020-08-27 09:36:22.100,4.769,500
2020-08-27 09:36:22.630,4.769,100
2020-08-27 09:36:22.650,4.769,20000
2020-08-27 09:36:23.810,4.769,600
2020-08-27 09:36:24.730,4.769,200
2020-08-27 09:36:24.860,4.769,100
2020-08-27 09:36:25.390,4.769,300
2020-08-27 09:36:25.490,4.768,10000
2020-08-27 09:36:27.760,4.769,21700
2020-08-27 09:36:27.760,4.769,1000
2020-08-27 09:36:27.760,4.769,200
2020-08-27 09:36:27.760,4.769,6000
2020-08-27 09:36:27.910,4.769,11100
2020-08-27 09:36:27.910,4.769,20000
2020-08-27 09:36:27.910,4.769,200
2020-08-27 09:36:27.910,4.768,2200
2020-08-27 09:36:28.670,4.768,100
2020-08-27 09:36:31.730,4.769,500
2020-08-27 09:36:32.470,4.769,800
2020-08-27 09:36:32.600,4.77,1000
2020-08-27 09:36:32.600,4.77,2000
2020-08-27 09:36:32.600,4.77,2000
2020-08-27 09:36:32.600,4.77,2000
2020-08-27 09:36:32.600,4.77,400
2020-08-27 09:36:32.600,4.77,12900
2020-08-27 09:36:32.600,4.77,10000
2020-08-27 09:36:32.600,4.771,5000
2020-08-27 09:36:32.600,4.771,200
2020-08-27 09:36:32.600,4.771,3000
2020-08-27 09:36:32.600,4.771,7200
2020-08-27 09:36:32.600,4.771,4300
2020-08-27 09:36:35.520,4.769,1700
2020-08-27 09:36:35.520,4.769,500
2020-08-27 09:36:35.520,4.769,800
2020-08-27 09:36:35.930,4.77,100
2020-08-27 09:36:36.120,4.77,400
2020-08-27 09:36:37.130,4.77,8500
2020-08-27 09:36:37.130,4.77,41500
2020-08-27 09:36:37.370,4.769,9200
2020-08-27 09:36:37.370,4.769,300
2020-08-27 09:36:37.370,4.769,1000
2020-08-27 09:36:37.370,4.769,3300
2020-08-27 09:36:37.370,4.769,700
2020-08-27 09:36:37.370,4.769,2000
2020-08-27 09:36:37.370,4.769,7400
2020-08-27 09:36:37.370,4.769,4000
2020-08-27 09:36:38.180,4.768,33000
2020-08-27 09:36:38.510,4.768,1000
2020-08-27 09:36:39.790,4.769,1000
2020-08-27 09:36:39.940,4.769,14000
2020-08-27 09:36:39.940,4.769,5100
2020-08-27 09:36:39.940,4.769,65900
2020-08-27 09:36:40.570,4.769,10000
2020-08-27 09:36:41.030,4.768,140600
2020-08-27 09:36:41.090,4.769,1000
2020-08-27 09:36:42.070,4.768,600
2020-08-27 09:36:43.120,4.768,100000
2020-08-27 09:36:43.280,4.769,1700
2020-08-27 09:36:43.870,4.769,50000
2020-08-27 09:36:44.020,4.768,5100
2020-08-27 09:36:45.330,4.768,7800
2020-08-27 09:36:45.890,4.768,100
2020-08-27 09:36:46.120,4.768,300000
2020-08-27 09:36:47.440,4.768,6700
2020-08-27 09:36:47.660,4.768,67600
2020-08-27 09:36:48.120,4.768,298800
2020-08-27 09:36:48.120,4.768,1200
2020-08-27 09:36:48.380,4.769,300
2020-08-27 09:36:48.380,4.769,1700
2020-08-27 09:36:48.430,4.768,2800
2020-08-27 09:36:48.430,4.768,2000
2020-08-27 09:36:48.430,4.768,100
2020-08-27 09:36:48.430,4.768,1000
2020-08-27 09:36:48.430,4.768,4900
2020-08-27 09:36:48.430,4.768,1000
2020-08-27 09:36:48.430,4.768,200
2020-08-27 09:36:48.430,4.768,3000
2020-08-27 09:36:48.740,4.768,32000
2020-08-27 09:36:49.180,4.768,30000
2020-08-27 09:36:50.380,4.768,10000
2020-08-27 09:36:51.680,4.768,1200
2020-08-27 09:36:54.460,4.768,2400
2020-08-27 09:36:55.160,4.768,100
2020-08-27 09:36:56.820,4.768,100
2020-08-27 09:36:58.140,4.768,500
2020-08-27 09:36:59.120,4.768,3000
2020-08-27 09:36:59.260,4.768,600
2020-08-27 09:37:06.120,4.768,500
2020-08-27 09:37:08.080,4.768,2000
2020-08-27 09:37:08.640,4.768,2000
2020-08-27 09:37:08.640,4.768,2000
2020-08-27 09:37:08.640,4.768,700
2020-08-27 09:37:08.640,4.768,100
2020-08-27 09:37:08.640,4.768,2000
2020-08-27 09:37:08.640,4.768,1100
2020-08-27 09:37:08.640,4.768,300
2020-08-27 09:37:08.640,4.769,20000
2020-08-27 09:37:08.640,4.769,1000
2020-08-27 09:37:13.460,4.769,500
2020-08-27 09:37:16.380,4.77,100
2020-08-27 09:37:16.860,4.769,3300
2020-08-27 09:37:17.040,4.768,4000
2020-08-27 09:37:18.300,4.768,40000
2020-08-27 09:37:19.420,4.769,6700
2020-08-27 09:37:19.420,4.77,1800
2020-08-27 09:37:19.760,4.769,1800
2020-08-27 09:37:20.860,4.769,2000
2020-08-27 09:37:20.860,4.768,9500
2020-08-27 09:37:21.870,4.77,1100
2020-08-27 09:37:21.870,4.77,1000
2020-08-27 09:37:21.870,4.77,3000
2020-08-27 09:37:23.350,4.77,100
2020-08-27 09:37:23.660,4.769,200
2020-08-27 09:37:23.980,4.77,1900
2020-08-27 09:37:23.980,4.77,30000
2020-08-27 09:37:23.980,4.77,5000
2020-08-27 09:37:24.570,4.77,22500
2020-08-27 09:37:25.310,4.77,30100
2020-08-27 09:37:25.820,4.771,4100
2020-08-27 09:37:28.160,4.77,3000
2020-08-27 09:37:29.530,4.77,600
2020-08-27 09:37:30.080,4.77,10000
2020-08-27 09:37:30.980,4.77,20000
2020-08-27 09:37:31.900,4.771,4600
2020-08-27 09:37:33.350,4.771,2000
2020-08-27 09:37:34.520,4.771,200
2020-08-27 09:37:35.020,4.771,100
2020-08-27 09:37:36.160,4.77,1200
2020-08-27 09:37:37.450,4.771,4300
2020-08-27 09:37:38.150,4.771,2400
2020-08-27 09:37:38.150,4.771,7600
2020-08-27 09:37:38.710,4.77,100
2020-08-27 09:37:39.230,4.771,2000
2020-08-27 09:37:39.770,4.77,90000
2020-08-27 09:37:39.820,4.771,400
2020-08-27 09:37:39.820,4.771,600
2020-08-27 09:37:40.610,4.771,300
2020-08-27 09:37:41.020,4.771,100
2020-08-27 09:37:41.270,4.771,1500
2020-08-27 09:37:41.270,4.771,15500
2020-08-27 09:37:41.270,4.771,200
2020-08-27 09:37:41.750,4.771,800
2020-08-27 09:37:44.440,4.772,2000
2020-08-27 09:37:44.640,4.771,1500
2020-08-27 09:37:48.960,4.772,2100
2020-08-27 09:37:48.960,4.772,1000
2020-08-27 09:37:48.960,4.772,500
2020-08-27 09:37:48.960,4.772,100
2020-08-27 09:37:48.960,4.772,17900
2020-08-27 09:37:48.960,4.772,30000
2020-08-27 09:37:48.960,4.772,1500
2020-08-27 09:37:48.960,4.772,99000
2020-08-27 09:37:48.960,4.772,2900
2020-08-27 09:37:48.960,4.772,50000
2020-08-27 09:37:49.670,4.773,100
2020-08-27 09:37:49.670,4.773,300
2020-08-27 09:37:49.670,4.773,1500
2020-08-27 09:37:49.670,4.773,800
2020-08-27 09:37:49.670,4.773,2000
2020-08-27 09:37:49.670,4.773,10000
2020-08-27 09:37:49.670,4.773,20000
2020-08-27 09:37:49.670,4.773,10000
2020-08-27 09:37:49.670,4.773,100000
2020-08-27 09:37:49.670,4.773,50000
2020-08-27 09:37:49.670,4.773,6000
2020-08-27 09:37:51.280,4.773,2000
2020-08-27 09:37:54.560,4.773,6900
2020-08-27 09:37:54.690,4.773,9800
2020-08-27 09:37:55.120,4.774,11100
2020-08-27 09:37:56.570,4.773,2000
2020-08-27 09:37:56.620,4.773,500
2020-08-27 09:37:56.620,4.773,1000
2020-08-27 09:37:58.200,4.773,3200
2020-08-27 09:37:58.200,4.773,300
2020-08-27 09:37:58.200,4.773,3500
2020-08-27 09:37:59.840,4.773,200
2020-08-27 09:38:00.100,4.773,5000
2020-08-27 09:38:00.520,4.774,5900
2020-08-27 09:38:00.790,4.773,400
2020-08-27 09:38:00.940,4.773,19600
2020-08-27 09:38:00.940,4.773,1500
2020-08-27 09:38:02.560,4.773,2000
2020-08-27 09:38:03.190,4.773,76900
2020-08-27 09:38:03.190,4.774,9100
2020-08-27 09:38:03.990,4.774,50000
2020-08-27 09:38:04.230,4.774,1000
2020-08-27 09:38:05.710,4.774,72900
2020-08-27 09:38:05.710,4.774,1300
2020-08-27 09:38:05.710,4.774,100
2020-08-27 09:38:05.710,4.774,200
2020-08-27 09:38:05.710,4.774,50000
2020-08-27 09:38:05.910,4.775,4500
2020-08-27 09:38:05.910,4.775,10000
2020-08-27 09:38:05.910,4.775,3000
2020-08-27 09:38:05.910,4.775,200
2020-08-27 09:38:05.910,4.775,600
2020-08-27 09:38:05.910,4.775,2500
2020-08-27 09:38:05.910,4.775,7000
2020-08-27 09:38:05.910,4.775,2000
2020-08-27 09:38:05.910,4.775,10000
2020-08-27 09:38:05.910,4.775,10200
2020-08-27 09:38:06.640,4.774,228900
2020-08-27 09:38:07.740,4.774,300
2020-08-27 09:38:07.840,4.775,500
2020-08-27 09:38:08.160,4.774,100
2020-08-27 09:38:09.840,4.775,2300
2020-08-27 09:38:10.430,4.774,300100
2020-08-27 09:38:10.530,4.775,3100
2020-08-27 09:38:10.560,4.774,10000
2020-08-27 09:38:10.590,4.774,30000
2020-08-27 09:38:10.590,4.774,40000
2020-08-27 09:38:11.010,4.774,5000
2020-08-27 09:38:11.630,4.774,100000
2020-08-27 09:38:11.680,4.774,30000
2020-08-27 09:38:11.680,4.774,30000
2020-08-27 09:38:11.960,4.774,1100
2020-08-27 09:38:11.960,4.774,40000
2020-08-27 09:38:11.960,4.774,1100
2020-08-27 09:38:12.210,4.774,500
2020-08-27 09:38:12.750,4.774,10000
2020-08-27 09:38:14.520,4.773,1000
2020-08-27 09:38:14.520,4.773,200
2020-08-27 09:38:14.520,4.773,5000
2020-08-27 09:38:14.520,4.773,2000
2020-08-27 09:38:14.520,4.773,5000
2020-08-27 09:38:14.830,4.772,2000
2020-08-27 09:38:14.830,4.772,500
2020-08-27 09:38:14.830,4.772,3000
2020-08-27 09:38:14.830,4.772,4500
2020-08-27 09:38:16.120,4.772,3800
2020-08-27 09:38:16.980,4.772,3400
2020-08-27 09:38:16.980,4.772,100
2020-08-27 09:38:16.980,4.772,6300
2020-08-27 09:38:16.980,4.772,5000
2020-08-27 09:38:16.980,4.772,6000
2020-08-27 09:38:16.980,4.772,1100
2020-08-27 09:38:16.980,4.772,1100
2020-08-27 09:38:19.660,4.771,1000
2020-08-27 09:38:19.660,4.771,500
2020-08-27 09:38:19.660,4.771,10000
2020-08-27 09:38:19.660,4.771,500
2020-08-27 09:38:19.660,4.771,2600
2020-08-27 09:38:19.660,4.771,800
2020-08-27 09:38:19.660,4.771,1000
2020-08-27 09:38:19.660,4.771,23600
2020-08-27 09:38:19.860,4.772,5000
2020-08-27 09:38:21.350,4.772,500
2020-08-27 09:38:22.090,4.77,200
2020-08-27 09:38:22.110,4.772,100
2020-08-27 09:38:22.570,4.772,1000
2020-08-27 09:38:22.760,4.772,1000
2020-08-27 09:38:23.170,4.772,30000
2020-08-27 09:38:23.380,4.77,5900
2020-08-27 09:38:24.330,4.771,300
2020-08-27 09:38:24.330,4.772,100000
2020-08-27 09:38:24.330,4.772,9100
2020-08-27 09:38:26.480,4.77,4400
2020-08-27 09:38:27.160,4.771,500
2020-08-27 09:38:27.160,4.771,15500
2020-08-27 09:38:27.160,4.772,37000
2020-08-27 09:38:27.240,4.772,3000
2020-08-27 09:38:27.240,4.772,2000
2020-08-27 09:38:27.980,4.77,25000
2020-08-27 09:38:28.080,4.771,200
2020-08-27 09:38:28.080,4.772,100
2020-08-27 09:38:28.080,4.773,200
2020-08-27 09:38:28.180,4.77,1000
2020-08-27 09:38:28.360,4.77,100
2020-08-27 09:38:29.670,4.772,3400
2020-08-27 09:38:29.900,4.772,1400
2020-08-27 09:38:31.290,4.771,1500
2020-08-27 09:38:32.050,4.772,5000
2020-08-27 09:38:32.410,4.771,500
2020-08-27 09:38:32.900,4.771,200
2020-08-27 09:38:33.510,4.771,40000
2020-08-27 09:38:33.750,4.771,7800
2020-08-27 09:38:34.470,4.771,2200
2020-08-27 09:38:34.470,4.772,200
2020-08-27 09:38:35.040,4.772,200
2020-08-27 09:38:35.040,4.772,400
2020-08-27 09:38:35.400,4.772,100
2020-08-27 09:38:35.890,4.772,300
2020-08-27 09:38:36.330,4.772,100
2020-08-27 09:38:37.280,4.772,400
2020-08-27 09:38:40.520,4.771,200
2020-08-27 09:38:41.490,4.772,2100
2020-08-27 09:38:42.180,4.772,1900
2020-08-27 09:38:42.180,4.772,200
2020-08-27 09:38:42.180,4.772,200
2020-08-27 09:38:42.180,4.773,200
2020-08-27 09:38:43.560,4.772,100
2020-08-27 09:38:43.560,4.772,200
2020-08-27 09:38:43.560,4.773,100
2020-08-27 09:38:45.660,4.773,100
2020-08-27 09:38:45.940,4.772,200
2020-08-27 09:38:45.940,4.771,3900
2020-08-27 09:38:45.940,4.77,49000
2020-08-27 09:38:45.940,4.77,500
2020-08-27 09:38:45.940,4.77,200
2020-08-27 09:38:45.940,4.77,700
2020-08-27 09:38:45.940,4.77,200
2020-08-27 09:38:45.940,4.77,1000
2020-08-27 09:38:45.940,4.77,200
2020-08-27 09:38:45.940,4.77,1000
2020-08-27 09:38:45.940,4.77,1000
2020-08-27 09:38:45.940,4.77,3800
2020-08-27 09:38:45.940,4.77,1800
2020-08-27 09:38:45.940,4.77,100
2020-08-27 09:38:45.940,4.77,800
2020-08-27 09:38:45.940,4.77,40000
2020-08-27 09:38:45.940,4.77,2200
2020-08-27 09:38:47.540,4.77,51900
2020-08-27 09:38:47.640,4.772,10000
2020-08-27 09:38:47.720,4.772,38100
2020-08-27 09:38:49.040,4.773,7000
2020-08-27 09:38:50.030,4.769,300
2020-08-27 09:38:50.030,4.769,30000
2020-08-27 09:38:50.030,4.769,100
2020-08-27 09:38:50.030,4.769,5000
2020-08-27 09:38:50.030,4.768,1500
2020-08-27 09:38:50.030,4.768,5000
2020-08-27 09:38:50.030,4.768,2000
2020-08-27 09:38:50.030,4.768,6100
2020-08-27 09:38:50.240,4.773,600
2020-08-27 09:38:50.300,4.768,1900
2020-08-27 09:38:50.300,4.768,3100
2020-08-27 09:38:51.840,4.772,3200
2020-08-27 09:38:52.470,4.772,100
2020-08-27 09:38:53.800,4.772,100
2020-08-27 09:38:54.300,4.77,1200
2020-08-27 09:38:54.330,4.77,3800
2020-08-27 09:38:54.330,4.77,10000
2020-08-27 09:38:54.330,4.77,6200
2020-08-27 09:38:55.670,4.772,100
2020-08-27 09:39:00.630,4.77,4200
2020-08-27 09:39:00.880,4.77,1200
2020-08-27 09:39:01.690,4.771,28600
2020-08-27 09:39:01.690,4.771,1400
2020-08-27 09:39:02.350,4.77,8400
2020-08-27 09:39:02.350,4.77,1400
2020-08-27 09:39:03.650,4.77,2000
2020-08-27 09:39:03.830,4.77,2000
2020-08-27 09:39:04.050,4.77,1000
2020-08-27 09:39:08.250,4.769,100
2020-08-27 09:39:08.580,4.769,2000
2020-08-27 09:39:08.760,4.769,100
2020-08-27 09:39:09.210,4.769,200
2020-08-27 09:39:09.620,4.769,400
2020-08-27 09:39:09.890,4.769,100
2020-08-27 09:39:09.920,4.769,100
2020-08-27 09:39:14.680,4.77,300
2020-08-27 09:39:15.420,4.769,400
2020-08-27 09:39:16.290,4.769,100
2020-08-27 09:39:16.290,4.769,100
2020-08-27 09:39:17.180,4.77,2500
2020-08-27 09:39:20.110,4.77,500
2020-08-27 09:39:21.290,4.77,3500
2020-08-27 09:39:21.290,4.77,500
2020-08-27 09:39:21.830,4.769,100
2020-08-27 09:39:21.830,4.769,100
2020-08-27 09:39:22.540,4.77,100
2020-08-27 09:39:22.540,4.77,200
2020-08-27 09:39:23.980,4.77,200
2020-08-27 09:39:24.360,4.77,100
2020-08-27 09:39:24.360,4.77,1000
2020-08-27 09:39:24.360,4.77,100
2020-08-27 09:39:24.360,4.77,4500
2020-08-27 09:39:24.480,4.77,100
2020-08-27 09:39:25.020,4.77,600
2020-08-27 09:39:25.070,4.769,200
2020-08-27 09:39:25.070,4.769,800
2020-08-27 09:39:25.970,4.77,1500
2020-08-27 09:39:26.190,4.769,1200
2020-08-27 09:39:28.610,4.769,10100
2020-08-27 09:39:28.610,4.769,800
2020-08-27 09:39:28.610,4.768,400
2020-08-27 09:39:30.640,4.77,3100
2020-08-27 09:39:31.450,4.769,400
2020-08-27 09:39:33.540,4.769,1100
2020-08-27 09:39:33.540,4.769,900
2020-08-27 09:39:34.060,4.769,1000
2020-08-27 09:39:35.380,4.769,600
2020-08-27 09:39:37.050,4.768,1500
2020-08-27 09:39:37.050,4.768,2000
2020-08-27 09:39:37.050,4.768,4900
2020-08-27 09:39:37.240,4.77,200
2020-08-27 09:39:37.870,4.769,65200
2020-08-27 09:39:39.240,4.769,400
2020-08-27 09:39:40.500,4.769,2800
2020-08-27 09:39:40.950,4.77,100
2020-08-27 09:39:41.020,4.77,3600
2020-08-27 09:39:41.020,4.77,300
2020-08-27 09:39:41.020,4.77,2000
2020-08-27 09:39:41.020,4.77,13300
2020-08-27 09:39:43.800,4.77,200
2020-08-27 09:39:44.290,4.77,4500
2020-08-27 09:39:45.040,4.77,100
2020-08-27 09:39:45.040,4.77,200
2020-08-27 09:39:45.040,4.77,700
2020-08-27 09:39:45.850,4.77,3000
2020-08-27 09:39:46.870,4.77,25000
2020-08-27 09:39:47.270,4.77,500
2020-08-27 09:39:48.160,4.77,1400
2020-08-27 09:39:48.410,4.771,200
2020-08-27 09:39:48.410,4.771,1300
2020-08-27 09:39:48.410,4.77,2500
2020-08-27 09:39:49.740,4.771,3700
2020-08-27 09:39:49.740,4.771,2000
2020-08-27 09:39:49.740,4.771,2500
2020-08-27 09:39:49.740,4.772,600
2020-08-27 09:39:49.740,4.772,10000
2020-08-27 09:39:49.740,4.772,400
2020-08-27 09:39:49.740,4.772,90000
2020-08-27 09:39:49.740,4.772,9500
2020-08-27 09:39:49.740,4.772,1000
2020-08-27 09:39:49.740,4.772,22500
2020-08-27 09:39:49.740,4.772,200
2020-08-27 09:39:49.740,4.772,300
2020-08-27 09:39:49.740,4.772,5000
2020-08-27 09:39:49.740,4.772,28600
2020-08-27 09:39:49.740,4.772,500
2020-08-27 09:39:49.740,4.772,80000
2020-08-27 09:39:49.740,4.773,15600
2020-08-27 09:39:49.740,4.773,300
2020-08-27 09:39:49.740,4.773,5800
2020-08-27 09:39:49.740,4.773,400
2020-08-27 09:39:49.740,4.773,2000
2020-08-27 09:39:49.740,4.773,10000
2020-08-27 09:39:49.740,4.773,1000
2020-08-27 09:39:49.740,4.773,200
2020-08-27 09:39:49.740,4.773,7900
2020-08-27 09:39:52.280,4.771,500
2020-08-27 09:39:52.900,4.771,1000
2020-08-27 09:39:53.550,4.771,200
2020-08-27 09:39:54.760,4.771,2100
2020-08-27 09:39:59.860,4.772,100
2020-08-27 09:40:00.150,4.773,2100
2020-08-27 09:40:01.040,4.773,28900
2020-08-27 09:40:04.070,4.773,1500
2020-08-27 09:40:07.940,4.773,9500
2020-08-27 09:40:07.940,4.773,1000
2020-08-27 09:40:07.940,4.773,19100
2020-08-27 09:40:08.440,4.773,20900
2020-08-27 09:40:08.470,4.773,100
2020-08-27 09:40:08.530,4.773,600
2020-08-27 09:40:08.750,4.773,3700
2020-08-27 09:40:08.980,4.773,100
2020-08-27 09:40:09.940,4.773,6200
2020-08-27 09:40:09.940,4.773,200
2020-08-27 09:40:10.350,4.773,4500
2020-08-27 09:40:11.350,4.773,8400
2020-08-27 09:40:11.440,4.773,30300
2020-08-27 09:40:12.250,4.773,400
2020-08-27 09:40:12.250,4.773,4100
2020-08-27 09:40:12.320,4.773,15900
2020-08-27 09:40:12.320,4.773,300
2020-08-27 09:40:13.290,4.774,47300
2020-08-27 09:40:13.290,4.774,30000
2020-08-27 09:40:13.290,4.774,2000
2020-08-27 09:40:13.290,4.774,200
2020-08-27 09:40:13.290,4.774,30000
2020-08-27 09:40:13.290,4.774,10000
2020-08-27 09:40:13.290,4.774,1000
2020-08-27 09:40:13.290,4.774,50000
2020-08-27 09:40:14.890,4.774,1000
2020-08-27 09:40:14.890,4.773,4200
2020-08-27 09:40:14.890,4.773,300
2020-08-27 09:40:15.320,4.775,3900
2020-08-27 09:40:15.320,4.775,100
2020-08-27 09:40:15.320,4.775,14900
2020-08-27 09:40:15.320,4.775,200
2020-08-27 09:40:15.320,4.775,3500
2020-08-27 09:40:15.320,4.775,8300
2020-08-27 09:40:15.320,4.775,200
2020-08-27 09:40:15.320,4.775,50000
2020-08-27 09:40:15.320,4.775,80000
2020-08-27 09:40:15.320,4.775,300
2020-08-27 09:40:15.320,4.775,3000
2020-08-27 09:40:15.320,4.775,3000
2020-08-27 09:40:15.320,4.775,5000
2020-08-27 09:40:15.320,4.775,20000
2020-08-27 09:40:15.320,4.775,70100
2020-08-27 09:40:15.320,4.775,40000
2020-08-27 09:40:15.320,4.775,10000
2020-08-27 09:40:15.320,4.775,100
2020-08-27 09:40:15.570,4.773,200
2020-08-27 09:40:17.360,4.774,1000
2020-08-27 09:40:20.030,4.774,100
2020-08-27 09:40:22.400,4.774,1000
2020-08-27 09:40:22.930,4.775,100
2020-08-27 09:40:22.930,4.775,1700
2020-08-27 09:40:24.040,4.774,36200
2020-08-27 09:40:25.710,4.774,1000
2020-08-27 09:40:27.510,4.775,300
2020-08-27 09:40:27.510,4.775,200
2020-08-27 09:40:27.510,4.775,57300
2020-08-27 09:40:27.950,4.775,2700
2020-08-27 09:40:28.140,4.776,2200
2020-08-27 09:40:31.760,4.776,2000
2020-08-27 09:40:31.870,4.775,200
2020-08-27 09:40:33.940,4.775,200
2020-08-27 09:40:34.250,4.776,800
2020-08-27 09:40:34.250,4.776,1000
2020-08-27 09:40:34.250,4.776,100
2020-08-27 09:40:34.250,4.776,100
2020-08-27 09:40:34.250,4.776,6800
2020-08-27 09:40:35.070,4.776,21800
2020-08-27 09:40:35.100,4.776,1200
2020-08-27 09:40:36.190,4.776,200
2020-08-27 09:40:36.190,4.776,200
2020-08-27 09:40:36.190,4.776,9600
2020-08-27 09:40:36.370,4.775,500
2020-08-27 09:40:37.010,4.776,600
2020-08-27 09:40:37.010,4.776,9000
2020-08-27 09:40:37.010,4.776,400
2020-08-27 09:40:38.650,4.775,100
2020-08-27 09:40:39.670,4.776,500
2020-08-27 09:40:39.850,4.776,500
2020-08-27 09:40:41.050,4.776,3600
2020-08-27 09:40:41.050,4.776,100
2020-08-27 09:40:41.050,4.776,3000
2020-08-27 09:40:41.050,4.776,1000
2020-08-27 09:40:41.050,4.776,1000
2020-08-27 09:40:41.050,4.776,1300
2020-08-27 09:40:41.340,4.776,5000
2020-08-27 09:40:42.050,4.776,3700
2020-08-27 09:40:42.050,4.777,1300
2020-08-27 09:40:44.140,4.776,100
2020-08-27 09:40:44.840,4.776,4000
2020-08-27 09:40:45.320,4.777,7000
2020-08-27 09:40:45.320,4.777,600
2020-08-27 09:40:45.320,4.777,3500
2020-08-27 09:40:45.320,4.777,10000
2020-08-27 09:40:45.320,4.777,400
2020-08-27 09:40:45.320,4.777,1000
2020-08-27 09:40:45.320,4.777,300
2020-08-27 09:40:45.320,4.777,18600
2020-08-27 09:40:45.390,4.776,200
2020-08-27 09:40:45.470,4.776,100
2020-08-27 09:40:45.870,4.776,2000
2020-08-27 09:40:45.990,4.776,3500
2020-08-27 09:40:46.010,4.777,100
2020-08-27 09:40:46.580,4.776,2000
2020-08-27 09:40:47.570,4.776,30000
2020-08-27 09:40:48.150,4.777,3300
2020-08-27 09:40:48.150,4.777,11000
2020-08-27 09:40:48.150,4.777,8300
2020-08-27 09:40:48.150,4.777,27400
2020-08-27 09:40:48.330,4.776,1000
2020-08-27 09:40:49.950,4.776,3300
2020-08-27 09:40:50.130,4.777,1000
2020-08-27 09:40:50.310,4.777,14100
2020-08-27 09:40:50.840,4.777,3000
2020-08-27 09:40:51.110,4.777,25300
2020-08-27 09:40:57.490,4.777,200
2020-08-27 09:40:57.510,4.776,300
2020-08-27 09:40:57.690,4.777,100
2020-08-27 09:40:57.690,4.777,8200
2020-08-27 09:40:57.690,4.777,5000
2020-08-27 09:40:57.690,4.777,3000
2020-08-27 09:40:57.690,4.777,3700
2020-08-27 09:40:58.610,4.777,600
2020-08-27 09:40:58.610,4.777,100
2020-08-27 09:40:58.610,4.778,300
2020-08-27 09:41:02.550,4.778,300
2020-08-27 09:41:02.730,4.777,2100
2020-08-27 09:41:02.730,4.777,400
2020-08-27 09:41:02.730,4.777,200
2020-08-27 09:41:02.730,4.777,100
2020-08-27 09:41:02.730,4.777,200
2020-08-27 09:41:02.730,4.777,400
2020-08-27 09:41:02.730,4.776,3500
2020-08-27 09:41:02.730,4.776,18100
2020-08-27 09:41:03.460,4.777,2000
2020-08-27 09:41:03.460,4.778,6000
2020-08-27 09:41:04.010,4.777,121900
2020-08-27 09:41:04.580,4.776,31900
2020-08-27 09:41:04.580,4.776,200
2020-08-27 09:41:04.580,4.776,17400
2020-08-27 09:41:04.580,4.776,1000
2020-08-27 09:41:04.580,4.776,49900
2020-08-27 09:41:04.580,4.776,49700
2020-08-27 09:41:04.980,4.776,50300
2020-08-27 09:41:06.510,4.776,100
2020-08-27 09:41:07.640,4.776,29900
2020-08-27 09:41:07.640,4.776,40000
2020-08-27 09:41:07.640,4.776,8000
2020-08-27 09:41:07.640,4.776,100
2020-08-27 09:41:07.640,4.776,59800
2020-08-27 09:41:08.730,4.777,100
2020-08-27 09:41:08.810,4.777,200
2020-08-27 09:41:08.810,4.777,2300
2020-08-27 09:41:10.370,4.776,100
2020-08-27 09:41:10.370,4.776,4400
2020-08-27 09:41:12.450,4.776,500
2020-08-27 09:41:12.550,4.776,39500
2020-08-27 09:41:12.550,4.776,5000
2020-08-27 09:41:12.550,4.777,14000
2020-08-27 09:41:12.550,4.777,20000
2020-08-27 09:41:12.550,4.777,5000
2020-08-27 09:41:13.630,4.776,5000
2020-08-27 09:41:16.080,4.775,2000
2020-08-27 09:41:16.080,4.775,1300
2020-08-27 09:41:16.080,4.775,100
2020-08-27 09:41:16.080,4.775,800
2020-08-27 09:41:16.080,4.775,145900
2020-08-27 09:41:16.190,4.776,5000
2020-08-27 09:41:16.220,4.776,300
2020-08-27 09:41:16.510,4.775,290000
2020-08-27 09:41:16.680,4.775,30000
2020-08-27 09:41:17.160,4.775,30000
2020-08-27 09:41:17.160,4.775,10000
2020-08-27 09:41:17.430,4.775,5000
2020-08-27 09:41:17.490,4.775,5000
2020-08-27 09:41:17.490,4.775,1000
2020-08-27 09:41:17.490,4.775,4200
2020-08-27 09:41:17.650,4.775,200
2020-08-27 09:41:20.000,4.775,3000
2020-08-27 09:41:20.650,4.775,20000
2020-08-27 09:41:21.210,4.774,3000
2020-08-27 09:41:21.210,4.774,17000
2020-08-27 09:41:21.390,4.775,2000
2020-08-27 09:41:22.000,4.774,4200
2020-08-27 09:41:22.210,4.774,300
2020-08-27 09:41:22.210,4.774,11400
2020-08-27 09:41:22.210,4.774,8300
2020-08-27 09:41:22.210,4.774,10000
2020-08-27 09:41:22.520,4.774,20000
2020-08-27 09:41:22.550,4.775,1000
2020-08-27 09:41:22.820,4.774,20000
2020-08-27 09:41:23.140,4.774,20000
2020-08-27 09:41:23.190,4.775,1000
2020-08-27 09:41:23.460,4.774,20000
2020-08-27 09:41:23.680,4.775,1000
2020-08-27 09:41:23.770,4.774,20000
2020-08-27 09:41:24.040,4.774,20000
2020-08-27 09:41:24.290,4.775,100
2020-08-27 09:41:24.990,4.774,5000
2020-08-27 09:41:27.290,4.773,1700
2020-08-27 09:41:27.290,4.773,400
2020-08-27 09:41:27.290,4.773,300
2020-08-27 09:41:27.290,4.773,3000
2020-08-27 09:41:27.290,4.772,900
2020-08-27 09:41:27.290,4.772,2000
2020-08-27 09:41:27.290,4.772,1700
2020-08-27 09:41:27.290,4.774,5000
2020-08-27 09:41:27.290,4.774,5200
2020-08-27 09:41:30.930,4.773,1000
2020-08-27 09:41:32.350,4.773,100
2020-08-27 09:41:32.910,4.773,10000
2020-08-27 09:41:32.960,4.772,10000
2020-08-27 09:41:33.530,4.773,8900
2020-08-27 09:41:33.530,4.773,20000
2020-08-27 09:41:33.530,4.773,20000
2020-08-27 09:41:33.530,4.773,20000
2020-08-27 09:41:33.530,4.773,20000
2020-08-27 09:41:34.140,4.774,5000
2020-08-27 09:41:34.600,4.774,300
2020-08-27 09:41:35.680,4.773,1500
2020-08-27 09:41:37.590,4.773,9600
2020-08-27 09:41:37.590,4.773,700
2020-08-27 09:41:38.200,4.774,700
2020-08-27 09:41:39.960,4.774,300
2020-08-27 09:41:42.320,4.773,300
2020-08-27 09:41:42.320,4.773,300
2020-08-27 09:41:42.320,4.773,4400
2020-08-27 09:41:43.250,4.774,5000
2020-08-27 09:41:43.250,4.773,900
2020-08-27 09:41:44.120,4.773,2000
2020-08-27 09:41:44.620,4.773,2700
2020-08-27 09:41:44.620,4.773,2100
2020-08-27 09:41:45.590,4.773,7900
2020-08-27 09:41:45.590,4.773,300
2020-08-27 09:41:46.250,4.773,100
2020-08-27 09:41:47.210,4.774,200
2020-08-27 09:41:47.580,4.773,1600
2020-08-27 09:41:47.580,4.773,500
2020-08-27 09:41:48.900,4.773,1000
2020-08-27 09:41:50.310,4.773,10000
2020-08-27 09:41:51.810,4.772,100
2020-08-27 09:41:52.350,4.772,8400
2020-08-27 09:41:52.430,4.773,200
2020-08-27 09:41:52.430,4.772,1900
2020-08-27 09:41:53.070,4.773,200
2020-08-27 09:41:55.550,4.773,3000
2020-08-27 09:41:56.760,4.773,300
2020-08-27 09:41:56.830,4.773,3200
2020-08-27 09:41:56.830,4.773,2400
2020-08-27 09:41:56.830,4.773,2000
2020-08-27 09:41:57.640,4.773,8400
2020-08-27 09:41:57.660,4.773,10000
2020-08-27 09:41:58.700,4.773,1200
2020-08-27 09:41:59.210,4.773,500
2020-08-27 09:42:00.720,4.773,100
2020-08-27 09:42:01.180,4.773,800
2020-08-27 09:42:03.950,4.773,4000
2020-08-27 09:42:05.500,4.774,1500
2020-08-27 09:42:08.380,4.773,2300
2020-08-27 09:42:08.660,4.773,100
2020-08-27 09:42:09.450,4.773,100
2020-08-27 09:42:09.870,4.773,8900
2020-08-27 09:42:09.870,4.773,11100
2020-08-27 09:42:12.070,4.773,4000
2020-08-27 09:42:12.610,4.774,100
2020-08-27 09:42:13.330,4.773,100
2020-08-27 09:42:14.270,4.773,28800
2020-08-27 09:42:14.270,4.773,1200
2020-08-27 09:42:14.710,4.773,100
2020-08-27 09:42:15.930,4.774,1000
2020-08-27 09:42:15.980,4.774,35900
2020-08-27 09:42:15.980,4.774,100
2020-08-27 09:42:15.980,4.774,100
2020-08-27 09:42:15.980,4.774,4300
2020-08-27 09:42:15.980,4.774,100
2020-08-27 09:42:15.980,4.774,2000
2020-08-27 09:42:15.980,4.774,1300
2020-08-27 09:42:15.980,4.774,5000
2020-08-27 09:42:15.980,4.774,600
2020-08-27 09:42:15.980,4.774,800
2020-08-27 09:42:15.980,4.774,6000
2020-08-27 09:42:15.980,4.774,100
2020-08-27 09:42:15.980,4.774,100
2020-08-27 09:42:22.680,4.774,1000
2020-08-27 09:42:22.780,4.774,10000
2020-08-27 09:42:23.240,4.775,3000
2020-08-27 09:42:23.290,4.775,4000
2020-08-27 09:42:23.290,4.775,2500
2020-08-27 09:42:23.290,4.775,800
2020-08-27 09:42:23.290,4.775,200
2020-08-27 09:42:23.290,4.775,500
2020-08-27 09:42:23.290,4.775,400
2020-08-27 09:42:23.290,4.775,1500
2020-08-27 09:42:23.290,4.775,30100
2020-08-27 09:42:26.730,4.774,1000
2020-08-27 09:42:28.120,4.774,20000
2020-08-27 09:42:28.790,4.774,800
2020-08-27 09:42:29.380,4.774,24000
2020-08-27 09:42:30.160,4.774,100
2020-08-27 09:42:30.260,4.774,2000
2020-08-27 09:42:30.760,4.775,1000
2020-08-27 09:42:30.900,4.775,10000
2020-08-27 09:42:31.250,4.775,4500
2020-08-27 09:42:34.140,4.775,100
2020-08-27 09:42:35.670,4.775,4300
2020-08-27 09:42:35.670,4.775,300
2020-08-27 09:42:35.670,4.775,400
2020-08-27 09:42:37.440,4.775,100
2020-08-27 09:42:37.590,4.775,1200
2020-08-27 09:42:38.240,4.774,300
2020-08-27 09:42:38.540,4.775,1300
2020-08-27 09:42:38.540,4.775,50000
2020-08-27 09:42:39.100,4.775,8000
2020-08-27 09:42:39.800,4.776,2000
2020-08-27 09:42:40.310,4.775,300
2020-08-27 09:42:41.290,4.775,400
2020-08-27 09:42:42.440,4.775,100
2020-08-27 09:42:42.520,4.776,200
2020-08-27 09:42:42.520,4.776,1000
2020-08-27 09:42:42.520,4.776,200
2020-08-27 09:42:42.520,4.776,1500
2020-08-27 09:42:42.520,4.776,27100
2020-08-27 09:42:42.570,4.775,2900
2020-08-27 09:42:46.990,4.776,800
2020-08-27 09:42:48.030,4.775,2000
2020-08-27 09:42:49.520,4.776,1500
2020-08-27 09:42:50.920,4.776,1000
2020-08-27 09:42:51.260,4.776,3000
2020-08-27 09:42:52.860,4.775,300
2020-08-27 09:42:53.570,4.775,300000
2020-08-27 09:42:53.770,4.775,500
2020-08-27 09:42:54.060,4.775,300000
2020-08-27 09:42:54.130,4.775,800
2020-08-27 09:42:54.370,4.775,213400
2020-08-27 09:42:54.370,4.775,700
2020-08-27 09:42:54.370,4.775,10000
2020-08-27 09:42:54.370,4.775,600
2020-08-27 09:42:54.370,4.775,600
2020-08-27 09:42:54.370,4.775,100
2020-08-27 09:42:54.370,4.775,500
2020-08-27 09:42:54.370,4.774,70100
2020-08-27 09:42:54.610,4.775,70000
2020-08-27 09:42:55.470,4.775,230000
2020-08-27 09:42:55.470,4.775,204000
2020-08-27 09:42:55.470,4.775,257200
2020-08-27 09:42:55.960,4.775,2000
2020-08-27 09:42:57.090,4.775,17100
2020-08-27 09:42:57.090,4.775,7900
2020-08-27 09:42:57.090,4.774,300000
2020-08-27 09:42:57.130,4.774,114300
2020-08-27 09:42:57.130,4.774,100
2020-08-27 09:42:57.130,4.774,100
2020-08-27 09:42:57.130,4.774,1000
2020-08-27 09:42:57.130,4.774,3000
2020-08-27 09:42:57.130,4.774,3000
2020-08-27 09:42:57.130,4.774,100
2020-08-27 09:42:57.130,4.774,5000
2020-08-27 09:42:57.130,4.774,200
2020-08-27 09:42:57.130,4.774,4000
2020-08-27 09:42:57.130,4.774,500
2020-08-27 09:42:57.130,4.774,800
2020-08-27 09:42:57.130,4.774,18000
2020-08-27 09:42:57.600,4.774,300000
2020-08-27 09:42:57.780,4.774,30000
2020-08-27 09:42:58.100,4.774,300000
2020-08-27 09:42:58.550,4.775,1600
2020-08-27 09:42:58.620,4.774,252000
2020-08-27 09:42:58.750,4.774,7700
2020-08-27 09:42:59.130,4.774,200
2020-08-27 09:43:01.300,4.774,5000
2020-08-27 09:43:01.550,4.773,1000
2020-08-27 09:43:01.550,4.773,2000
2020-08-27 09:43:01.550,4.773,4300
2020-08-27 09:43:01.550,4.773,10000
2020-08-27 09:43:01.550,4.773,4500
2020-08-27 09:43:01.550,4.773,1000
2020-08-27 09:43:01.550,4.773,500
2020-08-27 09:43:01.550,4.772,200
2020-08-27 09:43:01.550,4.772,8800
2020-08-27 09:43:01.550,4.772,5000
2020-08-27 09:43:01.550,4.772,7900
2020-08-27 09:43:01.550,4.772,5000
2020-08-27 09:43:01.550,4.772,300
2020-08-27 09:43:01.550,4.772,60000
2020-08-27 09:43:03.070,4.771,300000
2020-08-27 09:43:03.560,4.771,300000
2020-08-27 09:43:03.710,4.771,91200
2020-08-27 09:43:03.710,4.771,80000
2020-08-27 09:43:03.780,4.77,1800
2020-08-27 09:43:04.070,4.77,65100
2020-08-27 09:43:04.070,4.77,500
2020-08-27 09:43:04.070,4.77,80000
2020-08-27 09:43:04.070,4.77,2000
2020-08-27 09:43:04.070,4.77,500
2020-08-27 09:43:04.070,4.77,200
2020-08-27 09:43:04.070,4.77,300
2020-08-27 09:43:04.070,4.77,400
2020-08-27 09:43:04.070,4.77,1000
2020-08-27 09:43:04.070,4.77,3000
2020-08-27 09:43:04.070,4.77,100
2020-08-27 09:43:04.070,4.77,2100
2020-08-27 09:43:04.070,4.77,300
2020-08-27 09:43:04.070,4.77,5000
2020-08-27 09:43:04.070,4.77,200
2020-08-27 09:43:04.070,4.77,1800
2020-08-27 09:43:04.070,4.77,1500
2020-08-27 09:43:04.070,4.77,104400
2020-08-27 09:43:04.070,4.77,300
2020-08-27 09:43:04.070,4.77,31300
2020-08-27 09:43:04.520,4.77,300000
2020-08-27 09:43:05.480,4.77,5000
2020-08-27 09:43:06.640,4.771,500
2020-08-27 09:43:06.980,4.771,2000
2020-08-27 09:43:07.040,4.77,30000
2020-08-27 09:43:07.070,4.77,150100
2020-08-27 09:43:07.070,4.77,300000
2020-08-27 09:43:08.020,4.77,30000
2020-08-27 09:43:08.020,4.77,30000
2020-08-27 09:43:08.090,4.77,23600
2020-08-27 09:43:08.090,4.77,200
2020-08-27 09:43:09.070,4.769,1000
2020-08-27 09:43:09.070,4.769,2000
2020-08-27 09:43:09.070,4.769,7500
2020-08-27 09:43:09.070,4.769,2000
2020-08-27 09:43:09.070,4.769,100
2020-08-27 09:43:09.070,4.769,600
2020-08-27 09:43:09.070,4.769,80000
2020-08-27 09:43:09.200,4.768,5100
2020-08-27 09:43:09.200,4.768,100
2020-08-27 09:43:09.200,4.768,200
2020-08-27 09:43:09.200,4.768,4600
2020-08-27 09:43:09.230,4.769,1000
2020-08-27 09:43:10.370,4.769,4500
2020-08-27 09:43:11.420,4.769,100
2020-08-27 09:43:11.870,4.768,400
2020-08-27 09:43:11.870,4.768,100
2020-08-27 09:43:11.870,4.768,4900
2020-08-27 09:43:11.870,4.768,35000
2020-08-27 09:43:11.870,4.768,5000
2020-08-27 09:43:11.870,4.768,200
2020-08-27 09:43:11.870,4.768,5000
2020-08-27 09:43:11.870,4.768,500
2020-08-27 09:43:14.120,4.768,400
2020-08-27 09:43:14.860,4.768,11400
2020-08-27 09:43:14.860,4.768,9500
2020-08-27 09:43:15.170,4.768,900
2020-08-27 09:43:17.840,4.767,100
2020-08-27 09:43:18.010,4.768,1000
2020-08-27 09:43:18.750,4.767,1900
2020-08-27 09:43:18.750,4.767,400
2020-08-27 09:43:18.880,4.767,2600
2020-08-27 09:43:18.880,4.767,300
2020-08-27 09:43:18.880,4.767,4600
2020-08-27 09:43:19.980,4.767,10000
2020-08-27 09:43:21.150,4.767,3000
2020-08-27 09:43:21.540,4.767,5000
2020-08-27 09:43:22.070,4.767,1000
2020-08-27 09:43:22.490,4.767,20000
2020-08-27 09:43:22.540,4.767,100
2020-08-27 09:43:22.900,4.766,400
2020-08-27 09:43:22.900,4.766,5500
2020-08-27 09:43:22.900,4.766,5000
2020-08-27 09:43:22.900,4.766,200
2020-08-27 09:43:22.900,4.766,5000
2020-08-27 09:43:22.900,4.766,50000
2020-08-27 09:43:22.900,4.765,500
2020-08-27 09:43:22.900,4.765,2000
2020-08-27 09:43:22.900,4.765,500
2020-08-27 09:43:22.900,4.765,1000
2020-08-27 09:43:22.900,4.765,2000
2020-08-27 09:43:22.900,4.765,2000
2020-08-27 09:43:22.900,4.765,100
2020-08-27 09:43:22.900,4.765,2000
2020-08-27 09:43:22.900,4.765,5000
2020-08-27 09:43:22.900,4.765,200
2020-08-27 09:43:22.900,4.765,2500
2020-08-27 09:43:22.900,4.765,100
2020-08-27 09:43:22.900,4.765,8600
2020-08-27 09:43:22.900,4.765,100
2020-08-27 09:43:22.900,4.765,100
2020-08-27 09:43:22.900,4.765,1000
2020-08-27 09:43:22.900,4.765,500
2020-08-27 09:43:22.900,4.765,400
2020-08-27 09:43:22.900,4.765,600
2020-08-27 09:43:22.900,4.765,1100
2020-08-27 09:43:22.900,4.765,50000
2020-08-27 09:43:22.900,4.765,400
2020-08-27 09:43:22.900,4.765,100
2020-08-27 09:43:22.900,4.765,3200
2020-08-27 09:43:23.800,4.767,100
2020-08-27 09:43:24.640,4.766,1600
2020-08-27 09:43:25.430,4.767,2300
2020-08-27 09:43:25.580,4.767,700
2020-08-27 09:43:25.610,4.767,9800
2020-08-27 09:43:27.650,4.766,4000
2020-08-27 09:43:27.720,4.766,3000
2020-08-27 09:43:28.020,4.766,200
2020-08-27 09:43:28.140,4.766,500
2020-08-27 09:43:28.770,4.766,700
2020-08-27 09:43:28.770,4.766,10000
2020-08-27 09:43:29.160,4.766,1000
2020-08-27 09:43:29.560,4.765,8300
2020-08-27 09:43:30.220,4.766,1600
2020-08-27 09:43:31.150,4.766,12100
2020-08-27 09:43:31.320,4.766,100
2020-08-27 09:43:31.410,4.766,27000
2020-08-27 09:43:34.680,4.766,100
2020-08-27 09:43:35.280,4.765,79600
2020-08-27 09:43:35.280,4.765,10500
2020-08-27 09:43:35.280,4.765,14400
2020-08-27 09:43:36.210,4.765,4200
2020-08-27 09:43:36.680,4.765,1100
2020-08-27 09:43:38.210,4.764,2800
2020-08-27 09:43:38.210,4.764,1000
2020-08-27 09:43:38.210,4.764,1000
2020-08-27 09:43:38.210,4.764,1000
2020-08-27 09:43:38.210,4.764,4200
2020-08-27 09:43:38.410,4.765,500
2020-08-27 09:43:38.600,4.765,5000
2020-08-27 09:43:38.840,4.764,200
2020-08-27 09:43:38.840,4.764,5600
2020-08-27 09:43:38.840,4.764,100
2020-08-27 09:43:38.840,4.764,1000
2020-08-27 09:43:38.840,4.764,5000
2020-08-27 09:43:38.860,4.764,200
2020-08-27 09:43:39.520,4.764,1000
2020-08-27 09:43:40.130,4.764,1000
2020-08-27 09:43:40.170,4.763,1700
2020-08-27 09:43:40.170,4.763,2500
2020-08-27 09:43:40.170,4.763,10000
2020-08-27 09:43:40.170,4.763,5000
2020-08-27 09:43:40.170,4.763,300
2020-08-27 09:43:40.170,4.763,1000
2020-08-27 09:43:40.170,4.763,1000
2020-08-27 09:43:40.170,4.763,300
2020-08-27 09:43:40.170,4.763,100
2020-08-27 09:43:40.170,4.763,28100
2020-08-27 09:43:40.190,4.764,200
2020-08-27 09:43:40.640,4.764,2200
2020-08-27 09:43:41.700,4.764,100
2020-08-27 09:43:42.090,4.764,200
2020-08-27 09:43:44.460,4.763,5400
2020-08-27 09:43:45.830,4.764,2000
2020-08-27 09:43:46.120,4.763,4300
2020-08-27 09:43:46.230,4.764,100
2020-08-27 09:43:46.290,4.764,100
2020-08-27 09:43:47.160,4.764,300
2020-08-27 09:43:47.430,4.764,400
2020-08-27 09:43:47.570,4.763,400
2020-08-27 09:43:48.000,4.764,5800
2020-08-27 09:43:49.460,4.763,7000
2020-08-27 09:43:49.590,4.764,1000
2020-08-27 09:43:49.790,4.764,1000
2020-08-27 09:43:49.990,4.763,54800
2020-08-27 09:43:49.990,4.763,2000
2020-08-27 09:43:49.990,4.763,1000
2020-08-27 09:43:49.990,4.763,25000
2020-08-27 09:43:49.990,4.763,1500
2020-08-27 09:43:49.990,4.763,3000
2020-08-27 09:43:49.990,4.763,500
2020-08-27 09:43:49.990,4.763,2000
2020-08-27 09:43:49.990,4.763,1400
2020-08-27 09:43:49.990,4.763,6000
2020-08-27 09:43:50.230,4.763,600
2020-08-27 09:43:53.480,4.763,30000
2020-08-27 09:43:53.700,4.763,100
2020-08-27 09:43:53.870,4.762,10000
2020-08-27 09:43:53.870,4.762,1000
2020-08-27 09:43:53.870,4.762,10000
2020-08-27 09:43:53.870,4.762,8800
2020-08-27 09:43:53.870,4.762,10000
2020-08-27 09:43:53.870,4.762,25800
2020-08-27 09:43:53.870,4.762,100
2020-08-27 09:43:53.870,4.762,1000
2020-08-27 09:43:53.870,4.762,2000
2020-08-27 09:43:53.870,4.762,16200
2020-08-27 09:43:55.380,4.763,1500
2020-08-27 09:43:55.380,4.762,3800
2020-08-27 09:43:55.380,4.762,500
2020-08-27 09:43:55.380,4.762,40000
2020-08-27 09:43:55.380,4.761,2800
2020-08-27 09:43:55.380,4.761,200
2020-08-27 09:43:55.380,4.761,500
2020-08-27 09:43:55.380,4.761,2000
2020-08-27 09:43:55.380,4.761,1000
2020-08-27 09:43:55.380,4.761,500
2020-08-27 09:43:55.380,4.761,200
2020-08-27 09:43:55.380,4.761,500
2020-08-27 09:43:55.380,4.761,1000
2020-08-27 09:43:55.380,4.761,2000
2020-08-27 09:43:56.530,4.763,30000
2020-08-27 09:43:56.620,4.762,6000
2020-08-27 09:43:58.370,4.762,10000
2020-08-27 09:43:58.880,4.763,1000
2020-08-27 09:43:59.050,4.763,27500
2020-08-27 09:43:59.050,4.763,12500
2020-08-27 09:43:59.580,4.763,10000
2020-08-27 09:44:01.170,4.763,1000
2020-08-27 09:44:01.170,4.762,4000
2020-08-27 09:44:01.170,4.762,3000
2020-08-27 09:44:01.730,4.763,40000
2020-08-27 09:44:02.080,4.763,1500
2020-08-27 09:44:02.080,4.763,51400
2020-08-27 09:44:02.710,4.763,70100
2020-08-27 09:44:02.710,4.762,35300
2020-08-27 09:44:02.840,4.762,1700
2020-08-27 09:44:02.840,4.762,10000
2020-08-27 09:44:02.840,4.762,10000
2020-08-27 09:44:02.840,4.762,98300
2020-08-27 09:44:03.820,4.762,200
2020-08-27 09:44:03.820,4.762,64800
2020-08-27 09:44:04.560,4.763,100
2020-08-27 09:44:04.850,4.763,100
2020-08-27 09:44:04.950,4.763,5400
2020-08-27 09:44:05.630,4.764,11000
2020-08-27 09:44:05.630,4.764,29000
2020-08-27 09:44:05.670,4.764,85900
2020-08-27 09:44:05.670,4.764,5000
2020-08-27 09:44:05.670,4.764,1900
2020-08-27 09:44:06.010,4.765,40000
2020-08-27 09:44:06.260,4.765,40000
2020-08-27 09:44:06.930,4.765,40000
2020-08-27 09:44:07.240,4.765,40000
2020-08-27 09:44:07.240,4.766,2600
2020-08-27 09:44:07.240,4.766,900
2020-08-27 09:44:07.240,4.766,10700
2020-08-27 09:44:07.240,4.766,200
2020-08-27 09:44:07.240,4.766,10000
2020-08-27 09:44:07.240,4.766,20000
2020-08-27 09:44:08.130,4.764,10000
2020-08-27 09:44:11.220,4.765,19100
2020-08-27 09:44:11.750,4.765,6000
2020-08-27 09:44:12.530,4.767,4300
2020-08-27 09:44:14.770,4.765,400
2020-08-27 09:44:19.130,4.767,15700
2020-08-27 09:44:19.130,4.767,1100
2020-08-27 09:44:20.180,4.765,7600
2020-08-27 09:44:21.130,4.765,600
2020-08-27 09:44:21.130,4.765,1000
2020-08-27 09:44:21.130,4.765,200
2020-08-27 09:44:21.130,4.765,700
2020-08-27 09:44:21.130,4.765,9200
2020-08-27 09:44:21.550,4.765,100
2020-08-27 09:44:21.650,4.765,500
2020-08-27 09:44:21.730,4.765,9000
2020-08-27 09:44:24.490,4.765,6800
2020-08-27 09:44:24.490,4.765,500
2020-08-27 09:44:24.490,4.767,100
2020-08-27 09:44:24.490,4.767,200
2020-08-27 09:44:25.490,4.767,200
2020-08-27 09:44:26.470,4.766,100
2020-08-27 09:44:26.570,4.766,300
2020-08-27 09:44:27.710,4.765,10000
2020-08-27 09:44:29.350,4.764,10000
2020-08-27 09:44:29.560,4.765,9300
2020-08-27 09:44:29.590,4.765,1500
2020-08-27 09:44:31.070,4.765,10000
2020-08-27 09:44:31.220,4.765,2600
2020-08-27 09:44:31.330,4.764,10000
2020-08-27 09:44:31.330,4.764,3000
2020-08-27 09:44:31.440,4.765,500
2020-08-27 09:44:31.840,4.765,2000
2020-08-27 09:44:32.220,4.765,200
2020-08-27 09:44:32.850,4.765,500
2020-08-27 09:44:33.290,4.764,800
2020-08-27 09:44:33.290,4.764,2400
2020-08-27 09:44:33.620,4.764,7600
2020-08-27 09:44:33.620,4.764,5000
2020-08-27 09:44:33.620,4.763,26700
2020-08-27 09:44:33.720,4.765,2000
2020-08-27 09:44:34.990,4.765,5000
2020-08-27 09:44:35.370,4.765,2100
2020-08-27 09:44:36.090,4.765,1000
2020-08-27 09:44:37.210,4.765,1600
2020-08-27 09:44:38.490,4.765,2900
2020-08-27 09:44:40.340,4.765,200
2020-08-27 09:44:40.720,4.765,5000
2020-08-27 09:44:40.770,4.765,10000
2020-08-27 09:44:41.150,4.765,1000
2020-08-27 09:44:41.150,4.765,2100
2020-08-27 09:44:41.370,4.764,3000
2020-08-27 09:44:41.370,4.764,3000
2020-08-27 09:44:41.610,4.764,1900
2020-08-27 09:44:41.610,4.765,3100
2020-08-27 09:44:42.250,4.765,1200
2020-08-27 09:44:44.500,4.764,7000
2020-08-27 09:44:45.890,4.765,2000
2020-08-27 09:44:45.910,4.765,5000
2020-08-27 09:44:46.430,4.765,100
2020-08-27 09:44:46.470,4.764,100
2020-08-27 09:44:47.560,4.764,200
2020-08-27 09:44:48.020,4.765,100
2020-08-27 09:44:49.960,4.765,5000
2020-08-27 09:44:50.090,4.765,200
2020-08-27 09:44:51.210,4.764,900
2020-08-27 09:44:51.690,4.765,100
2020-08-27 09:44:52.230,4.764,600
2020-08-27 09:44:52.230,4.764,1000
2020-08-27 09:44:52.230,4.764,2000
2020-08-27 09:44:52.230,4.764,30000
2020-08-27 09:44:52.230,4.764,200
2020-08-27 09:44:52.230,4.764,5000
2020-08-27 09:44:52.430,4.764,7300
2020-08-27 09:44:53.360,4.764,400
2020-08-27 09:44:53.650,4.764,27800
2020-08-27 09:44:53.970,4.764,100
2020-08-27 09:44:54.330,4.764,20000
2020-08-27 09:44:54.620,4.763,400
2020-08-27 09:44:54.620,4.763,2000
2020-08-27 09:44:54.620,4.763,700
2020-08-27 09:44:54.620,4.763,40000
2020-08-27 09:44:54.620,4.763,40000
2020-08-27 09:44:54.620,4.763,40000
2020-08-27 09:44:54.620,4.763,40000
2020-08-27 09:44:54.620,4.763,1500
2020-08-27 09:44:54.620,4.763,135400
2020-08-27 09:44:55.310,4.764,10000
2020-08-27 09:44:56.190,4.764,200
2020-08-27 09:44:56.190,4.764,300
2020-08-27 09:44:56.280,4.763,195600
2020-08-27 09:44:56.450,4.763,300000
2020-08-27 09:44:57.660,4.763,269000
2020-08-27 09:44:57.660,4.763,10000
2020-08-27 09:44:57.660,4.763,1000
2020-08-27 09:44:57.660,4.763,100
2020-08-27 09:44:57.660,4.763,900
2020-08-27 09:44:57.660,4.763,200
2020-08-27 09:44:57.660,4.763,10600
2020-08-27 09:44:57.660,4.763,1000
2020-08-27 09:44:57.660,4.763,400
2020-08-27 09:44:57.660,4.763,5200
2020-08-27 09:44:59.110,4.763,200
2020-08-27 09:44:59.470,4.762,300000
2020-08-27 09:45:00.340,4.763,200
2020-08-27 09:45:00.550,4.763,100
2020-08-27 09:45:01.680,4.763,208800
2020-08-27 09:45:02.320,4.762,300000
2020-08-27 09:45:02.730,4.762,34200
2020-08-27 09:45:03.090,4.762,201000
2020-08-27 09:45:03.090,4.762,800
2020-08-27 09:45:03.090,4.762,6300
2020-08-27 09:45:03.090,4.762,20000
2020-08-27 09:45:03.090,4.762,4500
2020-08-27 09:45:03.090,4.762,50000
2020-08-27 09:45:03.090,4.762,300
2020-08-27 09:45:03.090,4.762,10200
2020-08-27 09:45:03.090,4.762,400
2020-08-27 09:45:03.090,4.762,200
2020-08-27 09:45:03.090,4.762,700
2020-08-27 09:45:04.590,4.763,500
2020-08-27 09:45:04.800,4.762,4200
2020-08-27 09:45:04.800,4.761,1000
2020-08-27 09:45:04.800,4.761,100
2020-08-27 09:45:04.800,4.761,900
2020-08-27 09:45:05.110,4.763,500
2020-08-27 09:45:05.630,4.761,2100
2020-08-27 09:45:05.630,4.761,2000
2020-08-27 09:45:05.630,4.761,100
2020-08-27 09:45:05.630,4.761,100
2020-08-27 09:45:05.630,4.761,100
2020-08-27 09:45:05.630,4.761,2900
2020-08-27 09:45:08.050,4.761,1200
2020-08-27 09:45:09.050,4.761,900
2020-08-27 09:45:09.050,4.761,3000
2020-08-27 09:45:09.050,4.761,2000
2020-08-27 09:45:09.050,4.761,5000
2020-08-27 09:45:09.050,4.761,2000
2020-08-27 09:45:09.050,4.761,300
2020-08-27 09:45:09.050,4.761,100
2020-08-27 09:45:09.050,4.761,10000
2020-08-27 09:45:09.050,4.761,4000
2020-08-27 09:45:09.050,4.761,2000
2020-08-27 09:45:09.050,4.761,100
2020-08-27 09:45:09.050,4.761,3000
2020-08-27 09:45:09.050,4.761,3000
2020-08-27 09:45:09.050,4.761,5000
2020-08-27 09:45:09.050,4.761,50000
2020-08-27 09:45:09.050,4.761,1100
2020-08-27 09:45:09.050,4.761,3300
2020-08-27 09:45:09.050,4.761,500
2020-08-27 09:45:09.050,4.761,300
2020-08-27 09:45:09.050,4.761,1000
2020-08-27 09:45:09.050,4.761,3500
2020-08-27 09:45:09.650,4.76,100
2020-08-27 09:45:09.650,4.76,500
2020-08-27 09:45:09.650,4.76,300
2020-08-27 09:45:09.650,4.76,5300
2020-08-27 09:45:09.650,4.76,200
2020-08-27 09:45:09.650,4.76,800
2020-08-27 09:45:09.650,4.76,100
2020-08-27 09:45:09.650,4.76,100
2020-08-27 09:45:09.650,4.76,100
2020-08-27 09:45:09.650,4.76,300
2020-08-27 09:45:09.650,4.76,2000
2020-08-27 09:45:09.650,4.76,1000
2020-08-27 09:45:09.650,4.76,600
2020-08-27 09:45:09.650,4.76,100
2020-08-27 09:45:09.650,4.76,10000
2020-08-27 09:45:09.650,4.76,500
2020-08-27 09:45:09.650,4.76,500
2020-08-27 09:45:09.650,4.76,15000
2020-08-27 09:45:09.650,4.76,200
2020-08-27 09:45:09.650,4.76,100
2020-08-27 09:45:09.650,4.76,100
2020-08-27 09:45:09.650,4.76,5000
2020-08-27 09:45:09.650,4.76,10000
2020-08-27 09:45:09.650,4.76,300
2020-08-27 09:45:09.650,4.76,100
2020-08-27 09:45:09.650,4.76,100
2020-08-27 09:45:09.650,4.76,500
2020-08-27 09:45:09.650,4.76,400
2020-08-27 09:45:09.650,4.76,200
2020-08-27 09:45:09.650,4.76,4000
2020-08-27 09:45:09.650,4.76,5000
2020-08-27 09:45:09.650,4.76,10000
2020-08-27 09:45:09.650,4.76,400
2020-08-27 09:45:09.650,4.76,400
2020-08-27 09:45:09.650,4.76,10000
2020-08-27 09:45:09.650,4.76,400
2020-08-27 09:45:09.650,4.76,2000
2020-08-27 09:45:09.650,4.76,30000
2020-08-27 09:45:09.650,4.76,8400
2020-08-27 09:45:09.650,4.76,43200
2020-08-27 09:45:09.650,4.76,200
2020-08-27 09:45:09.650,4.76,1000
2020-08-27 09:45:09.650,4.76,200
2020-08-27 09:45:09.650,4.76,100
2020-08-27 09:45:09.650,4.76,500
2020-08-27 09:45:09.650,4.76,1000
2020-08-27 09:45:09.650,4.76,100
2020-08-27 09:45:09.650,4.76,1200
2020-08-27 09:45:09.650,4.76,9000
2020-08-27 09:45:09.650,4.76,5000
2020-08-27 09:45:09.650,4.76,1000
2020-08-27 09:45:09.650,4.76,100
2020-08-27 09:45:09.650,4.76,2300
2020-08-27 09:45:09.650,4.76,500
2020-08-27 09:45:09.650,4.76,5000
2020-08-27 09:45:09.650,4.76,1000
2020-08-27 09:45:09.650,4.76,100
2020-08-27 09:45:09.650,4.76,200
2020-08-27 09:45:09.650,4.76,500
2020-08-27 09:45:09.650,4.76,5000
2020-08-27 09:45:09.650,4.76,5900
2020-08-27 09:45:09.650,4.76,1000
2020-08-27 09:45:09.650,4.76,5000
2020-08-27 09:45:09.650,4.76,3000
2020-08-27 09:45:09.650,4.76,10500
2020-08-27 09:45:09.650,4.76,300
2020-08-27 09:45:09.650,4.76,100
2020-08-27 09:45:09.650,4.76,200
2020-08-27 09:45:09.650,4.76,1000
2020-08-27 09:45:09.650,4.759,1000
2020-08-27 09:45:09.650,4.759,100
2020-08-27 09:45:09.650,4.759,400
2020-08-27 09:45:09.650,4.759,600
2020-08-27 09:45:09.650,4.759,1000
2020-08-27 09:45:09.650,4.759,100
2020-08-27 09:45:09.650,4.759,100
2020-08-27 09:45:09.650,4.759,5000
2020-08-27 09:45:09.650,4.759,400
2020-08-27 09:45:09.650,4.759,100
2020-08-27 09:45:09.650,4.759,1000
2020-08-27 09:45:09.650,4.759,500
2020-08-27 09:45:09.650,4.759,56400
2020-08-27 09:45:09.730,4.759,1100
2020-08-27 09:45:09.940,4.761,1100
2020-08-27 09:45:10.080,4.761,5000
2020-08-27 09:45:10.340,4.761,4500
2020-08-27 09:45:11.180,4.759,28800
2020-08-27 09:45:11.490,4.761,500
2020-08-27 09:45:12.140,4.761,100
2020-08-27 09:45:12.770,4.761,100
2020-08-27 09:45:13.330,4.761,10000
2020-08-27 09:45:13.620,4.761,20000
2020-08-27 09:45:13.680,4.761,8700
2020-08-27 09:45:13.680,4.761,1300
2020-08-27 09:45:13.990,4.76,200
2020-08-27 09:45:13.990,4.76,2000
2020-08-27 09:45:13.990,4.759,213700
2020-08-27 09:45:14.810,4.759,100
2020-08-27 09:45:15.020,4.759,82700
2020-08-27 09:45:15.210,4.761,10000
2020-08-27 09:45:15.210,4.761,1000
2020-08-27 09:45:17.560,4.761,200
2020-08-27 09:45:18.970,4.76,300
2020-08-27 09:45:18.970,4.76,400
2020-08-27 09:45:19.310,4.759,10800
2020-08-27 09:45:19.310,4.76,2300
2020-08-27 09:45:19.310,4.761,10800
2020-08-27 09:45:19.310,4.761,71300
2020-08-27 09:45:19.310,4.761,34800
2020-08-27 09:45:21.370,4.761,500
2020-08-27 09:45:22.840,4.76,6400
2020-08-27 09:45:23.190,4.76,100
2020-08-27 09:45:23.520,4.76,200
2020-08-27 09:45:23.730,4.76,16800
2020-08-27 09:45:23.760,4.759,1000
2020-08-27 09:45:23.760,4.758,1600
2020-08-27 09:45:23.760,4.758,1000
2020-08-27 09:45:23.760,4.758,5000
2020-08-27 09:45:23.760,4.758,100
2020-08-27 09:45:23.760,4.758,5000
2020-08-27 09:45:23.760,4.758,8000
2020-08-27 09:45:23.760,4.758,300
2020-08-27 09:45:23.760,4.76,3000
2020-08-27 09:45:24.530,4.76,900
2020-08-27 09:45:24.650,4.76,600
2020-08-27 09:45:25.100,4.76,16800
2020-08-27 09:45:25.610,4.76,8600
2020-08-27 09:45:27.380,4.759,200
2020-08-27 09:45:28.130,4.76,10000
2020-08-27 09:45:28.160,4.759,1800
2020-08-27 09:45:28.160,4.759,2500
2020-08-27 09:45:28.160,4.759,12000
2020-08-27 09:45:28.160,4.759,16300
2020-08-27 09:45:28.180,4.76,300
2020-08-27 09:45:28.480,4.76,300
2020-08-27 09:45:29.350,4.759,5800
2020-08-27 09:45:29.350,4.759,100
2020-08-27 09:45:29.350,4.758,2700
2020-08-27 09:45:29.350,4.758,500
2020-08-27 09:45:29.350,4.758,300
2020-08-27 09:45:29.350,4.758,600
2020-08-27 09:45:30.190,4.759,2200
2020-08-27 09:45:30.700,4.759,100
2020-08-27 09:45:31.440,4.759,200
2020-08-27 09:45:32.490,4.759,3000
2020-08-27 09:45:32.620,4.759,94500
2020-08-27 09:45:32.620,4.759,98400
2020-08-27 09:45:32.620,4.759,1000
2020-08-27 09:45:32.620,4.759,100
2020-08-27 09:45:33.130,4.759,200
2020-08-27 09:45:33.720,4.759,21400
2020-08-27 09:45:36.890,4.76,600
2020-08-27 09:45:37.640,4.76,1000
2020-08-27 09:45:37.740,4.76,5000
2020-08-27 09:45:38.490,4.76,6400
2020-08-27 09:45:38.540,4.759,6000
2020-08-27 09:45:39.680,4.759,10000
2020-08-27 09:45:41.470,4.759,42500
2020-08-27 09:45:41.690,4.759,1000
2020-08-27 09:45:41.990,4.759,24900
2020-08-27 09:45:41.990,4.759,600
2020-08-27 09:45:41.990,4.759,200
