Datetime,Price,Volume
2020-10-09 09:25:00.600,3.327,100
2020-10-09 09:25:00.600,3.327,400
2020-10-09 09:25:00.600,3.327,1100
2020-10-09 09:25:00.600,3.327,300
2020-10-09 09:25:00.600,3.327,11600
2020-10-09 09:25:00.600,3.327,900
2020-10-09 09:25:00.600,3.327,11500
2020-10-09 09:25:00.600,3.327,15100
2020-10-09 09:25:00.600,3.327,25000
2020-10-09 09:25:00.600,3.327,17500
2020-10-09 09:25:00.600,3.327,7500
2020-10-09 09:25:00.600,3.327,2500
2020-10-09 09:25:00.600,3.327,500
2020-10-09 09:25:00.600,3.327,14900
2020-10-09 09:25:00.600,3.327,1000
2020-10-09 09:25:00.600,3.327,2000
2020-10-09 09:25:00.600,3.327,100
2020-10-09 09:25:00.600,3.327,6400
2020-10-09 09:25:00.600,3.327,62600
2020-10-09 09:25:00.600,3.327,12000
2020-10-09 09:25:00.600,3.327,17800
2020-10-09 09:25:00.600,3.327,8573
2020-10-09 09:25:00.600,3.327,800
2020-10-09 09:25:00.600,3.327,1300
2020-10-09 09:25:00.600,3.327,1000
2020-10-09 09:25:00.600,3.327,1500
2020-10-09 09:25:00.600,3.327,4400
2020-10-09 09:25:00.600,3.327,900
2020-10-09 09:25:00.600,3.327,5000
2020-10-09 09:25:00.600,3.327,3500
2020-10-09 09:25:00.600,3.327,200
2020-10-09 09:25:00.600,3.327,200
2020-10-09 09:25:00.600,3.327,100
2020-10-09 09:25:00.600,3.327,3200
2020-10-09 09:25:00.600,3.327,800
2020-10-09 09:25:00.600,3.327,3000
2020-10-09 09:25:00.600,3.327,22200
2020-10-09 09:25:00.600,3.327,5300
2020-10-09 09:25:00.600,3.327,100
2020-10-09 09:25:00.600,3.327,100
2020-10-09 09:25:00.600,3.327,200
2020-10-09 09:25:00.600,3.327,100
2020-10-09 09:25:00.600,3.327,100
2020-10-09 09:25:00.600,3.327,33000
2020-10-09 09:25:00.600,3.327,5627
2020-10-09 09:25:00.600,3.327,4000
2020-10-09 09:25:00.600,3.327,100
2020-10-09 09:25:00.600,3.327,4000
2020-10-09 09:25:00.600,3.327,1000
2020-10-09 09:25:00.600,3.327,100
2020-10-09 09:25:00.600,3.327,1400
2020-10-09 09:25:00.600,3.327,3900
2020-10-09 09:25:00.600,3.327,10773
2020-10-09 09:25:00.600,3.327,89227
2020-10-09 09:25:00.600,3.327,1000
2020-10-09 09:25:00.600,3.327,4000
2020-10-09 09:25:00.600,3.327,30000
2020-10-09 09:25:00.600,3.327,2300
2020-10-09 09:25:00.600,3.327,100
2020-10-09 09:25:00.600,3.327,27600
2020-10-09 09:25:00.600,3.327,17300
2020-10-09 09:25:00.600,3.327,17200
2020-10-09 09:25:00.600,3.327,2000
2020-10-09 09:25:00.600,3.327,48673
2020-10-09 09:25:00.600,3.327,300
2020-10-09 09:25:00.600,3.327,500
2020-10-09 09:25:00.600,3.327,100
2020-10-09 09:25:00.600,3.327,1900
2020-10-09 09:25:00.600,3.327,2000
2020-10-09 09:25:00.600,3.327,1200
2020-10-09 09:25:00.600,3.327,100
2020-10-09 09:25:00.600,3.327,1000
2020-10-09 09:25:00.600,3.327,100
2020-10-09 09:25:00.600,3.327,2100
2020-10-09 09:25:00.600,3.327,300
2020-10-09 09:25:00.600,3.327,100
2020-10-09 09:25:00.600,3.327,300
2020-10-09 09:25:00.600,3.327,300
2020-10-09 09:25:00.600,3.327,100
2020-10-09 09:25:00.600,3.327,200
2020-10-09 09:25:00.600,3.327,100
2020-10-09 09:25:00.600,3.327,100
2020-10-09 09:25:00.600,3.327,100
2020-10-09 09:25:00.600,3.327,400
2020-10-09 09:25:00.600,3.327,200
2020-10-09 09:25:00.600,3.327,1000
2020-10-09 09:25:00.600,3.327,300
2020-10-09 09:25:00.600,3.327,200
2020-10-09 09:25:00.600,3.327,3300
2020-10-09 09:25:00.600,3.327,100
2020-10-09 09:25:00.600,3.327,800
2020-10-09 09:25:00.600,3.327,500
2020-10-09 09:25:00.600,3.327,200
2020-10-09 09:25:00.600,3.327,400
2020-10-09 09:25:00.600,3.327,700
2020-10-09 09:25:00.600,3.327,200
2020-10-09 09:25:00.600,3.327,300
2020-10-09 09:25:00.600,3.327,400
2020-10-09 09:25:00.600,3.327,100
2020-10-09 09:25:00.600,3.327,200
2020-10-09 09:25:00.600,3.327,900
2020-10-09 09:25:00.600,3.327,300
2020-10-09 09:25:00.600,3.327,200
2020-10-09 09:25:00.600,3.327,100
2020-10-09 09:25:00.600,3.327,400
2020-10-09 09:25:00.600,3.327,100
2020-10-09 09:25:00.600,3.327,500
2020-10-09 09:25:00.600,3.327,100
2020-10-09 09:25:00.600,3.327,10000
2020-10-09 09:25:00.600,3.327,100
2020-10-09 09:25:00.600,3.327,100
2020-10-09 09:25:00.600,3.327,100
2020-10-09 09:25:00.600,3.327,200
2020-10-09 09:25:00.600,3.327,100
2020-10-09 09:25:00.600,3.327,200
2020-10-09 09:25:00.600,3.327,600
2020-10-09 09:25:00.600,3.327,100
2020-10-09 09:25:00.600,3.327,1300
2020-10-09 09:25:00.600,3.327,100
2020-10-09 09:25:00.600,3.327,10000
2020-10-09 09:25:00.600,3.327,5627
2020-10-09 09:25:00.600,3.327,1500
2020-10-09 09:25:00.600,3.327,2873
2020-10-09 09:25:00.600,3.327,100
2020-10-09 09:25:00.600,3.327,10000
2020-10-09 09:25:00.600,3.327,2000
2020-10-09 09:25:00.600,3.327,200
2020-10-09 09:25:00.600,3.327,600
2020-10-09 09:25:00.600,3.327,8800
2020-10-09 09:25:00.600,3.327,15000
2020-10-09 09:25:00.600,3.327,1000
2020-10-09 09:25:00.600,3.327,59427
2020-10-09 09:25:00.600,3.327,60573
2020-10-09 09:25:00.600,3.327,3000
2020-10-09 09:25:00.600,3.327,1000
2020-10-09 09:25:00.600,3.327,2000
2020-10-09 09:25:00.600,3.327,5000
2020-10-09 09:25:00.600,3.327,200
2020-10-09 09:25:00.600,3.327,1000
2020-10-09 09:25:00.600,3.327,10000
2020-10-09 09:25:00.600,3.327,1000
2020-10-09 09:25:00.600,3.327,1000
2020-10-09 09:25:00.600,3.327,100
2020-10-09 09:25:00.600,3.327,200
2020-10-09 09:25:00.600,3.327,11600
2020-10-09 09:25:00.600,3.327,1000
2020-10-09 09:25:00.600,3.327,1000
2020-10-09 09:25:00.600,3.327,1327
2020-10-09 09:25:00.600,3.327,10000
2020-10-09 09:25:00.600,3.327,5900
2020-10-09 09:25:00.600,3.327,40773
2020-10-09 09:25:00.600,3.327,1000
2020-10-09 09:25:00.600,3.327,20000
2020-10-09 09:25:00.600,3.327,2000
2020-10-09 09:25:00.600,3.327,200
2020-10-09 09:25:00.600,3.327,100
2020-10-09 09:25:00.600,3.327,1000
2020-10-09 09:25:00.600,3.327,2800
2020-10-09 09:25:00.600,3.327,2000
2020-10-09 09:25:00.600,3.327,23900
2020-10-09 09:25:00.600,3.327,100
2020-10-09 09:25:00.600,3.327,6000
2020-10-09 09:25:00.600,3.327,1000
2020-10-09 09:25:00.600,3.327,10000
2020-10-09 09:25:00.600,3.327,12000
2020-10-09 09:25:00.600,3.327,100
2020-10-09 09:25:00.600,3.327,13040
2020-10-09 09:25:00.600,3.327,100
2020-10-09 09:25:00.600,3.327,1900
2020-10-09 09:25:00.600,3.327,161987
2020-10-09 09:25:00.600,3.327,38013
2020-10-09 09:25:00.600,3.327,2000
2020-10-09 09:25:00.600,3.327,5000
2020-10-09 09:25:00.600,3.327,87
2020-10-09 09:25:00.600,3.327,300
2020-10-09 09:25:00.600,3.327,100
2020-10-09 09:25:00.600,3.327,2613
2020-10-09 09:25:00.600,3.327,3000
2020-10-09 09:25:00.600,3.327,44
2020-10-09 09:25:00.600,3.327,44343
2020-10-09 09:25:00.600,3.327,4800
2020-10-09 09:25:00.600,3.327,500
2020-10-09 09:25:00.600,3.327,14557
2020-10-09 09:25:00.600,3.327,5000
2020-10-09 09:25:00.600,3.327,5000
2020-10-09 09:25:00.600,3.327,400
2020-10-09 09:25:00.600,3.327,20000
2020-10-09 09:25:00.600,3.327,1000
2020-10-09 09:25:00.600,3.327,20000
2020-10-09 09:25:00.600,3.327,100
2020-10-09 09:25:00.600,3.327,18400
2020-10-09 09:25:00.600,3.327,500
2020-10-09 09:25:00.600,3.327,700
2020-10-09 09:25:00.600,3.327,10000
2020-10-09 09:25:00.600,3.327,4343
2020-10-09 09:25:00.600,3.327,14257
2020-10-09 09:25:00.600,3.327,200
2020-10-09 09:25:00.600,3.327,1000
2020-10-09 09:25:00.600,3.327,1300
2020-10-09 09:25:00.600,3.327,6000
2020-10-09 09:25:00.600,3.327,2000
2020-10-09 09:25:00.600,3.327,400
2020-10-09 09:25:00.600,3.327,1500
2020-10-09 09:25:00.600,3.327,50000
2020-10-09 09:25:00.600,3.327,30400
2020-10-09 09:25:00.600,3.327,1000
2020-10-09 09:25:00.600,3.327,500
2020-10-09 09:25:00.600,3.327,4000
2020-10-09 09:25:00.600,3.327,30000
2020-10-09 09:25:00.600,3.327,5000
2020-10-09 09:25:00.600,3.327,20000
2020-10-09 09:25:00.600,3.327,500
2020-10-09 09:25:00.600,3.327,128600
2020-10-09 09:25:00.600,3.327,5000
2020-10-09 09:25:00.600,3.327,100
2020-10-09 09:25:00.600,3.327,100000
2020-10-09 09:25:00.600,3.327,2000
2020-10-09 09:25:00.600,3.327,1500
2020-10-09 09:25:00.600,3.327,10000
2020-10-09 09:25:00.600,3.327,50000
2020-10-09 09:25:00.600,3.327,768
2020-10-09 09:25:00.600,3.327,500
2020-10-09 09:25:00.600,3.327,5000
2020-10-09 09:25:00.600,3.327,600
2020-10-09 09:25:00.600,3.327,1000
2020-10-09 09:25:00.600,3.327,600
2020-10-09 09:25:00.600,3.327,6000
2020-10-09 09:25:00.600,3.327,2500
2020-10-09 09:25:00.600,3.327,100
2020-10-09 09:25:00.600,3.327,1000
2020-10-09 09:25:00.600,3.327,24100
2020-10-09 09:25:00.600,3.327,7800
2020-10-09 09:25:00.600,3.327,1000
2020-10-09 09:25:00.600,3.327,5963
2020-10-09 09:25:00.600,3.327,5000
2020-10-09 09:25:00.600,3.327,2400
2020-10-09 09:25:00.600,3.327,5000
2020-10-09 09:25:00.600,3.327,200
2020-10-09 09:25:00.600,3.327,1000
2020-10-09 09:25:00.600,3.327,6000
2020-10-09 09:25:00.600,3.327,10000
2020-10-09 09:25:00.600,3.327,5700
2020-10-09 09:25:00.600,3.327,600
2020-10-09 09:25:00.600,3.327,1000
2020-10-09 09:25:00.600,3.327,5000
2020-10-09 09:25:00.600,3.327,18200
2020-10-09 09:25:00.600,3.327,5800
2020-10-09 09:25:00.600,3.327,309112
2020-10-09 09:25:00.600,3.327,2488
2020-10-09 09:25:00.600,3.327,1000
2020-10-09 09:25:00.600,3.327,10000
2020-10-09 09:25:00.600,3.327,100
2020-10-09 09:25:00.600,3.327,100
2020-10-09 09:25:00.600,3.327,800
2020-10-09 09:25:00.600,3.327,1000
2020-10-09 09:25:00.600,3.327,100
2020-10-09 09:25:00.600,3.327,100
2020-10-09 09:25:00.600,3.327,100
2020-10-09 09:25:00.600,3.327,700
2020-10-09 09:25:00.600,3.327,1000
2020-10-09 09:25:00.600,3.327,312
2020-10-09 09:25:00.600,3.327,5688
2020-10-09 09:25:00.600,3.327,1000
2020-10-09 09:25:00.600,3.327,200
2020-10-09 09:25:00.600,3.327,1000
2020-10-09 09:25:00.600,3.327,100
2020-10-09 09:25:00.600,3.327,200
2020-10-09 09:25:00.600,3.327,5000
2020-10-09 09:25:00.600,3.327,5000
2020-10-09 09:25:00.600,3.327,3000
2020-10-09 09:25:00.600,3.327,1000
2020-10-09 09:25:00.600,3.327,3000
2020-10-09 09:25:00.600,3.327,30000
2020-10-09 09:25:00.600,3.327,3000
2020-10-09 09:25:00.600,3.327,1000
2020-10-09 09:25:00.600,3.327,100
2020-10-09 09:25:00.600,3.327,2000
2020-10-09 09:25:00.600,3.327,10000
2020-10-09 09:25:00.600,3.327,11900
2020-10-09 09:25:00.600,3.327,53400
2020-10-09 09:25:00.600,3.327,100
2020-10-09 09:25:00.600,3.327,1000
2020-10-09 09:25:00.600,3.327,100
2020-10-09 09:25:00.600,3.327,100
2020-10-09 09:25:00.600,3.327,2000
2020-10-09 09:25:00.600,3.327,200
2020-10-09 09:25:00.600,3.327,1000
2020-10-09 09:25:00.600,3.327,800
2020-10-09 09:25:00.600,3.327,7000
2020-10-09 09:25:00.600,3.327,3612
2020-10-09 09:25:00.600,3.327,1388
2020-10-09 09:25:00.600,3.327,2812
2020-10-09 09:25:00.600,3.327,3188
2020-10-09 09:25:00.600,3.327,1000
2020-10-09 09:25:00.600,3.327,9612
2020-10-09 09:25:00.600,3.327,388
2020-10-09 09:25:00.600,3.327,100
2020-10-09 09:25:00.600,3.327,1000
2020-10-09 09:25:00.600,3.327,500
2020-10-09 09:25:00.600,3.327,33812
2020-10-09 09:25:00.600,3.327,10000
2020-10-09 09:25:00.600,3.327,15000
2020-10-09 09:25:00.600,3.327,91188
2020-10-09 09:25:00.600,3.327,5000
2020-10-09 09:25:00.600,3.327,1700
2020-10-09 09:25:00.600,3.327,1000
2020-10-09 09:25:00.600,3.327,10000
2020-10-09 09:25:00.600,3.327,8000
2020-10-09 09:25:00.600,3.327,6000
2020-10-09 09:25:00.600,3.327,5000
2020-10-09 09:25:00.600,3.327,31000
2020-10-09 09:25:00.600,3.327,5000
2020-10-09 09:25:00.600,3.327,200
2020-10-09 09:25:00.600,3.327,10000
2020-10-09 09:25:00.600,3.327,13200
2020-10-09 09:25:00.600,3.327,2000
2020-10-09 09:25:00.600,3.327,2000
2020-10-09 09:25:00.600,3.327,5000
2020-10-09 09:25:00.600,3.327,200
2020-10-09 09:25:00.600,3.327,500
2020-10-09 09:25:00.600,3.327,600
2020-10-09 09:25:00.600,3.327,1000
2020-10-09 09:25:00.600,3.327,7000
2020-10-09 09:25:00.600,3.327,100
2020-10-09 09:25:00.600,3.327,100
2020-10-09 09:25:00.600,3.327,2000
2020-10-09 09:25:00.600,3.327,10000
2020-10-09 09:25:00.600,3.327,100
2020-10-09 09:25:00.600,3.327,50000
2020-10-09 09:25:00.600,3.327,5000
2020-10-09 09:25:00.600,3.327,10000
2020-10-09 09:25:00.600,3.327,16500
2020-10-09 09:25:00.600,3.327,50000
2020-10-09 09:25:00.600,3.327,10000
2020-10-09 09:25:00.600,3.327,1000
2020-10-09 09:25:00.600,3.327,2000
2020-10-09 09:25:00.600,3.327,21000
2020-10-09 09:25:00.600,3.327,7000
2020-10-09 09:25:00.600,3.327,300
2020-10-09 09:25:00.600,3.327,4500
2020-10-09 09:25:00.600,3.327,600
2020-10-09 09:25:00.600,3.327,1000
2020-10-09 09:25:00.600,3.327,100
2020-10-09 09:25:00.600,3.327,200
2020-10-09 09:25:00.600,3.327,10000
2020-10-09 09:25:00.600,3.327,100
2020-10-09 09:25:00.600,3.327,5000
2020-10-09 09:25:00.600,3.327,10000
2020-10-09 09:25:00.600,3.327,200
2020-10-09 09:25:00.600,3.327,9000
2020-10-09 09:25:00.600,3.327,14600
2020-10-09 09:25:00.600,3.327,100
2020-10-09 09:25:00.600,3.327,1000
2020-10-09 09:25:00.600,3.327,100
2020-10-09 09:25:00.600,3.327,200
2020-10-09 09:25:00.600,3.327,10000
2020-10-09 09:25:00.600,3.327,10000
2020-10-09 09:25:00.600,3.327,4000
2020-10-09 09:25:00.600,3.327,10000
2020-10-09 09:25:00.600,3.327,4000
2020-10-09 09:25:00.600,3.327,10000
2020-10-09 09:25:00.600,3.327,3000
2020-10-09 09:25:00.600,3.327,6000
2020-10-09 09:25:00.600,3.327,1000
2020-10-09 09:25:00.600,3.327,7000
2020-10-09 09:25:00.600,3.327,4000
2020-10-09 09:25:00.600,3.327,9400
2020-10-09 09:25:00.600,3.327,6000
2020-10-09 09:25:00.600,3.327,150000
2020-10-09 09:25:00.600,3.327,300
2020-10-09 09:25:00.600,3.327,1000
2020-10-09 09:25:00.600,3.327,150000
2020-10-09 09:25:00.600,3.327,100
2020-10-09 09:25:00.600,3.327,10000
2020-10-09 09:25:00.600,3.327,10000
2020-10-09 09:25:00.600,3.327,5000
2020-10-09 09:25:00.600,3.327,10000
2020-10-09 09:25:00.600,3.327,10000
2020-10-09 09:25:00.600,3.327,200
2020-10-09 09:25:00.600,3.327,21612
2020-10-09 09:25:00.600,3.327,100000
2020-10-09 09:25:00.600,3.327,178388
2020-10-09 09:25:00.600,3.327,500
2020-10-09 09:25:00.600,3.327,100
2020-10-09 09:25:00.600,3.327,3000
2020-10-09 09:25:00.600,3.327,2000
2020-10-09 09:25:00.600,3.327,3100
2020-10-09 09:25:00.600,3.327,2000
2020-10-09 09:25:00.600,3.327,1000
2020-10-09 09:25:00.600,3.327,2000
2020-10-09 09:25:00.600,3.327,3000
2020-10-09 09:25:00.600,3.327,30000
2020-10-09 09:25:00.600,3.327,200
2020-10-09 09:25:00.600,3.327,1000
2020-10-09 09:25:00.600,3.327,1000
2020-10-09 09:25:00.600,3.327,10000
2020-10-09 09:25:00.600,3.327,100
2020-10-09 09:25:00.600,3.327,1000
2020-10-09 09:25:00.600,3.327,10000
2020-10-09 09:25:00.600,3.327,130000
2020-10-09 09:25:00.600,3.327,7000
2020-10-09 09:25:00.600,3.327,3900
2020-10-09 09:25:00.600,3.327,3000
2020-10-09 09:25:00.600,3.327,3500
2020-10-09 09:25:00.600,3.327,1000
2020-10-09 09:25:00.600,3.327,100
2020-10-09 09:25:00.600,3.327,100
2020-10-09 09:25:00.600,3.327,800
2020-10-09 09:25:00.600,3.327,3000
2020-10-09 09:25:00.600,3.327,100
2020-10-09 09:25:00.600,3.327,500
2020-10-09 09:25:00.600,3.327,10000
2020-10-09 09:25:00.600,3.327,2500
2020-10-09 09:25:00.600,3.327,10000
2020-10-09 09:25:00.600,3.327,20000
2020-10-09 09:25:00.600,3.327,10000
2020-10-09 09:25:00.600,3.327,1500
2020-10-09 09:25:00.600,3.327,16200
2020-10-09 09:25:00.600,3.327,10000
2020-10-09 09:25:00.600,3.327,7800
2020-10-09 09:25:00.600,3.327,5000
2020-10-09 09:25:00.600,3.327,1000
2020-10-09 09:25:00.600,3.327,5000
2020-10-09 09:25:00.600,3.327,1000
2020-10-09 09:25:00.600,3.327,100
2020-10-09 09:25:00.600,3.327,11000
2020-10-09 09:25:00.600,3.327,10000
2020-10-09 09:25:00.600,3.327,20900
2020-10-09 09:25:00.600,3.327,4100
2020-10-09 09:25:00.600,3.327,10000
2020-10-09 09:25:00.600,3.327,5000
2020-10-09 09:25:00.600,3.327,20500
2020-10-09 09:25:00.600,3.327,6000
2020-10-09 09:25:00.600,3.327,7000
2020-10-09 09:25:00.600,3.327,10900
2020-10-09 09:25:00.600,3.327,1000
2020-10-09 09:25:00.600,3.327,100
2020-10-09 09:25:00.600,3.327,5000
2020-10-09 09:25:00.600,3.327,10000
2020-10-09 09:25:00.600,3.327,25100
2020-10-09 09:25:00.600,3.327,2000
2020-10-09 09:25:00.600,3.327,10300
2020-10-09 09:25:00.600,3.327,10000
2020-10-09 09:25:00.600,3.327,10000
2020-10-09 09:25:00.600,3.327,11000
2020-10-09 09:25:00.600,3.327,8100
2020-10-09 09:25:00.600,3.327,200
2020-10-09 09:25:00.600,3.327,100
2020-10-09 09:25:00.600,3.327,600
2020-10-09 09:25:00.600,3.327,1000
2020-10-09 09:25:00.600,3.327,100
2020-10-09 09:25:00.600,3.327,100
2020-10-09 09:25:00.600,3.327,5000
2020-10-09 09:25:00.600,3.327,30000
2020-10-09 09:25:00.600,3.327,3000
2020-10-09 09:25:00.600,3.327,10000
2020-10-09 09:25:00.600,3.327,200
2020-10-09 09:25:00.600,3.327,7000
2020-10-09 09:25:00.600,3.327,200
2020-10-09 09:25:00.600,3.327,1700
2020-10-09 09:25:00.600,3.327,1000
2020-10-09 09:25:00.600,3.327,6000
2020-10-09 09:25:00.600,3.327,1000
2020-10-09 09:25:00.600,3.327,10000
2020-10-09 09:25:00.600,3.327,100
2020-10-09 09:25:00.600,3.327,300
2020-10-09 09:25:00.600,3.327,4000
2020-10-09 09:25:00.600,3.327,54700
2020-10-09 09:25:00.600,3.327,10000
2020-10-09 09:25:00.600,3.327,1000
2020-10-09 09:25:00.600,3.327,5000
2020-10-09 09:25:00.600,3.327,22200
2020-10-09 09:25:00.600,3.327,10000
2020-10-09 09:25:00.600,3.327,1000
2020-10-09 09:25:00.600,3.327,100
2020-10-09 09:25:00.600,3.327,10000
2020-10-09 09:25:00.600,3.327,2000
2020-10-09 09:25:00.600,3.327,1800
2020-10-09 09:25:00.600,3.327,1112
2020-10-09 09:25:00.600,3.327,2888
2020-10-09 09:25:00.600,3.327,90000
2020-10-09 09:25:00.600,3.327,200
2020-10-09 09:25:00.600,3.327,5000
2020-10-09 09:25:00.600,3.327,5000
2020-10-09 09:25:00.600,3.327,2200
2020-10-09 09:25:00.600,3.327,1000
2020-10-09 09:25:00.600,3.327,2700
2020-10-09 09:25:00.600,3.327,25000
2020-10-09 09:25:00.600,3.327,1000
2020-10-09 09:25:00.600,3.327,1400
2020-10-09 09:25:00.600,3.327,12000
2020-10-09 09:25:00.600,3.327,10000
2020-10-09 09:25:00.600,3.327,3800
2020-10-09 09:25:00.600,3.327,100
2020-10-09 09:25:00.600,3.327,100
2020-10-09 09:25:00.600,3.327,1500
2020-10-09 09:25:00.600,3.327,100
2020-10-09 09:25:00.600,3.327,10000
2020-10-09 09:25:00.600,3.327,100
2020-10-09 09:25:00.600,3.327,10000
2020-10-09 09:25:00.600,3.327,2000
2020-10-09 09:25:00.600,3.327,10000
2020-10-09 09:25:00.600,3.327,20000
2020-10-09 09:25:00.600,3.327,10000
2020-10-09 09:25:00.600,3.327,100
2020-10-09 09:25:00.600,3.327,1000
2020-10-09 09:25:00.600,3.327,100
2020-10-09 09:25:00.600,3.327,100
2020-10-09 09:25:00.600,3.327,10000
2020-10-09 09:25:00.600,3.327,2000
2020-10-09 09:25:00.600,3.327,1500
2020-10-09 09:25:00.600,3.327,7000
2020-10-09 09:25:00.600,3.327,10000
2020-10-09 09:25:00.600,3.327,5000
2020-10-09 09:25:00.600,3.327,30000
2020-10-09 09:25:00.600,3.327,11500
2020-10-09 09:25:00.600,3.327,1000
2020-10-09 09:25:00.600,3.327,20000
2020-10-09 09:25:00.600,3.327,10000
2020-10-09 09:25:00.600,3.327,11800
2020-10-09 09:25:00.600,3.327,1000
2020-10-09 09:25:00.600,3.327,200
2020-10-09 09:25:00.600,3.327,5000
2020-10-09 09:25:00.600,3.327,3000
2020-10-09 09:25:00.600,3.327,7000
2020-10-09 09:25:00.600,3.327,2000
2020-10-09 09:25:00.600,3.327,1000
2020-10-09 09:25:00.600,3.327,2000
2020-10-09 09:25:00.600,3.327,247800
2020-10-09 09:25:00.600,3.327,5000
2020-10-09 09:25:00.600,3.327,4500
2020-10-09 09:25:00.600,3.327,16000
2020-10-09 09:25:00.600,3.327,255512
2020-10-09 09:25:00.600,3.327,10000
2020-10-09 09:25:00.600,3.327,34488
2020-10-09 09:25:00.600,3.327,700
2020-10-09 09:25:00.600,3.327,2000
2020-10-09 09:25:00.600,3.327,900
2020-10-09 09:25:00.600,3.327,600
2020-10-09 09:25:00.600,3.327,2000
2020-10-09 09:25:00.600,3.327,100
2020-10-09 09:25:00.600,3.327,400
2020-10-09 09:25:00.600,3.327,5000
2020-10-09 09:25:00.600,3.327,11600
2020-10-09 09:25:00.600,3.327,10000
2020-10-09 09:25:00.600,3.327,3400
2020-10-09 09:25:00.600,3.327,4212
2020-10-09 09:25:00.600,3.327,788
2020-10-09 09:25:00.600,3.327,200
2020-10-09 09:25:00.600,3.327,100
2020-10-09 09:25:00.600,3.327,912
2020-10-09 09:25:00.600,3.327,5088
2020-10-09 09:25:00.600,3.327,712
2020-10-09 09:25:00.600,3.327,10000
2020-10-09 09:25:00.600,3.327,288
2020-10-09 09:25:00.600,3.327,3000
2020-10-09 09:25:00.600,3.327,10000
2020-10-09 09:25:00.600,3.327,1500
2020-10-09 09:25:00.600,3.327,10000
2020-10-09 09:25:00.600,3.327,7000
2020-10-09 09:25:00.600,3.327,9200
2020-10-09 09:25:00.600,3.327,6000
2020-10-09 09:25:00.600,3.327,2000
2020-10-09 09:25:00.600,3.327,10000
2020-10-09 09:25:00.600,3.327,60000
2020-10-09 09:25:00.600,3.327,100
2020-10-09 09:25:00.600,3.327,6000
2020-10-09 09:25:00.600,3.327,5000
2020-10-09 09:25:00.600,3.327,10000
2020-10-09 09:25:00.600,3.327,15000
2020-10-09 09:25:00.600,3.327,10000
2020-10-09 09:25:00.600,3.327,5000
2020-10-09 09:25:00.600,3.327,300
2020-10-09 09:25:00.600,3.327,600
2020-10-09 09:25:00.600,3.327,14000
2020-10-09 09:25:00.600,3.327,100
2020-10-09 09:25:00.600,3.327,7600
2020-10-09 09:25:00.600,3.327,1500
2020-10-09 09:25:00.600,3.327,2200
2020-10-09 09:25:00.600,3.327,10000
2020-10-09 09:25:00.600,3.327,200
2020-10-09 09:25:00.600,3.327,7000
2020-10-09 09:25:00.600,3.327,4500
2020-10-09 09:25:00.600,3.327,10000
2020-10-09 09:25:00.600,3.327,50000
2020-10-09 09:25:00.600,3.327,15000
2020-10-09 09:25:00.600,3.327,3000
2020-10-09 09:25:00.600,3.327,14700
2020-10-09 09:25:00.600,3.327,100
2020-10-09 09:25:00.600,3.327,5000
2020-10-09 09:25:00.600,3.327,100
2020-10-09 09:25:00.600,3.327,1100
2020-10-09 09:25:00.600,3.327,500
2020-10-09 09:25:00.600,3.327,5000
2020-10-09 09:25:00.600,3.327,1000
2020-10-09 09:25:00.600,3.327,40000
2020-10-09 09:25:00.600,3.327,10000
2020-10-09 09:25:00.600,3.327,5000
2020-10-09 09:25:00.600,3.327,5000
2020-10-09 09:25:00.600,3.327,150000
2020-10-09 09:25:00.600,3.327,3600
2020-10-09 09:25:00.600,3.327,5000
2020-10-09 09:25:00.600,3.327,3900
2020-10-09 09:25:00.600,3.327,700
2020-10-09 09:25:00.600,3.327,3600
2020-10-09 09:25:00.600,3.327,1000
2020-10-09 09:25:00.600,3.327,20000
2020-10-09 09:25:00.600,3.327,6000
2020-10-09 09:25:00.600,3.327,4500
2020-10-09 09:25:00.600,3.327,8700
2020-10-09 09:25:00.600,3.327,500
2020-10-09 09:25:00.600,3.327,30000
2020-10-09 09:25:00.600,3.327,100
2020-10-09 09:25:00.600,3.327,1500
2020-10-09 09:25:00.600,3.327,10000
2020-10-09 09:25:00.600,3.327,5000
2020-10-09 09:25:00.600,3.327,1000
2020-10-09 09:25:00.600,3.327,600
2020-10-09 09:25:00.600,3.327,6500
2020-10-09 09:25:00.600,3.327,3500
2020-10-09 09:25:00.600,3.327,1000
2020-10-09 09:25:00.600,3.327,400
2020-10-09 09:25:00.600,3.327,200
2020-10-09 09:25:00.600,3.327,5000
2020-10-09 09:25:00.600,3.327,10000
2020-10-09 09:25:00.600,3.327,5000
2020-10-09 09:25:00.600,3.327,3000
2020-10-09 09:25:00.600,3.327,99100
2020-10-09 09:25:00.600,3.327,37700
2020-10-09 09:25:00.600,3.327,200
2020-10-09 09:25:00.600,3.327,25000
2020-10-09 09:25:00.600,3.327,58000
2020-10-09 09:25:00.600,3.327,100
2020-10-09 09:25:00.600,3.327,3100
2020-10-09 09:25:00.600,3.327,2912
2020-10-09 09:25:00.600,3.327,4188
2020-10-09 09:25:00.600,3.327,1000
2020-10-09 09:25:00.600,3.327,1000
2020-10-09 09:25:00.600,3.327,6100
2020-10-09 09:25:00.600,3.327,1500
2020-10-09 09:25:00.600,3.327,5000
2020-10-09 09:25:00.600,3.327,10000
2020-10-09 09:25:00.600,3.327,7000
2020-10-09 09:25:00.600,3.327,5000
2020-10-09 09:25:00.600,3.327,5000
2020-10-09 09:25:00.600,3.327,100
2020-10-09 09:25:00.600,3.327,10000
2020-10-09 09:25:00.600,3.327,50000
2020-10-09 09:25:00.600,3.327,94112
2020-10-09 09:25:00.600,3.327,7300
2020-10-09 09:25:00.600,3.327,398588
2020-10-09 09:25:00.600,3.327,50000
2020-10-09 09:25:00.600,3.327,451412
2020-10-09 09:30:00.030,3.327,30000
2020-10-09 09:30:00.090,3.327,18588
2020-10-09 09:30:00.090,3.327,10000
2020-10-09 09:30:00.090,3.327,3000
2020-10-09 09:30:00.090,3.327,10000
2020-10-09 09:30:00.090,3.327,8000
2020-10-09 09:30:00.130,3.327,6000
2020-10-09 09:30:00.260,3.327,30100
2020-10-09 09:30:00.260,3.327,2000
2020-10-09 09:30:00.260,3.327,212312
2020-10-09 09:30:00.260,3.327,198700
2020-10-09 09:30:00.260,3.326,14000
2020-10-09 09:30:00.260,3.326,573988
2020-10-09 09:30:00.260,3.326,326012
2020-10-09 09:30:00.260,3.326,3000
2020-10-09 09:30:00.260,3.326,2000
2020-10-09 09:30:00.260,3.326,30000
2020-10-09 09:30:00.260,3.326,637988
2020-10-09 09:30:00.260,3.326,14400
2020-10-09 09:30:00.330,3.327,900
2020-10-09 09:30:00.330,3.326,100
2020-10-09 09:30:00.380,3.328,100
2020-10-09 09:30:00.380,3.328,100
2020-10-09 09:30:00.380,3.328,9900
2020-10-09 09:30:00.440,3.327,300
2020-10-09 09:30:00.440,3.327,9700
2020-10-09 09:30:00.440,3.326,5300
2020-10-09 09:30:00.490,3.326,3300
2020-10-09 09:30:00.540,3.326,800
2020-10-09 09:30:00.580,3.327,1400
2020-10-09 09:30:00.580,3.326,12000
2020-10-09 09:30:00.580,3.327,5500
2020-10-09 09:30:00.580,3.327,20000
2020-10-09 09:30:00.580,3.327,20000
2020-10-09 09:30:00.580,3.327,10000
2020-10-09 09:30:00.630,3.327,5000
2020-10-09 09:30:00.670,3.327,3000
2020-10-09 09:30:00.670,3.326,1000
2020-10-09 09:30:00.670,3.327,2400
2020-10-09 09:30:00.720,3.327,9000
2020-10-09 09:30:00.760,3.326,23900
2020-10-09 09:30:00.810,3.326,1000
2020-10-09 09:30:00.810,3.326,5000
2020-10-09 09:30:00.810,3.326,74300
2020-10-09 09:30:00.810,3.326,300
2020-10-09 09:30:00.850,3.327,100
2020-10-09 09:30:00.850,3.327,3000
2020-10-09 09:30:00.850,3.327,1000
2020-10-09 09:30:00.900,3.326,100
2020-10-09 09:30:00.900,3.326,100
2020-10-09 09:30:00.900,3.326,100
2020-10-09 09:30:00.900,3.326,100
2020-10-09 09:30:00.900,3.326,100
2020-10-09 09:30:00.900,3.326,100
2020-10-09 09:30:00.900,3.326,100
2020-10-09 09:30:00.900,3.326,100
2020-10-09 09:30:00.900,3.326,100
2020-10-09 09:30:00.900,3.326,100
2020-10-09 09:30:00.900,3.326,100
2020-10-09 09:30:00.900,3.326,100
2020-10-09 09:30:00.900,3.326,100
2020-10-09 09:30:00.900,3.326,100
2020-10-09 09:30:00.900,3.326,2800
2020-10-09 09:30:00.900,3.327,10000
2020-10-09 09:30:00.950,3.327,500
2020-10-09 09:30:00.950,3.326,500
2020-10-09 09:30:00.950,3.326,45200
2020-10-09 09:30:01.020,3.327,73500
2020-10-09 09:30:01.020,3.326,500
2020-10-09 09:30:01.020,3.326,5000
2020-10-09 09:30:01.020,3.326,2000
2020-10-09 09:30:01.080,3.327,10000
2020-10-09 09:30:01.080,3.326,200
2020-10-09 09:30:01.080,3.327,19900
2020-10-09 09:30:01.130,3.326,1500
2020-10-09 09:30:01.130,3.327,100
2020-10-09 09:30:01.170,3.326,40000
2020-10-09 09:30:01.170,3.327,5600
2020-10-09 09:30:01.170,3.327,3100
2020-10-09 09:30:01.170,3.327,6900
2020-10-09 09:30:01.170,3.327,900
2020-10-09 09:30:01.170,3.327,5000
2020-10-09 09:30:01.170,3.327,10000
2020-10-09 09:30:01.170,3.327,10000
2020-10-09 09:30:01.170,3.327,100
2020-10-09 09:30:01.170,3.327,4900
2020-10-09 09:30:01.170,3.327,200
2020-10-09 09:30:01.170,3.327,5000
2020-10-09 09:30:01.170,3.327,1400
2020-10-09 09:30:01.170,3.327,1700
2020-10-09 09:30:01.170,3.327,1000
2020-10-09 09:30:01.170,3.327,10000
2020-10-09 09:30:01.170,3.327,10000
2020-10-09 09:30:01.170,3.327,5000
2020-10-09 09:30:01.170,3.328,10100
2020-10-09 09:30:01.170,3.328,3000
2020-10-09 09:30:01.170,3.328,40000
2020-10-09 09:30:01.170,3.328,100
2020-10-09 09:30:01.170,3.328,30500
2020-10-09 09:30:01.170,3.328,10000
2020-10-09 09:30:01.170,3.328,14000
2020-10-09 09:30:01.170,3.328,1500
2020-10-09 09:30:01.170,3.328,200
2020-10-09 09:30:01.170,3.328,10000
2020-10-09 09:30:01.170,3.328,7000
2020-10-09 09:30:01.170,3.328,300
2020-10-09 09:30:01.170,3.328,20000
2020-10-09 09:30:01.170,3.328,100
2020-10-09 09:30:01.170,3.328,10000
2020-10-09 09:30:01.170,3.328,7400
2020-10-09 09:30:01.170,3.328,3000
2020-10-09 09:30:01.170,3.328,200
2020-10-09 09:30:01.170,3.328,100
2020-10-09 09:30:01.170,3.328,10000
2020-10-09 09:30:01.170,3.328,5000
2020-10-09 09:30:01.170,3.328,6000
2020-10-09 09:30:01.170,3.328,100
2020-10-09 09:30:01.170,3.328,100
2020-10-09 09:30:01.170,3.328,300
2020-10-09 09:30:01.170,3.329,500
2020-10-09 09:30:01.170,3.329,12000
2020-10-09 09:30:01.170,3.329,700
2020-10-09 09:30:01.170,3.329,100
2020-10-09 09:30:01.170,3.329,5000
2020-10-09 09:30:01.170,3.329,73000
2020-10-09 09:30:01.170,3.329,1000
2020-10-09 09:30:01.170,3.329,5000
2020-10-09 09:30:01.170,3.329,1900
2020-10-09 09:30:01.170,3.329,10000
2020-10-09 09:30:01.170,3.329,22200
2020-10-09 09:30:01.170,3.329,20000
2020-10-09 09:30:01.170,3.329,10000
2020-10-09 09:30:01.170,3.329,60100
2020-10-09 09:30:01.170,3.329,100
2020-10-09 09:30:01.170,3.329,10000
2020-10-09 09:30:01.170,3.329,7900
2020-10-09 09:30:01.170,3.329,1000
2020-10-09 09:30:01.170,3.329,2000
2020-10-09 09:30:01.170,3.33,200
2020-10-09 09:30:01.170,3.33,2000
2020-10-09 09:30:01.170,3.33,1700
2020-10-09 09:30:01.170,3.33,10100
2020-10-09 09:30:01.170,3.33,25000
2020-10-09 09:30:01.170,3.33,5200
2020-10-09 09:30:01.170,3.33,200
2020-10-09 09:30:01.170,3.33,800
2020-10-09 09:30:01.170,3.33,1200
2020-10-09 09:30:01.170,3.33,20000
2020-10-09 09:30:01.170,3.33,25600
2020-10-09 09:30:01.170,3.33,7600
2020-10-09 09:30:01.170,3.33,600
2020-10-09 09:30:01.170,3.33,18000
2020-10-09 09:30:01.170,3.33,300
2020-10-09 09:30:01.170,3.33,100
2020-10-09 09:30:01.170,3.33,100
2020-10-09 09:30:01.170,3.33,13900
2020-10-09 09:30:01.170,3.33,5000
2020-10-09 09:30:01.170,3.33,3300
2020-10-09 09:30:01.170,3.33,1000
2020-10-09 09:30:01.170,3.33,1800
2020-10-09 09:30:01.170,3.33,100
2020-10-09 09:30:01.170,3.33,3000
2020-10-09 09:30:01.170,3.33,17500
2020-10-09 09:30:01.170,3.33,100
2020-10-09 09:30:01.170,3.33,100
2020-10-09 09:30:01.170,3.33,1000
2020-10-09 09:30:01.170,3.33,4500
2020-10-09 09:30:01.170,3.33,3000
2020-10-09 09:30:01.170,3.33,1500
2020-10-09 09:30:01.170,3.33,1000
2020-10-09 09:30:01.170,3.33,5000
2020-10-09 09:30:01.170,3.33,10000
2020-10-09 09:30:01.170,3.33,7000
2020-10-09 09:30:01.170,3.33,10000
2020-10-09 09:30:01.170,3.33,20000
2020-10-09 09:30:01.170,3.33,20000
2020-10-09 09:30:01.170,3.33,5000
2020-10-09 09:30:01.170,3.33,1000
2020-10-09 09:30:01.170,3.33,10000
2020-10-09 09:30:01.170,3.33,5000
2020-10-09 09:30:01.170,3.33,1000
2020-10-09 09:30:01.170,3.33,1000
2020-10-09 09:30:01.170,3.33,300
2020-10-09 09:30:01.170,3.33,8200
2020-10-09 09:30:01.170,3.33,25000
2020-10-09 09:30:01.170,3.33,1000
2020-10-09 09:30:01.170,3.33,12200
2020-10-09 09:30:01.170,3.33,200
2020-10-09 09:30:01.170,3.33,16200
2020-10-09 09:30:01.170,3.33,2200
2020-10-09 09:30:01.170,3.33,4000
2020-10-09 09:30:01.170,3.331,1000
2020-10-09 09:30:01.170,3.331,2000
2020-10-09 09:30:01.170,3.331,100
2020-10-09 09:30:01.170,3.331,1500
2020-10-09 09:30:01.170,3.331,5000
2020-10-09 09:30:01.170,3.331,10000
2020-10-09 09:30:01.170,3.331,200
2020-10-09 09:30:01.170,3.331,100
2020-10-09 09:30:01.170,3.331,3000
2020-10-09 09:30:01.170,3.331,13400
2020-10-09 09:30:01.170,3.332,5000
2020-10-09 09:30:01.170,3.332,600
2020-10-09 09:30:01.170,3.332,100
2020-10-09 09:30:01.170,3.332,2900
2020-10-09 09:30:01.170,3.332,11000
2020-10-09 09:30:01.170,3.332,700
2020-10-09 09:30:01.210,3.326,4300
2020-10-09 09:30:01.210,3.326,3200
2020-10-09 09:30:01.210,3.327,100
2020-10-09 09:30:01.260,3.326,10000
2020-10-09 09:30:01.260,3.327,100
2020-10-09 09:30:01.260,3.326,4012
2020-10-09 09:30:01.260,3.326,10988
2020-10-09 09:30:01.260,3.326,30100
2020-10-09 09:30:01.260,3.327,700
2020-10-09 09:30:01.310,3.327,1100
2020-10-09 09:30:01.310,3.327,20000
2020-10-09 09:30:01.310,3.327,8900
2020-10-09 09:30:01.310,3.326,1100
2020-10-09 09:30:01.310,3.326,4000
2020-10-09 09:30:01.310,3.327,1100
2020-10-09 09:30:01.310,3.327,700
2020-10-09 09:30:01.310,3.326,3000
2020-10-09 09:30:01.370,3.327,600
2020-10-09 09:30:01.370,3.327,500
2020-10-09 09:30:01.370,3.327,3000
2020-10-09 09:30:01.370,3.328,3700
2020-10-09 09:30:01.370,3.328,30000
2020-10-09 09:30:01.370,3.328,3000
2020-10-09 09:30:01.370,3.329,300
2020-10-09 09:30:01.370,3.33,500
2020-10-09 09:30:01.370,3.33,300
2020-10-09 09:30:01.370,3.33,4000
2020-10-09 09:30:01.370,3.33,4000
2020-10-09 09:30:01.370,3.331,20000
2020-10-09 09:30:01.370,3.332,9300
2020-10-09 09:30:01.370,3.332,5100
2020-10-09 09:30:01.370,3.332,10000
2020-10-09 09:30:01.370,3.332,7000
2020-10-09 09:30:01.370,3.332,200
2020-10-09 09:30:01.370,3.332,2000
2020-10-09 09:30:01.370,3.332,16500
2020-10-09 09:30:01.370,3.327,600
2020-10-09 09:30:01.370,3.327,5300
2020-10-09 09:30:01.370,3.327,600
2020-10-09 09:30:01.430,3.327,10000
2020-10-09 09:30:01.430,3.327,2000
2020-10-09 09:30:01.430,3.327,4300
2020-10-09 09:30:01.430,3.326,700
2020-10-09 09:30:01.490,3.327,900
2020-10-09 09:30:01.490,3.326,800
2020-10-09 09:30:01.540,3.326,3000
2020-10-09 09:30:01.540,3.327,6000
2020-10-09 09:30:01.540,3.327,100
2020-10-09 09:30:01.540,3.327,400
2020-10-09 09:30:01.580,3.327,100
2020-10-09 09:30:01.580,3.327,100
2020-10-09 09:30:01.580,3.326,4900
2020-10-09 09:30:01.580,3.329,5000
2020-10-09 09:30:01.580,3.329,3000
2020-10-09 09:30:01.580,3.33,3000
2020-10-09 09:30:01.580,3.327,200
2020-10-09 09:30:01.580,3.326,7500
2020-10-09 09:30:01.650,3.326,15000
2020-10-09 09:30:01.650,3.327,200
2020-10-09 09:30:01.650,3.327,19600
2020-10-09 09:30:01.650,3.327,9900
2020-10-09 09:30:01.650,3.33,500
2020-10-09 09:30:01.710,3.329,500
2020-10-09 09:30:01.710,3.327,300
2020-10-09 09:30:01.750,3.327,100
2020-10-09 09:30:01.790,3.327,3600
2020-10-09 09:30:01.790,3.327,2200
2020-10-09 09:30:01.830,3.326,1000
2020-10-09 09:30:01.830,3.326,1000
2020-10-09 09:30:01.830,3.326,95300
2020-10-09 09:30:01.880,3.326,200
2020-10-09 09:30:01.880,3.326,2000
2020-10-09 09:30:01.880,3.327,2800
2020-10-09 09:30:01.880,3.327,2200
2020-10-09 09:30:01.880,3.327,1000
2020-10-09 09:30:01.880,3.326,10000
2020-10-09 09:30:01.880,3.327,13100
2020-10-09 09:30:01.880,3.327,1000
2020-10-09 09:30:01.880,3.328,3000
2020-10-09 09:30:01.880,3.328,1000
2020-10-09 09:30:01.880,3.328,1000
2020-10-09 09:30:01.880,3.329,30900
2020-10-09 09:30:01.880,3.326,9100
2020-10-09 09:30:01.880,3.326,100
2020-10-09 09:30:01.930,3.326,3200
2020-10-09 09:30:01.930,3.327,100
2020-10-09 09:30:01.930,3.327,1300
2020-10-09 09:30:01.990,3.327,7600
2020-10-09 09:30:01.990,3.326,42400
2020-10-09 09:30:01.990,3.328,4500
2020-10-09 09:30:01.990,3.326,1000
2020-10-09 09:30:01.990,3.326,53512
2020-10-09 09:30:01.990,3.325,55700
2020-10-09 09:30:01.990,3.326,10000
2020-10-09 09:30:01.990,3.326,1000
2020-10-09 09:30:01.990,3.325,52100
2020-10-09 09:30:01.990,3.326,1600
2020-10-09 09:30:02.040,3.325,11400
2020-10-09 09:30:02.040,3.325,88600
2020-10-09 09:30:02.210,3.325,12200
2020-10-09 09:30:02.300,3.325,2000
2020-10-09 09:30:02.300,3.325,1600
2020-10-09 09:30:02.300,3.326,300
2020-10-09 09:30:02.300,3.326,20000
2020-10-09 09:30:02.350,3.326,1200
2020-10-09 09:30:02.400,3.326,3000
2020-10-09 09:30:02.430,3.326,200
2020-10-09 09:30:02.520,3.326,3000
2020-10-09 09:30:02.560,3.326,10000
2020-10-09 09:30:02.600,3.325,1000
2020-10-09 09:30:02.600,3.326,400
2020-10-09 09:30:02.600,3.326,7288
2020-10-09 09:30:02.600,3.326,8900
2020-10-09 09:30:02.600,3.326,10000
2020-10-09 09:30:02.600,3.326,200
2020-10-09 09:30:02.600,3.326,1100
2020-10-09 09:30:02.600,3.326,2000
2020-10-09 09:30:02.600,3.326,512
2020-10-09 09:30:02.650,3.326,1488
2020-10-09 09:30:02.650,3.327,3000
2020-10-09 09:30:02.650,3.327,5000
2020-10-09 09:30:02.650,3.327,5512
2020-10-09 09:30:02.680,3.327,8288
2020-10-09 09:30:02.680,3.327,2000
2020-10-09 09:30:02.680,3.327,2000
2020-10-09 09:30:02.680,3.327,400
2020-10-09 09:30:02.680,3.327,4000
2020-10-09 09:30:02.680,3.327,600
2020-10-09 09:30:02.680,3.327,700
2020-10-09 09:30:02.680,3.327,2000
2020-10-09 09:30:02.680,3.327,20000
2020-10-09 09:30:02.680,3.327,2000
2020-10-09 09:30:02.680,3.327,100
2020-10-09 09:30:02.720,3.327,12800
2020-10-09 09:30:02.720,3.327,500
2020-10-09 09:30:02.720,3.327,14612
2020-10-09 09:30:02.720,3.327,300
2020-10-09 09:30:02.720,3.325,19488
2020-10-09 09:30:02.720,3.326,300
2020-10-09 09:30:02.720,3.328,500
2020-10-09 09:30:02.720,3.328,1000
2020-10-09 09:30:02.720,3.328,100
2020-10-09 09:30:02.720,3.329,100
2020-10-09 09:30:02.770,3.326,200
2020-10-09 09:30:02.770,3.328,200
2020-10-09 09:30:02.770,3.328,100
2020-10-09 09:30:02.810,3.326,900
2020-10-09 09:30:02.810,3.326,7500
2020-10-09 09:30:02.810,3.327,2000
2020-10-09 09:30:02.810,3.327,13100
2020-10-09 09:30:02.810,3.328,1000
2020-10-09 09:30:02.810,3.328,9800
2020-10-09 09:30:02.810,3.328,1000
2020-10-09 09:30:02.810,3.328,15900
2020-10-09 09:30:02.850,3.328,9900
2020-10-09 09:30:02.850,3.328,500
2020-10-09 09:30:02.850,3.328,7400
2020-10-09 09:30:02.850,3.328,4600
2020-10-09 09:30:02.850,3.328,2600
2020-10-09 09:30:02.850,3.328,2400
2020-10-09 09:30:02.850,3.328,10000
2020-10-09 09:30:02.850,3.328,300
2020-10-09 09:30:02.850,3.328,10000
2020-10-09 09:30:02.900,3.328,5000
2020-10-09 09:30:02.900,3.329,43500
2020-10-09 09:30:02.900,3.329,2000
2020-10-09 09:30:02.900,3.329,4500
2020-10-09 09:30:02.900,3.328,219500
2020-10-09 09:30:02.900,3.327,276400
2020-10-09 09:30:02.900,3.327,2600
2020-10-09 09:30:02.900,3.327,2600
2020-10-09 09:30:02.900,3.327,5000
2020-10-09 09:30:02.900,3.325,101400
2020-10-09 09:30:02.900,3.325,10000
2020-10-09 09:30:02.940,3.329,4500
2020-10-09 09:30:02.940,3.329,5500
2020-10-09 09:30:02.940,3.327,800
2020-10-09 09:30:02.980,3.326,100
2020-10-09 09:30:03.100,3.326,3100
2020-10-09 09:30:03.160,3.326,10000
2020-10-09 09:30:03.160,3.325,2000
2020-10-09 09:30:03.390,3.326,10000
2020-10-09 09:30:03.390,3.326,2000
2020-10-09 09:30:03.390,3.325,30000
2020-10-09 09:30:03.570,3.326,4800
2020-10-09 09:30:03.570,3.326,1000
2020-10-09 09:30:03.570,3.326,1000
2020-10-09 09:30:03.570,3.326,4600
2020-10-09 09:30:03.570,3.326,40000
2020-10-09 09:30:03.570,3.326,12700
2020-10-09 09:30:03.570,3.326,5000
2020-10-09 09:30:03.570,3.327,700
2020-10-09 09:30:03.570,3.327,1500
2020-10-09 09:30:03.570,3.327,500
2020-10-09 09:30:03.570,3.327,1500
2020-10-09 09:30:03.570,3.327,1500
2020-10-09 09:30:03.570,3.327,3100
2020-10-09 09:30:03.570,3.325,1000
2020-10-09 09:30:03.650,3.326,2400
2020-10-09 09:30:03.650,3.327,1600
2020-10-09 09:30:03.690,3.326,2000
2020-10-09 09:30:03.690,3.326,9500
2020-10-09 09:30:03.690,3.326,300
2020-10-09 09:30:03.780,3.326,100
2020-10-09 09:30:03.780,3.326,100
2020-10-09 09:30:03.780,3.326,500
2020-10-09 09:30:03.820,3.326,700
2020-10-09 09:30:03.820,3.326,3000
2020-10-09 09:30:03.820,3.326,200
2020-10-09 09:30:03.870,3.326,4800
2020-10-09 09:30:03.870,3.326,2500
2020-10-09 09:30:03.870,3.326,3600
2020-10-09 09:30:03.870,3.327,3200
2020-10-09 09:30:03.870,3.327,1000
2020-10-09 09:30:03.870,3.327,6000
2020-10-09 09:30:03.870,3.327,3000
2020-10-09 09:30:03.870,3.327,11900
2020-10-09 09:30:03.870,3.327,5000
2020-10-09 09:30:03.870,3.327,7100
2020-10-09 09:30:03.870,3.327,42800
2020-10-09 09:30:03.870,3.327,3000
2020-10-09 09:30:03.870,3.327,1100
2020-10-09 09:30:03.870,3.327,500
2020-10-09 09:30:03.910,3.327,1600
2020-10-09 09:30:03.910,3.327,13700
2020-10-09 09:30:03.910,3.327,100
2020-10-09 09:30:03.990,3.327,1000
2020-10-09 09:30:03.990,3.327,39900
2020-10-09 09:30:03.990,3.327,10000
2020-10-09 09:30:03.990,3.326,4100
2020-10-09 09:30:03.990,3.325,4000
2020-10-09 09:30:04.080,3.328,2000
2020-10-09 09:30:04.080,3.328,7400
2020-10-09 09:30:04.080,3.325,5000
2020-10-09 09:30:04.080,3.325,500
2020-10-09 09:30:04.080,3.326,2000
2020-10-09 09:30:04.080,3.326,6000
2020-10-09 09:30:04.080,3.326,6000
2020-10-09 09:30:04.080,3.326,47500
2020-10-09 09:30:04.080,3.325,8300
2020-10-09 09:30:04.260,3.326,800
2020-10-09 09:30:04.310,3.326,15000
2020-10-09 09:30:04.310,3.325,12912
2020-10-09 09:30:04.310,3.325,2088
2020-10-09 09:30:04.310,3.326,37100
2020-10-09 09:30:04.430,3.325,5000
2020-10-09 09:30:04.430,3.325,10000
2020-10-09 09:30:04.430,3.326,46600
2020-10-09 09:30:04.430,3.326,5000
2020-10-09 09:30:04.430,3.326,6300
2020-10-09 09:30:04.430,3.326,7000
2020-10-09 09:30:04.430,3.326,1000
2020-10-09 09:30:04.430,3.326,500
2020-10-09 09:30:04.430,3.326,24200
2020-10-09 09:30:04.430,3.326,2800
2020-10-09 09:30:04.430,3.326,4900
2020-10-09 09:30:04.430,3.326,2900
2020-10-09 09:30:04.430,3.326,3000
2020-10-09 09:30:04.430,3.326,200
2020-10-09 09:30:04.430,3.327,9000
2020-10-09 09:30:04.430,3.327,130000
2020-10-09 09:30:04.430,3.327,500
2020-10-09 09:30:04.430,3.327,1500
2020-10-09 09:30:04.430,3.327,29000
2020-10-09 09:30:04.430,3.327,1500
2020-10-09 09:30:04.430,3.327,10000
2020-10-09 09:30:04.430,3.327,300
2020-10-09 09:30:04.430,3.328,13800
2020-10-09 09:30:04.430,3.326,20000
2020-10-09 09:30:04.430,3.328,18800
2020-10-09 09:30:04.430,3.328,20000
2020-10-09 09:30:04.430,3.328,42800
2020-10-09 09:30:04.430,3.328,2000
2020-10-09 09:30:04.430,3.329,194500
2020-10-09 09:30:04.430,3.329,7000
2020-10-09 09:30:04.430,3.329,6000
2020-10-09 09:30:04.430,3.329,11600
2020-10-09 09:30:04.430,3.329,42000
2020-10-09 09:30:04.430,3.329,10000
2020-10-09 09:30:04.430,3.329,5000
2020-10-09 09:30:04.430,3.329,7400
2020-10-09 09:30:04.430,3.329,5000
2020-10-09 09:30:04.430,3.329,2000
2020-10-09 09:30:04.430,3.329,100
2020-10-09 09:30:04.430,3.329,200
2020-10-09 09:30:04.430,3.329,20000
2020-10-09 09:30:04.430,3.329,3000
2020-10-09 09:30:04.430,3.329,1000
2020-10-09 09:30:04.430,3.33,6500
2020-10-09 09:30:04.430,3.33,6600
2020-10-09 09:30:04.430,3.33,19000
2020-10-09 09:30:04.430,3.33,400
2020-10-09 09:30:04.430,3.33,8800
2020-10-09 09:30:04.430,3.33,2000
2020-10-09 09:30:04.430,3.33,1100
2020-10-09 09:30:04.430,3.33,8500
2020-10-09 09:30:04.430,3.33,20000
2020-10-09 09:30:04.430,3.33,10000
2020-10-09 09:30:04.430,3.33,6900
2020-10-09 09:30:04.430,3.33,3000
2020-10-09 09:30:04.430,3.33,45000
2020-10-09 09:30:04.430,3.33,100
2020-10-09 09:30:04.430,3.33,5000
2020-10-09 09:30:04.430,3.33,2500
2020-10-09 09:30:04.430,3.33,30000
2020-10-09 09:30:04.430,3.33,100
2020-10-09 09:30:04.430,3.33,20000
2020-10-09 09:30:04.430,3.33,5000
2020-10-09 09:30:04.430,3.33,200
2020-10-09 09:30:04.430,3.33,1000
2020-10-09 09:30:04.430,3.33,3100
2020-10-09 09:30:04.430,3.33,3000
2020-10-09 09:30:04.430,3.33,5000
2020-10-09 09:30:04.430,3.33,1000
2020-10-09 09:30:04.430,3.33,300
2020-10-09 09:30:04.430,3.33,300
2020-10-09 09:30:04.430,3.33,300
2020-10-09 09:30:04.430,3.33,2900
2020-10-09 09:30:04.430,3.33,500
2020-10-09 09:30:04.430,3.33,20000
2020-10-09 09:30:04.430,3.33,2000
2020-10-09 09:30:04.490,3.33,2300
2020-10-09 09:30:04.490,3.33,3000
2020-10-09 09:30:04.490,3.33,3100
2020-10-09 09:30:04.490,3.33,2500
2020-10-09 09:30:04.490,3.33,20000
2020-10-09 09:30:04.490,3.33,500
2020-10-09 09:30:04.490,3.33,8500
2020-10-09 09:30:04.490,3.33,100
2020-10-09 09:30:04.490,3.33,10000
2020-10-09 09:30:04.540,3.33,15000
2020-10-09 09:30:04.540,3.33,15000
2020-10-09 09:30:04.540,3.33,15000
2020-10-09 09:30:04.540,3.33,5000
2020-10-09 09:30:04.590,3.33,100
2020-10-09 09:30:04.630,3.331,100
2020-10-09 09:30:04.630,3.33,2000
2020-10-09 09:30:04.710,3.33,800
2020-10-09 09:30:04.750,3.33,2000
2020-10-09 09:30:04.750,3.33,13000
2020-10-09 09:30:04.830,3.33,2000
2020-10-09 09:30:04.830,3.33,4900
2020-10-09 09:30:04.830,3.33,2000
2020-10-09 09:30:04.830,3.33,3600
2020-10-09 09:30:04.830,3.33,200
2020-10-09 09:30:04.830,3.33,7500
2020-10-09 09:30:04.830,3.33,4000
2020-10-09 09:30:04.830,3.33,3000
2020-10-09 09:30:04.830,3.33,27400
2020-10-09 09:30:04.830,3.33,71800
2020-10-09 09:30:04.830,3.329,9800
2020-10-09 09:30:04.830,3.329,68700
2020-10-09 09:30:04.830,3.329,3900
2020-10-09 09:30:04.890,3.329,1100
2020-10-09 09:30:04.890,3.329,2000
2020-10-09 09:30:04.890,3.329,1000
2020-10-09 09:30:04.890,3.329,10000
2020-10-09 09:30:04.890,3.329,15000
2020-10-09 09:30:04.890,3.329,300
2020-10-09 09:30:04.890,3.329,4000
2020-10-09 09:30:04.890,3.329,4000
2020-10-09 09:30:04.940,3.33,1800
2020-10-09 09:30:04.940,3.329,10000
2020-10-09 09:30:04.990,3.329,100000
2020-10-09 09:30:04.990,3.329,3000
2020-10-09 09:30:04.990,3.329,100
2020-10-09 09:30:05.040,3.329,4300
2020-10-09 09:30:05.080,3.329,72600
2020-10-09 09:30:05.080,3.329,50000
2020-10-09 09:30:05.080,3.329,14300
2020-10-09 09:30:05.080,3.328,33100
2020-10-09 09:30:05.190,3.328,5000
2020-10-09 09:30:05.190,3.328,30000
2020-10-09 09:30:05.190,3.328,3000
2020-10-09 09:30:05.190,3.328,300
2020-10-09 09:30:05.190,3.33,13200
2020-10-09 09:30:05.190,3.33,1000
2020-10-09 09:30:05.190,3.33,1300
2020-10-09 09:30:05.190,3.33,3800
2020-10-09 09:30:05.190,3.331,700
2020-10-09 09:30:05.260,3.328,15000
2020-10-09 09:30:05.260,3.328,500
2020-10-09 09:30:05.310,3.328,700
2020-10-09 09:30:05.310,3.328,100
2020-10-09 09:30:05.310,3.328,12300
2020-10-09 09:30:05.310,3.327,5000
2020-10-09 09:30:05.310,3.327,700
2020-10-09 09:30:05.310,3.327,2000
2020-10-09 09:30:05.310,3.327,6900
2020-10-09 09:30:05.310,3.327,3100
2020-10-09 09:30:05.310,3.327,100
2020-10-09 09:30:05.310,3.327,5300
2020-10-09 09:30:05.450,3.325,4000
2020-10-09 09:30:05.450,3.326,4000
2020-10-09 09:30:05.490,3.326,2000
2020-10-09 09:30:05.490,3.326,3500
2020-10-09 09:30:05.490,3.327,40000
2020-10-09 09:30:05.490,3.327,2000
2020-10-09 09:30:05.520,3.327,4000
2020-10-09 09:30:05.520,3.327,5300
2020-10-09 09:30:05.520,3.327,2000
2020-10-09 09:30:05.560,3.328,100
2020-10-09 09:30:05.560,3.329,6000
2020-10-09 09:30:05.560,3.329,600
2020-10-09 09:30:05.600,3.327,1000
2020-10-09 09:30:05.640,3.327,2000
2020-10-09 09:30:05.640,3.327,1500
2020-10-09 09:30:05.680,3.327,7500
2020-10-09 09:30:05.760,3.327,1500
2020-10-09 09:30:05.760,3.327,5000
2020-10-09 09:30:05.760,3.327,30400
2020-10-09 09:30:05.840,3.327,1000
2020-10-09 09:30:05.870,3.327,3300
2020-10-09 09:30:05.870,3.327,100
2020-10-09 09:30:05.910,3.327,500
2020-10-09 09:30:05.910,3.329,2800
2020-10-09 09:30:05.940,3.327,4000
2020-10-09 09:30:05.940,3.327,3600
2020-10-09 09:30:06.060,3.328,5000
2020-10-09 09:30:06.060,3.329,53400
2020-10-09 09:30:06.140,3.327,5000
2020-10-09 09:30:06.140,3.327,500
2020-10-09 09:30:06.140,3.327,800
2020-10-09 09:30:06.140,3.327,600
2020-10-09 09:30:06.290,3.327,1000
2020-10-09 09:30:06.360,3.327,10500
2020-10-09 09:30:06.360,3.327,1000
2020-10-09 09:30:06.430,3.329,1500
2020-10-09 09:30:06.490,3.329,2200
2020-10-09 09:30:06.490,3.327,35000
2020-10-09 09:30:06.590,3.327,500
2020-10-09 09:30:06.590,3.327,10500
2020-10-09 09:30:06.590,3.327,3300
2020-10-09 09:30:06.590,3.327,9100
2020-10-09 09:30:06.640,3.327,4000
2020-10-09 09:30:06.640,3.329,30000
2020-10-09 09:30:06.640,3.329,9500
2020-10-09 09:30:06.640,3.33,9000
2020-10-09 09:30:06.640,3.33,11500
2020-10-09 09:30:06.640,3.33,2300
2020-10-09 09:30:06.640,3.33,4000
2020-10-09 09:30:06.640,3.33,1000
2020-10-09 09:30:06.640,3.33,10000
2020-10-09 09:30:06.640,3.331,2300
2020-10-09 09:30:06.640,3.331,200
2020-10-09 09:30:06.640,3.331,6000
2020-10-09 09:30:06.640,3.331,600
2020-10-09 09:30:06.640,3.331,3600
2020-10-09 09:30:06.640,3.331,1500
2020-10-09 09:30:06.640,3.331,3000
2020-10-09 09:30:06.640,3.331,2500
2020-10-09 09:30:06.640,3.331,13000
2020-10-09 09:30:06.640,3.331,20000
2020-10-09 09:30:06.640,3.331,23100
2020-10-09 09:30:06.640,3.331,100
2020-10-09 09:30:06.640,3.331,6800
2020-10-09 09:30:06.640,3.331,6600
2020-10-09 09:30:06.640,3.331,5000
2020-10-09 09:30:06.640,3.331,5000
2020-10-09 09:30:06.640,3.331,13400
2020-10-09 09:30:06.640,3.331,6600
2020-10-09 09:30:06.640,3.331,2000
2020-10-09 09:30:06.640,3.331,5000
2020-10-09 09:30:06.640,3.331,22100
2020-10-09 09:30:06.640,3.331,4000
2020-10-09 09:30:06.640,3.331,300
2020-10-09 09:30:06.640,3.331,700
2020-10-09 09:30:06.640,3.331,4900
2020-10-09 09:30:06.640,3.331,2000
2020-10-09 09:30:06.640,3.331,2000
2020-10-09 09:30:06.640,3.331,10000
2020-10-09 09:30:06.640,3.331,2000
2020-10-09 09:30:06.640,3.331,10000
2020-10-09 09:30:06.640,3.331,8400
2020-10-09 09:30:06.680,3.331,20000
2020-10-09 09:30:06.680,3.331,40000
2020-10-09 09:30:06.680,3.331,30000
2020-10-09 09:30:06.720,3.331,30000
2020-10-09 09:30:06.720,3.331,41900
2020-10-09 09:30:06.720,3.332,13500
2020-10-09 09:30:06.720,3.332,100
2020-10-09 09:30:06.720,3.332,200
2020-10-09 09:30:06.720,3.332,4300
2020-10-09 09:30:06.720,3.332,5700
2020-10-09 09:30:06.720,3.332,10000
2020-10-09 09:30:06.720,3.332,1800
2020-10-09 09:30:06.720,3.332,5000
2020-10-09 09:30:06.720,3.332,7500
2020-10-09 09:30:06.720,3.332,2000
2020-10-09 09:30:06.720,3.332,1500
2020-10-09 09:30:06.720,3.332,26500
2020-10-09 09:30:06.720,3.332,13500
2020-10-09 09:30:06.720,3.332,100
2020-10-09 09:30:06.720,3.332,4900
2020-10-09 09:30:06.720,3.332,1500
2020-10-09 09:30:06.720,3.332,8000
2020-10-09 09:30:06.720,3.332,10000
2020-10-09 09:30:06.720,3.332,500
2020-10-09 09:30:06.720,3.332,1000
2020-10-09 09:30:06.720,3.332,2000
2020-10-09 09:30:06.720,3.332,38500
2020-10-09 09:30:06.720,3.332,60000
2020-10-09 09:30:06.720,3.332,1500
2020-10-09 09:30:06.720,3.332,5000
2020-10-09 09:30:06.720,3.332,5000
2020-10-09 09:30:06.720,3.332,18500
2020-10-09 09:30:06.720,3.332,30000
2020-10-09 09:30:06.720,3.332,40000
2020-10-09 09:30:06.720,3.332,11500
2020-10-09 09:30:06.720,3.332,100
2020-10-09 09:30:06.720,3.332,5000
2020-10-09 09:30:06.720,3.333,1500
2020-10-09 09:30:06.720,3.333,8000
2020-10-09 09:30:06.720,3.333,100
2020-10-09 09:30:06.720,3.333,33800
2020-10-09 09:30:06.790,3.331,3000
2020-10-09 09:30:06.790,3.331,1000
2020-10-09 09:30:06.790,3.331,1500
2020-10-09 09:30:06.820,3.331,15000
2020-10-09 09:30:06.870,3.331,6000
2020-10-09 09:30:06.870,3.331,3500
2020-10-09 09:30:06.870,3.331,1500
2020-10-09 09:30:06.940,3.331,2300
2020-10-09 09:30:06.940,3.331,10000
2020-10-09 09:30:06.980,3.331,1000
2020-10-09 09:30:07.030,3.331,500
2020-10-09 09:30:07.030,3.331,2000
2020-10-09 09:30:07.170,3.331,10000
2020-10-09 09:30:07.220,3.332,2000
2020-10-09 09:30:07.220,3.333,26200
2020-10-09 09:30:07.220,3.333,2000
2020-10-09 09:30:07.220,3.333,9800
2020-10-09 09:30:07.220,3.333,200
2020-10-09 09:30:07.220,3.333,1200
2020-10-09 09:30:07.220,3.333,3000
2020-10-09 09:30:07.220,3.333,23400
2020-10-09 09:30:07.220,3.333,2200
2020-10-09 09:30:07.250,3.333,2800
2020-10-09 09:30:07.250,3.333,16000
2020-10-09 09:30:07.250,3.333,800
2020-10-09 09:30:07.250,3.333,4000
2020-10-09 09:30:07.250,3.333,5000
2020-10-09 09:30:07.250,3.333,1400
2020-10-09 09:30:07.250,3.333,1600
2020-10-09 09:30:07.250,3.333,3500
2020-10-09 09:30:07.250,3.333,5000
2020-10-09 09:30:07.250,3.333,10000
2020-10-09 09:30:07.250,3.333,9900
2020-10-09 09:30:07.320,3.333,26400
2020-10-09 09:30:07.320,3.333,3600
2020-10-09 09:30:07.320,3.333,26400
2020-10-09 09:30:07.320,3.333,3600
2020-10-09 09:30:07.320,3.331,7000
2020-10-09 09:30:07.320,3.331,8000
2020-10-09 09:30:07.470,3.333,6400
2020-10-09 09:30:07.470,3.333,10000
2020-10-09 09:30:07.470,3.333,13600
2020-10-09 09:30:07.470,3.331,400
2020-10-09 09:30:07.470,3.331,1400
2020-10-09 09:30:07.590,3.331,5000
2020-10-09 09:30:07.590,3.331,100000
2020-10-09 09:30:07.590,3.331,1600
2020-10-09 09:30:07.590,3.333,16400
2020-10-09 09:30:07.590,3.333,10000
2020-10-09 09:30:07.590,3.333,200
2020-10-09 09:30:07.590,3.333,200
2020-10-09 09:30:07.590,3.333,9300
2020-10-09 09:30:07.590,3.333,2000
2020-10-09 09:30:07.590,3.333,1500
2020-10-09 09:30:07.590,3.333,400
2020-10-09 09:30:07.590,3.331,5000
2020-10-09 09:30:07.590,3.331,2000
2020-10-09 09:30:07.670,3.331,1000
2020-10-09 09:30:07.710,3.331,10100
2020-10-09 09:30:07.890,3.331,2500
2020-10-09 09:30:07.980,3.331,1000
2020-10-09 09:30:08.120,3.333,2600
2020-10-09 09:30:08.120,3.333,800
2020-10-09 09:30:08.120,3.333,1200
2020-10-09 09:30:08.120,3.333,3000
2020-10-09 09:30:08.120,3.333,3100
2020-10-09 09:30:08.120,3.333,100
2020-10-09 09:30:08.120,3.333,600
2020-10-09 09:30:08.120,3.333,15000
2020-10-09 09:30:08.120,3.333,1000
2020-10-09 09:30:08.120,3.333,3000
2020-10-09 09:30:08.120,3.333,3000
2020-10-09 09:30:08.120,3.333,7000
2020-10-09 09:30:08.120,3.333,8000
2020-10-09 09:30:08.120,3.333,2000
2020-10-09 09:30:08.120,3.333,23000
2020-10-09 09:30:08.120,3.331,5000
2020-10-09 09:30:08.230,3.333,2000
2020-10-09 09:30:08.230,3.333,28000
2020-10-09 09:30:08.230,3.333,2000
2020-10-09 09:30:08.230,3.333,1000
2020-10-09 09:30:08.230,3.333,10000
2020-10-09 09:30:08.230,3.333,6000
2020-10-09 09:30:08.230,3.333,11000
2020-10-09 09:30:08.230,3.333,1000
2020-10-09 09:30:08.230,3.333,5000
2020-10-09 09:30:08.230,3.333,5000
2020-10-09 09:30:08.230,3.333,19000
2020-10-09 09:30:08.230,3.331,9600
2020-10-09 09:30:08.270,3.331,6600
2020-10-09 09:30:08.270,3.331,1700
2020-10-09 09:30:08.340,3.331,10000
2020-10-09 09:30:08.550,3.331,1300
2020-10-09 09:30:08.590,3.331,600
2020-10-09 09:30:08.650,3.331,3000
2020-10-09 09:30:08.690,3.332,5000
2020-10-09 09:30:08.690,3.333,1000
2020-10-09 09:30:08.690,3.333,6000
2020-10-09 09:30:08.690,3.333,18000
2020-10-09 09:30:08.690,3.333,2000
2020-10-09 09:30:08.690,3.334,300
2020-10-09 09:30:08.690,3.334,600
2020-10-09 09:30:08.690,3.334,200
2020-10-09 09:30:08.690,3.334,400
2020-10-09 09:30:08.690,3.334,13000
2020-10-09 09:30:08.690,3.334,100
2020-10-09 09:30:08.690,3.334,14400
2020-10-09 09:30:08.690,3.334,1500
2020-10-09 09:30:08.690,3.334,500
2020-10-09 09:30:08.690,3.334,7000
2020-10-09 09:30:08.720,3.331,4500
2020-10-09 09:30:08.720,3.331,500
2020-10-09 09:30:08.830,3.334,10000
2020-10-09 09:30:08.830,3.334,200
2020-10-09 09:30:08.830,3.334,500
2020-10-09 09:30:08.830,3.334,300
2020-10-09 09:30:08.830,3.334,3000
2020-10-09 09:30:08.830,3.334,5000
2020-10-09 09:30:08.830,3.334,3000
2020-10-09 09:30:08.830,3.334,5100
2020-10-09 09:30:08.830,3.334,200
2020-10-09 09:30:08.830,3.334,2700
2020-10-09 09:30:09.000,3.331,3000
2020-10-09 09:30:09.070,3.331,9000
2020-10-09 09:30:09.370,3.331,30000
2020-10-09 09:30:09.400,3.331,2000
2020-10-09 09:30:09.440,3.331,4000
2020-10-09 09:30:09.480,3.331,5000
2020-10-09 09:30:09.620,3.331,1200
2020-10-09 09:30:09.660,3.331,600
2020-10-09 09:30:09.660,3.331,3000
2020-10-09 09:30:09.770,3.331,700
2020-10-09 09:30:09.880,3.331,900
2020-10-09 09:30:09.920,3.331,2000
2020-10-09 09:30:10.020,3.331,50800
2020-10-09 09:30:10.020,3.331,20000
2020-10-09 09:30:10.020,3.33,79200
2020-10-09 09:30:10.020,3.33,5000
2020-10-09 09:30:10.070,3.33,2000
2020-10-09 09:30:10.180,3.33,1300
2020-10-09 09:30:10.440,3.33,4000
2020-10-09 09:30:10.440,3.332,6000
2020-10-09 09:30:10.650,3.332,2000
2020-10-09 09:30:10.880,3.33,9000
2020-10-09 09:30:10.950,3.33,50000
2020-10-09 09:30:11.090,3.33,12000
2020-10-09 09:30:11.370,3.33,400
2020-10-09 09:30:11.400,3.33,5000
2020-10-09 09:30:11.440,3.333,5000
2020-10-09 09:30:11.440,3.333,3000
2020-10-09 09:30:11.440,3.333,1600
2020-10-09 09:30:11.530,3.333,40000
2020-10-09 09:30:11.600,3.333,500
2020-10-09 09:30:11.600,3.333,4000
2020-10-09 09:30:11.700,3.333,2000
2020-10-09 09:30:11.800,3.333,4500
2020-10-09 09:30:11.860,3.333,20000
2020-10-09 09:30:12.070,3.333,5000
2020-10-09 09:30:12.180,3.333,7700
2020-10-09 09:30:12.180,3.333,41900
2020-10-09 09:30:12.240,3.333,400
2020-10-09 09:30:12.450,3.333,5000
2020-10-09 09:30:12.450,3.333,42000
2020-10-09 09:30:12.450,3.333,800
2020-10-09 09:30:12.520,3.333,1300
2020-10-09 09:30:12.800,3.333,100
2020-10-09 09:30:12.980,3.333,42000
2020-10-09 09:30:13.080,3.333,10100
2020-10-09 09:30:13.110,3.333,2000
2020-10-09 09:30:13.180,3.333,3000
2020-10-09 09:30:13.280,3.333,55800
2020-10-09 09:30:13.280,3.333,2300
2020-10-09 09:30:13.280,3.332,1600
2020-10-09 09:30:13.280,3.332,2500
2020-10-09 09:30:13.280,3.332,2100
2020-10-09 09:30:13.520,3.332,500
2020-10-09 09:30:13.580,3.332,2000
2020-10-09 09:30:13.580,3.332,20000
2020-10-09 09:30:13.580,3.334,3300
2020-10-09 09:30:13.580,3.334,10000
2020-10-09 09:30:13.580,3.334,6000
2020-10-09 09:30:13.580,3.334,5000
2020-10-09 09:30:13.580,3.334,7000
2020-10-09 09:30:13.580,3.334,4000
2020-10-09 09:30:13.580,3.334,5000
2020-10-09 09:30:13.580,3.334,7000
2020-10-09 09:30:13.580,3.335,6000
2020-10-09 09:30:13.580,3.335,1000
2020-10-09 09:30:13.580,3.335,1500
2020-10-09 09:30:13.580,3.335,600
2020-10-09 09:30:13.580,3.335,400
2020-10-09 09:30:13.580,3.335,100
2020-10-09 09:30:13.580,3.335,1100
2020-10-09 09:30:13.580,3.335,1500
2020-10-09 09:30:13.580,3.335,1500
2020-10-09 09:30:13.580,3.335,1500
2020-10-09 09:30:13.580,3.335,20000
2020-10-09 09:30:13.580,3.335,10600
2020-10-09 09:30:13.580,3.335,6000
2020-10-09 09:30:13.580,3.335,1000
2020-10-09 09:30:13.580,3.335,10000
2020-10-09 09:30:13.580,3.335,6600
2020-10-09 09:30:13.580,3.335,10000
2020-10-09 09:30:13.580,3.335,6000
2020-10-09 09:30:13.580,3.335,10000
2020-10-09 09:30:13.580,3.335,3000
2020-10-09 09:30:13.580,3.335,5000
2020-10-09 09:30:13.580,3.335,6000
2020-10-09 09:30:13.580,3.335,5500
2020-10-09 09:30:13.580,3.335,6900
2020-10-09 09:30:13.580,3.335,10000
2020-10-09 09:30:13.580,3.335,7200
2020-10-09 09:30:13.580,3.335,1900
2020-10-09 09:30:13.580,3.335,8500
2020-10-09 09:30:13.580,3.335,500
2020-10-09 09:30:13.580,3.335,3300
2020-10-09 09:30:13.580,3.335,41600
2020-10-09 09:30:13.580,3.335,500
2020-10-09 09:30:13.580,3.335,100
2020-10-09 09:30:13.580,3.335,3000
2020-10-09 09:30:13.580,3.335,1500
2020-10-09 09:30:13.580,3.335,29900
2020-10-09 09:30:13.580,3.335,10000
2020-10-09 09:30:13.580,3.335,500
2020-10-09 09:30:13.580,3.335,400
2020-10-09 09:30:13.810,3.332,2000
2020-10-09 09:30:13.950,3.332,2000
2020-10-09 09:30:13.980,3.332,5200
2020-10-09 09:30:14.040,3.332,1000
2020-10-09 09:30:14.040,3.332,700
2020-10-09 09:30:14.200,3.334,200
2020-10-09 09:30:14.440,3.334,10000
2020-10-09 09:30:14.480,3.334,4300
2020-10-09 09:30:14.510,3.334,4000
2020-10-09 09:30:14.580,3.334,14100
2020-10-09 09:30:14.580,3.334,1500
2020-10-09 09:30:14.680,3.334,15000
2020-10-09 09:30:14.680,3.334,1200
2020-10-09 09:30:14.910,3.334,12000
2020-10-09 09:30:14.940,3.334,30300
2020-10-09 09:30:15.090,3.334,1000
2020-10-09 09:30:15.190,3.334,2600
2020-10-09 09:30:15.230,3.334,100
2020-10-09 09:30:15.230,3.334,100
2020-10-09 09:30:15.270,3.334,6700
2020-10-09 09:30:15.340,3.334,5800
2020-10-09 09:30:15.570,3.334,191100
2020-10-09 09:30:15.570,3.334,20000
2020-10-09 09:30:15.570,3.334,10000
2020-10-09 09:30:15.570,3.332,24600
2020-10-09 09:30:15.570,3.331,100000
2020-10-09 09:30:15.570,3.33,654300
2020-10-09 09:30:15.610,3.33,10500
2020-10-09 09:30:15.720,3.33,50000
2020-10-09 09:30:15.720,3.33,17300
2020-10-09 09:30:15.720,3.33,82700
2020-10-09 09:30:15.720,3.331,2000
2020-10-09 09:30:15.720,3.335,4600
2020-10-09 09:30:15.720,3.335,2000
2020-10-09 09:30:15.720,3.335,10000
2020-10-09 09:30:15.720,3.335,41400
2020-10-09 09:30:15.720,3.335,58600
2020-10-09 09:30:15.720,3.335,41400
2020-10-09 09:30:15.720,3.335,50000
2020-10-09 09:30:15.720,3.335,8600
2020-10-09 09:30:15.720,3.335,20000
2020-10-09 09:30:15.720,3.335,1000
2020-10-09 09:30:15.720,3.335,10400
2020-10-09 09:30:15.720,3.335,6600
2020-10-09 09:30:15.720,3.335,5000
2020-10-09 09:30:15.720,3.335,20000
2020-10-09 09:30:15.720,3.335,500
2020-10-09 09:30:15.720,3.335,3300
2020-10-09 09:30:15.720,3.335,4600
2020-10-09 09:30:15.800,3.335,400
2020-10-09 09:30:15.800,3.335,20000
2020-10-09 09:30:15.800,3.335,39600
2020-10-09 09:30:16.110,3.333,2000
2020-10-09 09:30:16.410,3.333,5000
2020-10-09 09:30:16.440,3.333,6000
2020-10-09 09:30:16.480,3.333,8000
2020-10-09 09:30:16.550,3.335,17400
2020-10-09 09:30:16.550,3.335,5600
2020-10-09 09:30:16.550,3.335,4800
2020-10-09 09:30:16.550,3.336,2200
2020-10-09 09:30:16.710,3.335,5000
2020-10-09 09:30:17.060,3.335,595000
2020-10-09 09:30:17.060,3.333,12500
2020-10-09 09:30:17.120,3.333,2600
2020-10-09 09:30:17.220,3.333,1000
2020-10-09 09:30:17.220,3.333,5000
2020-10-09 09:30:17.390,3.334,800
2020-10-09 09:30:17.390,3.334,2200
2020-10-09 09:30:17.520,3.333,200
2020-10-09 09:30:17.520,3.333,1000
2020-10-09 09:30:17.740,3.333,15000
2020-10-09 09:30:17.780,3.334,1100
2020-10-09 09:30:17.780,3.335,10000
2020-10-09 09:30:17.780,3.335,13400
2020-10-09 09:30:17.780,3.336,800
2020-10-09 09:30:17.780,3.336,1000
2020-10-09 09:30:17.780,3.336,1000
2020-10-09 09:30:17.780,3.336,2000
2020-10-09 09:30:17.780,3.336,1000
2020-10-09 09:30:17.780,3.336,5000
2020-10-09 09:30:17.780,3.336,3300
2020-10-09 09:30:17.780,3.336,6400
2020-10-09 09:30:17.780,3.333,200
2020-10-09 09:30:17.860,3.333,100
2020-10-09 09:30:18.250,3.335,1000
2020-10-09 09:30:18.320,3.336,600
2020-10-09 09:30:18.320,3.336,4000
2020-10-09 09:30:18.320,3.336,3800
2020-10-09 09:30:18.320,3.336,200
2020-10-09 09:30:18.320,3.336,1000
2020-10-09 09:30:18.320,3.336,10000
2020-10-09 09:30:18.320,3.336,100
2020-10-09 09:30:18.320,3.336,10000
2020-10-09 09:30:18.320,3.336,5000
2020-10-09 09:30:18.320,3.336,200
2020-10-09 09:30:18.320,3.336,5100
2020-10-09 09:30:18.320,3.336,4900
2020-10-09 09:30:18.320,3.336,30000
2020-10-09 09:30:18.320,3.336,10000
2020-10-09 09:30:18.320,3.336,100
2020-10-09 09:30:18.320,3.336,500
2020-10-09 09:30:18.320,3.336,5000
2020-10-09 09:30:18.320,3.336,21100
2020-10-09 09:30:18.320,3.336,1300
2020-10-09 09:30:18.320,3.336,700
2020-10-09 09:30:18.320,3.336,5600
2020-10-09 09:30:18.320,3.336,500
2020-10-09 09:30:18.320,3.336,300
2020-10-09 09:30:18.320,3.336,10000
2020-10-09 09:30:18.490,3.335,29000
2020-10-09 09:30:18.570,3.333,10000
2020-10-09 09:30:18.670,3.333,6400
2020-10-09 09:30:18.670,3.333,15700
2020-10-09 09:30:18.710,3.333,9300
2020-10-09 09:30:18.710,3.333,700
2020-10-09 09:30:18.740,3.334,20000
2020-10-09 09:30:18.740,3.334,1000
2020-10-09 09:30:18.740,3.334,3000
2020-10-09 09:30:18.740,3.334,26000
2020-10-09 09:30:18.740,3.333,4300
2020-10-09 09:30:18.740,3.33,9700
2020-10-09 09:30:18.900,3.33,5000
2020-10-09 09:30:19.380,3.331,500
2020-10-09 09:30:19.600,3.333,2000
2020-10-09 09:30:19.810,3.333,200
2020-10-09 09:30:19.810,3.332,800
2020-10-09 09:30:20.180,3.333,2700
2020-10-09 09:30:20.210,3.335,300
2020-10-09 09:30:20.210,3.335,5000
2020-10-09 09:30:20.210,3.335,15400
2020-10-09 09:30:20.210,3.335,300
2020-10-09 09:30:20.210,3.335,200
2020-10-09 09:30:20.210,3.336,19700
2020-10-09 09:30:20.210,3.336,500
2020-10-09 09:30:20.210,3.336,10000
2020-10-09 09:30:20.210,3.336,5000
2020-10-09 09:30:20.210,3.336,3300
2020-10-09 09:30:20.210,3.336,300
2020-10-09 09:30:20.250,3.336,4700
2020-10-09 09:30:20.250,3.337,8000
2020-10-09 09:30:20.250,3.337,20000
2020-10-09 09:30:20.250,3.337,10000
2020-10-09 09:30:20.250,3.337,10000
2020-10-09 09:30:20.250,3.337,2500
2020-10-09 09:30:20.250,3.337,4800
2020-10-09 09:30:20.590,3.337,800
2020-10-09 09:30:21.250,3.333,1000
2020-10-09 09:30:21.280,3.337,400
2020-10-09 09:30:21.280,3.337,3700
2020-10-09 09:30:21.280,3.337,5900
2020-10-09 09:30:21.280,3.337,10000
2020-10-09 09:30:21.280,3.337,47600
2020-10-09 09:30:21.280,3.337,200
2020-10-09 09:30:21.280,3.337,10000
2020-10-09 09:30:21.280,3.337,30000
2020-10-09 09:30:21.280,3.337,10000
2020-10-09 09:30:21.280,3.337,2200
2020-10-09 09:30:21.280,3.337,7800
2020-10-09 09:30:21.280,3.337,6000
2020-10-09 09:30:21.280,3.337,5600
2020-10-09 09:30:21.280,3.337,10600
2020-10-09 09:30:21.280,3.337,9400
2020-10-09 09:30:21.280,3.337,5000
2020-10-09 09:30:21.280,3.337,3000
2020-10-09 09:30:21.280,3.337,10000
2020-10-09 09:30:21.280,3.337,700
2020-10-09 09:30:21.280,3.337,100
2020-10-09 09:30:21.280,3.337,11800
2020-10-09 09:30:21.280,3.337,20000
2020-10-09 09:30:21.280,3.337,28200
2020-10-09 09:30:21.280,3.337,100
2020-10-09 09:30:21.280,3.337,3000
2020-10-09 09:30:21.280,3.337,1700
2020-10-09 09:30:21.280,3.337,100
2020-10-09 09:30:21.280,3.337,5000
2020-10-09 09:30:21.280,3.337,3500
2020-10-09 09:30:21.280,3.337,5000
2020-10-09 09:30:21.280,3.337,23400
2020-10-09 09:30:21.350,3.336,20000
2020-10-09 09:30:21.490,3.336,3000
2020-10-09 09:30:21.710,3.336,37000
2020-10-09 09:30:21.710,3.335,20000
2020-10-09 09:30:21.740,3.336,32300
2020-10-09 09:30:22.040,3.336,7700
2020-10-09 09:30:22.040,3.335,40000
2020-10-09 09:30:22.040,3.334,40000
2020-10-09 09:30:22.040,3.333,1300
2020-10-09 09:30:22.040,3.333,456900
2020-10-09 09:30:22.040,3.333,443100
2020-10-09 09:30:22.040,3.333,40000
2020-10-09 09:30:22.040,3.332,19200
2020-10-09 09:30:22.040,3.331,20000
2020-10-09 09:30:22.040,3.33,202600
2020-10-09 09:30:22.040,3.33,274100
2020-10-09 09:30:22.070,3.333,400
2020-10-09 09:30:22.180,3.333,3000
2020-10-09 09:30:22.310,3.333,14900
2020-10-09 09:30:22.860,3.333,10000
2020-10-09 09:30:22.930,3.334,10000
2020-10-09 09:30:23.490,3.333,22600
2020-10-09 09:30:23.550,3.334,4000
2020-10-09 09:30:23.590,3.334,10000
2020-10-09 09:30:23.660,3.334,6000
2020-10-09 09:30:23.660,3.334,2000
2020-10-09 09:30:23.660,3.335,200
2020-10-09 09:30:23.660,3.335,3300
2020-10-09 09:30:23.690,3.335,700
2020-10-09 09:30:23.840,3.335,10000
2020-10-09 09:30:23.870,3.336,200
2020-10-09 09:30:23.870,3.336,14900
2020-10-09 09:30:23.870,3.337,6400
2020-10-09 09:30:23.870,3.337,2000
2020-10-09 09:30:23.870,3.337,276500
2020-10-09 09:30:24.020,3.335,2500
2020-10-09 09:30:24.180,3.335,100
2020-10-09 09:30:24.180,3.335,1000
2020-10-09 09:30:24.250,3.335,15000
2020-10-09 09:30:24.250,3.337,20000
2020-10-09 09:30:24.340,3.335,3000
2020-10-09 09:30:24.340,3.337,3200
2020-10-09 09:30:24.530,3.337,11000
2020-10-09 09:30:24.620,3.337,9000
2020-10-09 09:30:24.660,3.337,300
2020-10-09 09:30:24.690,3.337,200
2020-10-09 09:30:24.900,3.337,2100
2020-10-09 09:30:24.930,3.337,500
2020-10-09 09:30:25.090,3.337,2000
2020-10-09 09:30:25.110,3.338,200
2020-10-09 09:30:25.110,3.338,100
2020-10-09 09:30:25.110,3.338,11000
2020-10-09 09:30:25.110,3.338,1000
2020-10-09 09:30:25.110,3.338,8000
2020-10-09 09:30:25.110,3.338,7000
2020-10-09 09:30:25.110,3.338,3000
2020-10-09 09:30:25.110,3.338,2000
2020-10-09 09:30:25.110,3.338,200
2020-10-09 09:30:25.110,3.338,2000
2020-10-09 09:30:25.110,3.338,10000
2020-10-09 09:30:25.110,3.338,3600
2020-10-09 09:30:25.110,3.338,1000
2020-10-09 09:30:25.110,3.338,900
2020-10-09 09:30:25.180,3.337,800
2020-10-09 09:30:25.450,3.337,3000
2020-10-09 09:30:25.450,3.337,1400
2020-10-09 09:30:25.870,3.337,300
2020-10-09 09:30:25.950,3.337,2000
2020-10-09 09:30:26.250,3.337,3000
2020-10-09 09:30:26.400,3.337,300
2020-10-09 09:30:26.400,3.336,4700
2020-10-09 09:30:26.530,3.336,8900
2020-10-09 09:30:26.650,3.336,15000
2020-10-09 09:30:26.690,3.336,100
2020-10-09 09:30:26.690,3.336,1000
2020-10-09 09:30:26.930,3.336,3000
2020-10-09 09:30:27.020,3.336,200
2020-10-09 09:30:27.120,3.336,27100
2020-10-09 09:30:27.300,3.335,2000
2020-10-09 09:30:27.300,3.336,22900
2020-10-09 09:30:27.300,3.336,10000
2020-10-09 09:30:27.300,3.338,2100
2020-10-09 09:30:27.300,3.338,5000
2020-10-09 09:30:27.300,3.338,300
2020-10-09 09:30:27.300,3.338,19700
2020-10-09 09:30:27.300,3.338,300
2020-10-09 09:30:27.300,3.338,300
2020-10-09 09:30:27.300,3.338,3300
2020-10-09 09:30:27.300,3.338,100
2020-10-09 09:30:27.300,3.338,1300
2020-10-09 09:30:27.300,3.338,3000
2020-10-09 09:30:27.300,3.338,20000
2020-10-09 09:30:27.300,3.338,41700
2020-10-09 09:30:27.300,3.338,20000
2020-10-09 09:30:27.300,3.338,38300
2020-10-09 09:30:27.300,3.338,21700
2020-10-09 09:30:27.300,3.338,4500
2020-10-09 09:30:27.300,3.338,5500
2020-10-09 09:30:27.300,3.338,10000
2020-10-09 09:30:27.300,3.338,40000
2020-10-09 09:30:27.300,3.338,10000
2020-10-09 09:30:27.300,3.338,10000
2020-10-09 09:30:27.500,3.335,100
2020-10-09 09:30:27.500,3.335,300
2020-10-09 09:30:27.570,3.338,24500
2020-10-09 09:30:27.570,3.338,100000
2020-10-09 09:30:27.570,3.338,5000
2020-10-09 09:30:27.570,3.338,5000
2020-10-09 09:30:27.570,3.338,2000
2020-10-09 09:30:27.570,3.338,2500
2020-10-09 09:30:27.570,3.338,2100
2020-10-09 09:30:27.570,3.338,1400
2020-10-09 09:30:27.570,3.338,2000
2020-10-09 09:30:27.570,3.338,3000
2020-10-09 09:30:27.570,3.338,10000
2020-10-09 09:30:27.570,3.338,2000
2020-10-09 09:30:27.570,3.338,3000
2020-10-09 09:30:27.570,3.338,5000
2020-10-09 09:30:27.570,3.338,5000
2020-10-09 09:30:27.570,3.338,1800
2020-10-09 09:30:27.570,3.338,25700
2020-10-09 09:30:27.830,3.335,1000
2020-10-09 09:30:27.890,3.335,1000
2020-10-09 09:30:28.020,3.335,25600
2020-10-09 09:30:28.300,3.335,22300
2020-10-09 09:30:28.300,3.336,7800
2020-10-09 09:30:28.300,3.338,500
2020-10-09 09:30:28.300,3.338,1100
2020-10-09 09:30:28.300,3.339,500
2020-10-09 09:30:28.300,3.339,3000
2020-10-09 09:30:28.300,3.339,3000
2020-10-09 09:30:28.300,3.339,1800
2020-10-09 09:30:28.490,3.335,200
2020-10-09 09:30:28.490,3.336,5000
2020-10-09 09:30:28.610,3.336,100
2020-10-09 09:30:28.670,3.337,10000
2020-10-09 09:30:28.670,3.337,3000
2020-10-09 09:30:28.740,3.337,10000
2020-10-09 09:30:28.970,3.337,1000
2020-10-09 09:30:29.000,3.337,300
2020-10-09 09:30:29.170,3.337,2100
2020-10-09 09:30:29.330,3.337,1000
2020-10-09 09:30:29.480,3.338,3700
2020-10-09 09:30:29.480,3.337,14600
2020-10-09 09:30:29.570,3.337,5700
2020-10-09 09:30:29.570,3.337,10000
2020-10-09 09:30:29.570,3.337,2300
2020-10-09 09:30:29.570,3.336,1200
2020-10-09 09:30:29.640,3.336,100
2020-10-09 09:30:29.980,3.336,2900
2020-10-09 09:30:29.980,3.336,3500
2020-10-09 09:30:30.210,3.336,5000
2020-10-09 09:30:30.280,3.336,10000
2020-10-09 09:30:30.280,3.337,10000
2020-10-09 09:30:30.280,3.339,3200
2020-10-09 09:30:30.280,3.339,5000
2020-10-09 09:30:30.280,3.339,31800
2020-10-09 09:30:30.470,3.336,17300
2020-10-09 09:30:30.470,3.335,2700
2020-10-09 09:30:30.540,3.336,3400
2020-10-09 09:30:30.540,3.337,40000
2020-10-09 09:30:30.540,3.337,5000
2020-10-09 09:30:30.670,3.337,2500
2020-10-09 09:30:30.670,3.337,7600
2020-10-09 09:30:30.670,3.337,300
2020-10-09 09:30:30.670,3.337,100
2020-10-09 09:30:30.730,3.337,1100
2020-10-09 09:30:30.940,3.337,600
2020-10-09 09:30:31.110,3.336,1000
2020-10-09 09:30:31.150,3.336,5700
2020-10-09 09:30:31.370,3.335,100
2020-10-09 09:30:31.370,3.335,14000
2020-10-09 09:30:31.370,3.335,5000
2020-10-09 09:30:31.390,3.335,1000
2020-10-09 09:30:31.390,3.335,1000
2020-10-09 09:30:31.610,3.336,100
2020-10-09 09:30:31.800,3.335,7000
2020-10-09 09:30:31.800,3.335,1000
2020-10-09 09:30:32.050,3.334,3100
2020-10-09 09:30:32.360,3.335,400
2020-10-09 09:30:32.360,3.336,2200
2020-10-09 09:30:32.360,3.336,1000
2020-10-09 09:30:32.360,3.336,3800
2020-10-09 09:30:32.360,3.336,2500
2020-10-09 09:30:32.360,3.336,290100
2020-10-09 09:30:32.390,3.334,100
2020-10-09 09:30:32.420,3.336,6100
2020-10-09 09:30:32.540,3.336,60000
2020-10-09 09:30:32.670,3.336,143800
2020-10-09 09:30:32.670,3.336,2100
2020-10-09 09:30:32.670,3.336,15000
2020-10-09 09:30:32.670,3.337,1300
2020-10-09 09:30:32.670,3.337,15200
2020-10-09 09:30:32.670,3.337,200
2020-10-09 09:30:32.670,3.337,20700
2020-10-09 09:30:32.700,3.337,2000
2020-10-09 09:30:32.960,3.337,5000
2020-10-09 09:30:32.990,3.337,2000
2020-10-09 09:30:33.220,3.337,2000
2020-10-09 09:30:33.280,3.337,400
2020-10-09 09:30:33.310,3.337,3000
2020-10-09 09:30:33.500,3.337,17300
2020-10-09 09:30:33.750,3.337,2000
2020-10-09 09:30:33.850,3.337,2900
2020-10-09 09:30:33.850,3.337,1000
2020-10-09 09:30:33.910,3.337,400
2020-10-09 09:30:34.000,3.337,30000
2020-10-09 09:30:34.130,3.337,3000
2020-10-09 09:30:34.220,3.337,2900
2020-10-09 09:30:34.220,3.337,1500
2020-10-09 09:30:34.240,3.337,26300
2020-10-09 09:30:34.240,3.337,11300
2020-10-09 09:30:34.470,3.337,10000
2020-10-09 09:30:34.570,3.337,3000
2020-10-09 09:30:34.760,3.337,300
2020-10-09 09:30:34.790,3.337,2500
2020-10-09 09:30:34.820,3.337,1500
2020-10-09 09:30:34.920,3.337,30000
2020-10-09 09:30:35.170,3.337,500
2020-10-09 09:30:35.230,3.337,500
2020-10-09 09:30:35.330,3.337,3800
2020-10-09 09:30:35.440,3.337,3000
2020-10-09 09:30:35.470,3.337,300
2020-10-09 09:30:35.570,3.337,34900
2020-10-09 09:30:35.570,3.337,2600
2020-10-09 09:30:35.670,3.337,1000
2020-10-09 09:30:35.920,3.337,2000
2020-10-09 09:30:36.190,3.337,2000
2020-10-09 09:30:36.260,3.337,10000
2020-10-09 09:30:36.260,3.338,4500
2020-10-09 09:30:36.260,3.338,25500
2020-10-09 09:30:36.330,3.337,300
2020-10-09 09:30:36.330,3.338,10000
2020-10-09 09:30:36.330,3.338,100000
2020-10-09 09:30:36.830,3.337,1000
2020-10-09 09:30:37.070,3.337,54684
2020-10-09 09:30:37.110,3.337,3600
2020-10-09 09:30:37.520,3.337,21216
2020-10-09 09:30:37.520,3.337,2000
2020-10-09 09:30:37.520,3.337,4384
2020-10-09 09:30:37.580,3.338,13900
2020-10-09 09:30:37.640,3.337,6000
2020-10-09 09:30:38.110,3.337,100
2020-10-09 09:30:38.170,3.337,3000
2020-10-09 09:30:38.200,3.337,5000
2020-10-09 09:30:38.440,3.337,3000
2020-10-09 09:30:38.630,3.338,25600
2020-10-09 09:30:38.630,3.338,100
2020-10-09 09:30:38.630,3.338,3000
2020-10-09 09:30:38.630,3.338,1000
2020-10-09 09:30:38.630,3.338,400
2020-10-09 09:30:38.630,3.338,5000
2020-10-09 09:30:38.630,3.338,30000
2020-10-09 09:30:38.630,3.338,1600
2020-10-09 09:30:38.630,3.338,2500
2020-10-09 09:30:38.630,3.338,500
2020-10-09 09:30:38.630,3.338,200
2020-10-09 09:30:38.630,3.338,10000
2020-10-09 09:30:38.630,3.338,200
2020-10-09 09:30:39.170,3.337,2000
2020-10-09 09:30:39.380,3.338,30300
2020-10-09 09:30:39.380,3.338,5000
2020-10-09 09:30:39.380,3.338,4700
2020-10-09 09:30:39.410,3.337,20100
2020-10-09 09:30:39.450,3.338,15300
2020-10-09 09:30:39.450,3.338,4000
2020-10-09 09:30:39.450,3.338,10000
2020-10-09 09:30:39.450,3.338,10000
2020-10-09 09:30:39.480,3.338,3300
2020-10-09 09:30:39.650,3.338,2800
2020-10-09 09:30:39.680,3.338,4600
2020-10-09 09:30:39.680,3.337,400
2020-10-09 09:30:40.080,3.337,16016
2020-10-09 09:30:40.080,3.337,23984
2020-10-09 09:30:40.180,3.337,20000
2020-10-09 09:30:40.280,3.337,1400
2020-10-09 09:30:40.340,3.337,5000
2020-10-09 09:30:40.480,3.337,300
2020-10-09 09:30:40.600,3.338,9200
2020-10-09 09:30:40.600,3.338,2600
2020-10-09 09:30:40.600,3.338,100
2020-10-09 09:30:40.600,3.339,41200
2020-10-09 09:30:40.600,3.339,200
2020-10-09 09:30:40.600,3.339,10000
2020-10-09 09:30:40.600,3.339,10000
2020-10-09 09:30:40.600,3.339,5600
2020-10-09 09:30:40.600,3.339,8200
2020-10-09 09:30:40.600,3.339,1000
2020-10-09 09:30:40.600,3.339,6000
2020-10-09 09:30:40.600,3.339,5000
2020-10-09 09:30:40.600,3.339,20500
2020-10-09 09:30:40.730,3.337,9316
2020-10-09 09:30:40.730,3.337,684
2020-10-09 09:30:40.730,3.337,1000
2020-10-09 09:30:40.860,3.337,3316
2020-10-09 09:30:40.860,3.337,2684
2020-10-09 09:30:41.020,3.337,316
2020-10-09 09:30:41.020,3.337,200
2020-10-09 09:30:41.020,3.336,9484
2020-10-09 09:30:41.450,3.336,35000
2020-10-09 09:30:41.540,3.337,20000
2020-10-09 09:30:41.540,3.337,10000
2020-10-09 09:30:41.730,3.337,20000
2020-10-09 09:30:41.900,3.337,2000
2020-10-09 09:30:41.960,3.337,2300
2020-10-09 09:30:42.050,3.337,5000
2020-10-09 09:30:42.120,3.337,700
2020-10-09 09:30:42.290,3.337,1000
2020-10-09 09:30:42.410,3.337,300
2020-10-09 09:30:42.410,3.337,800
2020-10-09 09:30:42.410,3.337,1500
2020-10-09 09:30:42.660,3.337,61500
2020-10-09 09:30:43.200,3.336,100
2020-10-09 09:30:43.200,3.334,100
2020-10-09 09:30:43.290,3.337,33400
2020-10-09 09:30:43.290,3.337,800
2020-10-09 09:30:43.290,3.337,5000
2020-10-09 09:30:43.290,3.337,100
2020-10-09 09:30:43.290,3.338,50000
2020-10-09 09:30:43.290,3.338,3000
2020-10-09 09:30:43.290,3.338,4000
2020-10-09 09:30:43.290,3.338,12000
2020-10-09 09:30:43.290,3.338,300
2020-10-09 09:30:43.290,3.338,10000
2020-10-09 09:30:43.290,3.338,10000
2020-10-09 09:30:43.290,3.338,40000
2020-10-09 09:30:43.290,3.339,129500
2020-10-09 09:30:43.290,3.339,100
2020-10-09 09:30:43.290,3.339,1800
2020-10-09 09:30:43.420,3.337,500
2020-10-09 09:30:43.450,3.337,900
2020-10-09 09:30:43.450,3.339,700
2020-10-09 09:30:43.580,3.337,100
2020-10-09 09:30:43.620,3.338,10000
2020-10-09 09:30:43.620,3.338,5000
2020-10-09 09:30:43.620,3.338,1700
2020-10-09 09:30:43.680,3.338,5000
2020-10-09 09:30:43.680,3.338,14700
2020-10-09 09:30:43.740,3.337,14600
2020-10-09 09:30:43.770,3.337,100
2020-10-09 09:30:43.910,3.338,200
2020-10-09 09:30:43.940,3.337,21300
2020-10-09 09:30:43.970,3.334,200
2020-10-09 09:30:43.970,3.334,2800
2020-10-09 09:30:44.380,3.336,3700
2020-10-09 09:30:44.380,3.337,100
2020-10-09 09:30:44.380,3.337,25000
2020-10-09 09:30:44.380,3.337,10000
2020-10-09 09:30:44.380,3.337,10000
2020-10-09 09:30:44.380,3.337,1100
2020-10-09 09:30:44.380,3.337,800
2020-10-09 09:30:45.020,3.335,1000
2020-10-09 09:30:45.130,3.335,40000
2020-10-09 09:30:45.430,3.336,3000
2020-10-09 09:30:45.640,3.336,800
2020-10-09 09:30:45.730,3.336,42500
2020-10-09 09:30:46.710,3.334,5000
2020-10-09 09:30:47.130,3.336,100
2020-10-09 09:30:47.130,3.336,2900
2020-10-09 09:30:47.360,3.336,1500
2020-10-09 09:30:47.360,3.336,10700
2020-10-09 09:30:47.880,3.336,100
2020-10-09 09:30:48.070,3.337,1000
2020-10-09 09:30:48.070,3.337,200
2020-10-09 09:30:48.070,3.337,1800
2020-10-09 09:30:48.280,3.335,500
2020-10-09 09:30:48.380,3.335,1200
2020-10-09 09:30:48.490,3.334,2200
2020-10-09 09:30:48.490,3.334,24000
2020-10-09 09:30:48.890,3.334,2500
2020-10-09 09:30:48.920,3.334,300
2020-10-09 09:30:48.920,3.334,200
2020-10-09 09:30:49.690,3.335,2000
2020-10-09 09:30:49.690,3.335,1000
2020-10-09 09:30:49.870,3.335,3300
2020-10-09 09:30:49.990,3.335,1700
2020-10-09 09:30:49.990,3.336,1000
2020-10-09 09:30:49.990,3.336,200
2020-10-09 09:30:49.990,3.336,5000
2020-10-09 09:30:49.990,3.336,10000
2020-10-09 09:30:49.990,3.336,31300
2020-10-09 09:30:50.140,3.336,10000
2020-10-09 09:30:50.260,3.336,300
2020-10-09 09:30:50.290,3.336,500
2020-10-09 09:30:50.550,3.334,1100
2020-10-09 09:30:50.550,3.333,48900
2020-10-09 09:30:51.050,3.336,500
2020-10-09 09:30:51.630,3.336,10000
2020-10-09 09:30:51.690,3.336,600
2020-10-09 09:30:51.790,3.336,2400
2020-10-09 09:30:51.790,3.336,6000
2020-10-09 09:30:51.790,3.336,1000
2020-10-09 09:30:51.790,3.336,1000
2020-10-09 09:30:51.790,3.336,5000
2020-10-09 09:30:52.050,3.337,100
2020-10-09 09:30:52.600,3.336,30000
2020-10-09 09:30:52.970,3.336,1500
2020-10-09 09:30:53.290,3.336,100
2020-10-09 09:30:53.290,3.336,10000
2020-10-09 09:30:53.460,3.336,3000
2020-10-09 09:30:53.560,3.335,7700
2020-10-09 09:30:53.560,3.335,22300
2020-10-09 09:30:53.750,3.335,900
2020-10-09 09:30:53.750,3.336,6000
2020-10-09 09:30:53.780,3.335,3000
2020-10-09 09:30:54.030,3.335,33800
2020-10-09 09:30:54.090,3.335,200
2020-10-09 09:30:54.300,3.335,40000
2020-10-09 09:30:54.810,3.334,1000
2020-10-09 09:30:56.620,3.334,20000
2020-10-09 09:30:56.850,3.334,10000
2020-10-09 09:30:57.500,3.334,3900
2020-10-09 09:30:57.720,3.334,3000
2020-10-09 09:30:57.990,3.334,8700
2020-10-09 09:30:58.550,3.334,60000
2020-10-09 09:30:58.710,3.333,12100
2020-10-09 09:30:58.800,3.334,10000
2020-10-09 09:30:58.950,3.333,21800
2020-10-09 09:30:59.980,3.334,30000
2020-10-09 09:31:00.480,3.333,100000
2020-10-09 09:31:00.550,3.333,500
2020-10-09 09:31:01.240,3.334,100
2020-10-09 09:31:01.240,3.334,10000
2020-10-09 09:31:01.240,3.334,8700
2020-10-09 09:31:01.240,3.334,1200
2020-10-09 09:31:01.240,3.334,700
2020-10-09 09:31:01.240,3.334,39300
2020-10-09 09:31:01.520,3.333,8000
2020-10-09 09:31:01.670,3.334,10700
2020-10-09 09:31:01.670,3.334,35000
2020-10-09 09:31:01.670,3.334,500
2020-10-09 09:31:01.670,3.334,3000
2020-10-09 09:31:01.670,3.334,2200
2020-10-09 09:31:01.670,3.334,5000
2020-10-09 09:31:01.670,3.334,200
2020-10-09 09:31:01.670,3.334,3400
2020-10-09 09:31:02.520,3.333,2000
2020-10-09 09:31:02.890,3.333,15000
2020-10-09 09:31:02.930,3.334,400
2020-10-09 09:31:02.930,3.334,10000
2020-10-09 09:31:02.930,3.334,10000
2020-10-09 09:31:02.930,3.334,9600
2020-10-09 09:31:03.030,3.333,7000
2020-10-09 09:31:03.300,3.334,1000
2020-10-09 09:31:03.300,3.334,400
2020-10-09 09:31:03.300,3.334,10000
2020-10-09 09:31:03.300,3.334,5100
2020-10-09 09:31:03.300,3.334,15100
2020-10-09 09:31:03.340,3.335,1400
2020-10-09 09:31:03.340,3.335,2900
2020-10-09 09:31:03.420,3.334,6300
2020-10-09 09:31:03.710,3.335,60000
2020-10-09 09:31:03.710,3.334,800
2020-10-09 09:31:03.750,3.334,1600
2020-10-09 09:31:03.980,3.334,1100
2020-10-09 09:31:03.980,3.334,1900
2020-10-09 09:31:03.980,3.334,1400
2020-10-09 09:31:04.050,3.334,200
2020-10-09 09:31:04.270,3.335,54500
2020-10-09 09:31:04.360,3.334,5000
2020-10-09 09:31:04.490,3.334,1500
2020-10-09 09:31:04.580,3.334,1000
2020-10-09 09:31:04.650,3.335,300000
2020-10-09 09:31:04.650,3.334,600
2020-10-09 09:31:04.770,3.335,39700
2020-10-09 09:31:04.930,3.334,1500
2020-10-09 09:31:04.960,3.334,3200
2020-10-09 09:31:05.180,3.334,5000
2020-10-09 09:31:05.240,3.334,500
2020-10-09 09:31:05.240,3.334,4800
2020-10-09 09:31:05.280,3.334,9000
2020-10-09 09:31:05.520,3.335,7400
2020-10-09 09:31:05.750,3.334,200
2020-10-09 09:31:05.940,3.335,80000
2020-10-09 09:31:05.940,3.335,40000
2020-10-09 09:31:05.940,3.335,50000
2020-10-09 09:31:05.940,3.335,80000
2020-10-09 09:31:05.940,3.335,10100
2020-10-09 09:31:05.940,3.335,5500
2020-10-09 09:31:05.940,3.335,10000
2020-10-09 09:31:05.940,3.335,5000
2020-10-09 09:31:05.940,3.335,1000
2020-10-09 09:31:05.940,3.335,100
2020-10-09 09:31:05.940,3.335,10000
2020-10-09 09:31:05.940,3.335,16700
2020-10-09 09:31:05.940,3.335,1600
2020-10-09 09:31:06.010,3.334,8000
2020-10-09 09:31:06.110,3.335,500
2020-10-09 09:31:06.310,3.334,15300
2020-10-09 09:31:06.590,3.334,800
2020-10-09 09:31:06.590,3.334,400
2020-10-09 09:31:06.660,3.334,5700
2020-10-09 09:31:06.690,3.334,10500
2020-10-09 09:31:06.780,3.334,200
2020-10-09 09:31:06.820,3.334,30000
2020-10-09 09:31:06.850,3.334,2000
2020-10-09 09:31:06.970,3.334,2100
2020-10-09 09:31:07.010,3.334,3500
2020-10-09 09:31:07.110,3.334,10000
2020-10-09 09:31:07.200,3.335,900
2020-10-09 09:31:07.200,3.335,10000
2020-10-09 09:31:07.200,3.335,5000
2020-10-09 09:31:07.200,3.335,3000
2020-10-09 09:31:07.200,3.335,3400
2020-10-09 09:31:07.200,3.335,10000
2020-10-09 09:31:07.200,3.335,3000
2020-10-09 09:31:07.200,3.335,24700
2020-10-09 09:31:07.260,3.335,200
2020-10-09 09:31:07.260,3.335,3000
2020-10-09 09:31:07.260,3.335,10000
2020-10-09 09:31:07.260,3.335,1000
2020-10-09 09:31:07.260,3.335,7600
2020-10-09 09:31:07.260,3.335,400
2020-10-09 09:31:07.260,3.335,10000
2020-10-09 09:31:07.260,3.336,11000
2020-10-09 09:31:07.260,3.336,3000
2020-10-09 09:31:07.260,3.336,600
2020-10-09 09:31:07.260,3.336,10000
2020-10-09 09:31:07.260,3.336,3200
2020-10-09 09:31:07.350,3.334,1000
2020-10-09 09:31:07.570,3.334,3000
2020-10-09 09:31:07.590,3.334,33500
2020-10-09 09:31:07.850,3.334,3200
2020-10-09 09:31:07.960,3.335,30000
2020-10-09 09:31:07.960,3.334,20000
2020-10-09 09:31:07.960,3.334,1000
2020-10-09 09:31:08.110,3.334,900
2020-10-09 09:31:08.110,3.334,5000
2020-10-09 09:31:08.370,3.334,2000
2020-10-09 09:31:08.460,3.334,39900
2020-10-09 09:31:08.590,3.334,3000
2020-10-09 09:31:08.590,3.334,5900
2020-10-09 09:31:08.670,3.336,6800
2020-10-09 09:31:08.670,3.336,400
2020-10-09 09:31:08.670,3.336,24000
2020-10-09 09:31:08.670,3.336,4000
2020-10-09 09:31:08.670,3.336,5000
2020-10-09 09:31:08.670,3.336,1000
2020-10-09 09:31:08.670,3.336,44000
2020-10-09 09:31:08.670,3.336,2000
2020-10-09 09:31:08.670,3.336,2200
2020-10-09 09:31:08.670,3.336,2000
2020-10-09 09:31:08.670,3.336,200
2020-10-09 09:31:08.670,3.336,3000
2020-10-09 09:31:08.670,3.336,6700
2020-10-09 09:31:08.670,3.336,500
2020-10-09 09:31:08.670,3.336,10000
2020-10-09 09:31:08.670,3.336,1900
2020-10-09 09:31:08.670,3.336,5900
2020-10-09 09:31:08.670,3.336,700
2020-10-09 09:31:08.670,3.336,2100
2020-10-09 09:31:08.670,3.336,3600
2020-10-09 09:31:08.740,3.336,1300
2020-10-09 09:31:08.920,3.336,6000
2020-10-09 09:31:08.920,3.336,4400
2020-10-09 09:31:08.960,3.337,5100
2020-10-09 09:31:08.960,3.337,4900
2020-10-09 09:31:08.960,3.337,4000
2020-10-09 09:31:08.960,3.337,200
2020-10-09 09:31:08.960,3.337,5800
2020-10-09 09:31:08.960,3.337,4200
2020-10-09 09:31:08.960,3.337,1000
2020-10-09 09:31:08.960,3.337,20000
2020-10-09 09:31:08.960,3.337,3000
2020-10-09 09:31:08.960,3.337,1800
2020-10-09 09:31:08.960,3.337,8200
2020-10-09 09:31:08.960,3.337,3000
2020-10-09 09:31:08.960,3.337,50000
2020-10-09 09:31:08.960,3.337,8400
2020-10-09 09:31:08.960,3.337,6100
2020-10-09 09:31:08.960,3.337,600
2020-10-09 09:31:08.960,3.337,5000
2020-10-09 09:31:08.960,3.337,10000
2020-10-09 09:31:08.960,3.337,100
2020-10-09 09:31:08.960,3.337,3000
2020-10-09 09:31:08.960,3.337,5000
2020-10-09 09:31:08.960,3.337,600
2020-10-09 09:31:08.990,3.337,10400
2020-10-09 09:31:08.990,3.337,5000
2020-10-09 09:31:08.990,3.337,500
2020-10-09 09:31:08.990,3.337,24100
2020-10-09 09:31:08.990,3.337,75900
2020-10-09 09:31:08.990,3.337,3000
2020-10-09 09:31:08.990,3.337,3000
2020-10-09 09:31:08.990,3.337,17000
2020-10-09 09:31:08.990,3.337,500
2020-10-09 09:31:08.990,3.337,600
2020-10-09 09:31:09.060,3.336,30000
2020-10-09 09:31:09.210,3.336,13200
2020-10-09 09:31:09.210,3.336,10000
2020-10-09 09:31:09.310,3.336,1600
2020-10-09 09:31:09.310,3.336,5100
2020-10-09 09:31:09.540,3.336,50600
2020-10-09 09:31:09.740,3.336,100
2020-10-09 09:31:09.800,3.336,200
2020-10-09 09:31:10.200,3.336,30000
2020-10-09 09:31:10.230,3.336,21500
2020-10-09 09:31:10.230,3.335,8500
2020-10-09 09:31:10.290,3.337,1400
2020-10-09 09:31:10.290,3.337,1000
2020-10-09 09:31:10.290,3.337,3300
2020-10-09 09:31:10.290,3.337,5000
2020-10-09 09:31:10.290,3.337,600
2020-10-09 09:31:10.290,3.337,200
2020-10-09 09:31:10.290,3.337,2000
2020-10-09 09:31:10.290,3.337,35000
2020-10-09 09:31:10.290,3.337,11500
2020-10-09 09:31:10.290,3.337,13500
2020-10-09 09:31:10.440,3.336,4400
2020-10-09 09:31:10.570,3.336,2000
2020-10-09 09:31:10.720,3.336,5000
2020-10-09 09:31:10.780,3.336,100
2020-10-09 09:31:11.190,3.336,2000
2020-10-09 09:31:11.220,3.336,100
2020-10-09 09:31:11.250,3.336,3000
2020-10-09 09:31:11.410,3.336,43400
2020-10-09 09:31:11.570,3.336,900
2020-10-09 09:31:11.900,3.335,3000
2020-10-09 09:31:11.930,3.336,30000
2020-10-09 09:31:12.650,3.336,15900
2020-10-09 09:31:12.650,3.336,20000
2020-10-09 09:31:12.710,3.336,500
2020-10-09 09:31:12.740,3.336,3000
2020-10-09 09:31:12.740,3.336,10000
2020-10-09 09:31:13.740,3.335,5000
2020-10-09 09:31:13.770,3.335,6900
2020-10-09 09:31:13.770,3.335,100
2020-10-09 09:31:13.770,3.335,3000
2020-10-09 09:31:13.980,3.335,17000
2020-10-09 09:31:13.980,3.335,33000
2020-10-09 09:31:14.140,3.335,37700
2020-10-09 09:31:14.630,3.336,1000
2020-10-09 09:31:14.630,3.337,5000
2020-10-09 09:31:14.850,3.336,5000
2020-10-09 09:31:14.940,3.337,1000
2020-10-09 09:31:14.940,3.337,100
2020-10-09 09:31:14.940,3.337,8900
2020-10-09 09:31:15.230,3.334,1500
2020-10-09 09:31:16.220,3.334,6000
2020-10-09 09:31:16.500,3.335,3600
2020-10-09 09:31:16.690,3.335,16400
2020-10-09 09:31:16.690,3.335,1500
2020-10-09 09:31:16.690,3.335,300
2020-10-09 09:31:16.690,3.335,2000
2020-10-09 09:31:16.860,3.334,400
2020-10-09 09:31:17.140,3.335,8000
2020-10-09 09:31:17.140,3.335,10000
2020-10-09 09:31:17.360,3.335,2000
2020-10-09 09:31:17.670,3.335,400
2020-10-09 09:31:17.820,3.335,2800
2020-10-09 09:31:17.820,3.335,12200
2020-10-09 09:31:17.950,3.336,1500
2020-10-09 09:31:17.950,3.336,900
2020-10-09 09:31:17.950,3.336,77600
2020-10-09 09:31:17.950,3.336,40000
2020-10-09 09:31:17.950,3.336,80000
2020-10-09 09:31:17.950,3.336,10000
2020-10-09 09:31:17.950,3.336,10000
2020-10-09 09:31:17.950,3.336,10000
2020-10-09 09:31:18.080,3.335,1900
2020-10-09 09:31:18.380,3.335,9000
2020-10-09 09:31:18.380,3.335,19900
2020-10-09 09:31:20.360,3.334,5000
2020-10-09 09:31:20.360,3.334,30000
2020-10-09 09:31:20.390,3.335,11000
2020-10-09 09:31:20.630,3.335,2000
2020-10-09 09:31:20.730,3.335,3000
2020-10-09 09:31:20.900,3.335,5000
2020-10-09 09:31:20.990,3.336,60000
2020-10-09 09:31:20.990,3.336,10000
2020-10-09 09:31:20.990,3.336,20000
2020-10-09 09:31:20.990,3.336,10000
2020-10-09 09:31:20.990,3.336,10000
2020-10-09 09:31:20.990,3.336,80000
2020-10-09 09:31:20.990,3.336,70000
2020-10-09 09:31:20.990,3.336,10000
2020-10-09 09:31:20.990,3.336,2400
2020-10-09 09:31:20.990,3.336,300
2020-10-09 09:31:20.990,3.336,7300
2020-10-09 09:31:20.990,3.336,40000
2020-10-09 09:31:20.990,3.336,2700
2020-10-09 09:31:20.990,3.336,17900
2020-10-09 09:31:20.990,3.336,600
2020-10-09 09:31:20.990,3.336,15100
2020-10-09 09:31:20.990,3.336,1800
2020-10-09 09:31:20.990,3.336,10000
2020-10-09 09:31:20.990,3.336,51900
2020-10-09 09:31:21.620,3.335,400
2020-10-09 09:31:22.050,3.334,14000
2020-10-09 09:31:22.310,3.335,100
2020-10-09 09:31:22.310,3.335,100
2020-10-09 09:31:22.310,3.335,3500
2020-10-09 09:31:22.600,3.335,4500
2020-10-09 09:31:22.600,3.334,30500
2020-10-09 09:31:22.700,3.334,3000
2020-10-09 09:31:22.820,3.335,2000
2020-10-09 09:31:22.820,3.335,52700
2020-10-09 09:31:22.910,3.335,2900
2020-10-09 09:31:23.090,3.335,1000
2020-10-09 09:31:23.220,3.335,300
2020-10-09 09:31:23.620,3.335,25300
2020-10-09 09:31:23.740,3.334,4000
2020-10-09 09:31:23.940,3.335,4700
2020-10-09 09:31:23.940,3.335,5300
2020-10-09 09:31:23.940,3.335,10000
2020-10-09 09:31:24.550,3.335,14700
2020-10-09 09:31:24.550,3.335,7000
2020-10-09 09:31:24.550,3.335,45100
2020-10-09 09:31:24.550,3.335,6000
2020-10-09 09:31:24.550,3.335,3000
2020-10-09 09:31:24.550,3.335,100
2020-10-09 09:31:24.550,3.335,200
2020-10-09 09:31:24.550,3.335,20000
2020-10-09 09:31:25.080,3.335,1000
2020-10-09 09:31:25.230,3.335,30000
2020-10-09 09:31:25.510,3.335,5000
2020-10-09 09:31:25.510,3.335,15000
2020-10-09 09:31:25.680,3.335,5600
2020-10-09 09:31:25.810,3.335,31000
2020-10-09 09:31:25.940,3.335,10000
2020-10-09 09:31:26.220,3.335,10000
2020-10-09 09:31:26.450,3.335,40700
2020-10-09 09:31:26.450,3.335,10000
2020-10-09 09:31:26.570,3.335,3800
2020-10-09 09:31:26.990,3.335,1800
2020-10-09 09:31:26.990,3.336,28100
2020-10-09 09:31:26.990,3.336,6700
2020-10-09 09:31:26.990,3.336,2000
2020-10-09 09:31:26.990,3.336,5000
2020-10-09 09:31:26.990,3.336,600
2020-10-09 09:31:26.990,3.336,7600
2020-10-09 09:31:26.990,3.336,67400
2020-10-09 09:31:26.990,3.336,12600
2020-10-09 09:31:26.990,3.336,20000
2020-10-09 09:31:26.990,3.336,40000
2020-10-09 09:31:26.990,3.336,10000
2020-10-09 09:31:26.990,3.336,30000
2020-10-09 09:31:27.060,3.336,50000
2020-10-09 09:31:27.120,3.335,3000
2020-10-09 09:31:27.430,3.336,300
2020-10-09 09:31:27.460,3.335,9000
2020-10-09 09:31:27.940,3.335,1100
2020-10-09 09:31:27.940,3.335,200
2020-10-09 09:31:28.290,3.335,1900
2020-10-09 09:31:28.290,3.335,10000
2020-10-09 09:31:28.320,3.335,14800
2020-10-09 09:31:28.320,3.335,3600
2020-10-09 09:31:28.690,3.334,15000
2020-10-09 09:31:29.340,3.334,2000
2020-10-09 09:31:29.430,3.334,400
2020-10-09 09:31:29.470,3.335,2000
2020-10-09 09:31:29.580,3.334,3800
2020-10-09 09:31:29.940,3.335,9600
2020-10-09 09:31:29.940,3.335,400
2020-10-09 09:31:30.170,3.335,14800
2020-10-09 09:31:30.170,3.335,57600
2020-10-09 09:31:30.170,3.335,9801
2020-10-09 09:31:30.170,3.335,3000
2020-10-09 09:31:30.170,3.335,2000
2020-10-09 09:31:30.300,3.335,5000
2020-10-09 09:31:30.430,3.335,200
2020-10-09 09:31:30.430,3.335,100
2020-10-09 09:31:30.550,3.335,100
2020-10-09 09:31:30.870,3.335,3000
2020-10-09 09:31:31.120,3.335,100
2020-10-09 09:31:31.240,3.335,5000
2020-10-09 09:31:31.460,3.335,3500
2020-10-09 09:31:31.900,3.335,6500
2020-10-09 09:31:31.900,3.335,10000
2020-10-09 09:31:31.900,3.335,6000
2020-10-09 09:31:31.900,3.335,10900
2020-10-09 09:31:31.930,3.335,100
2020-10-09 09:31:32.010,3.335,6500
2020-10-09 09:31:32.130,3.334,5000
2020-10-09 09:31:32.130,3.335,13500
2020-10-09 09:31:32.340,3.335,1500
2020-10-09 09:31:32.370,3.335,2800
2020-10-09 09:31:32.400,3.335,1000
2020-10-09 09:31:32.520,3.335,100
2020-10-09 09:31:32.710,3.336,300
2020-10-09 09:31:32.830,3.335,12000
2020-10-09 09:31:32.950,3.335,14300
2020-10-09 09:31:32.990,3.336,50600
2020-10-09 09:31:32.990,3.336,10000
2020-10-09 09:31:32.990,3.336,600
2020-10-09 09:31:32.990,3.336,200
2020-10-09 09:31:32.990,3.336,7500
2020-10-09 09:31:32.990,3.336,900
2020-10-09 09:31:32.990,3.336,4100
2020-10-09 09:31:32.990,3.336,6000
2020-10-09 09:31:32.990,3.336,500
2020-10-09 09:31:32.990,3.336,6000
2020-10-09 09:31:32.990,3.336,8500
2020-10-09 09:31:32.990,3.336,1000
2020-10-09 09:31:32.990,3.336,4100
2020-10-09 09:31:32.990,3.336,3900
2020-10-09 09:31:32.990,3.336,6100
2020-10-09 09:31:33.350,3.334,1500
2020-10-09 09:31:34.050,3.334,2000
2020-10-09 09:31:34.170,3.335,900
2020-10-09 09:31:34.170,3.335,4400
2020-10-09 09:31:34.170,3.335,2000
2020-10-09 09:31:34.170,3.335,6700
2020-10-09 09:31:34.210,3.335,300000
2020-10-09 09:31:34.270,3.335,100
2020-10-09 09:31:34.600,3.335,1500
2020-10-09 09:31:34.660,3.336,2800
2020-10-09 09:31:34.810,3.335,1000
2020-10-09 09:31:35.140,3.335,10000
2020-10-09 09:31:35.210,3.336,1100
2020-10-09 09:31:35.210,3.336,1000
2020-10-09 09:31:35.210,3.336,1000
2020-10-09 09:31:35.210,3.336,6900
2020-10-09 09:31:35.270,3.335,3000
2020-10-09 09:31:35.310,3.335,4000
2020-10-09 09:31:35.340,3.335,5600
2020-10-09 09:31:35.370,3.335,2000
2020-10-09 09:31:35.430,3.335,17900
2020-10-09 09:31:35.430,3.335,20000
2020-10-09 09:31:35.430,3.335,62100
2020-10-09 09:31:35.460,3.335,400
2020-10-09 09:31:35.740,3.336,500
2020-10-09 09:31:35.880,3.335,5000
2020-10-09 09:31:35.970,3.335,15000
2020-10-09 09:31:36.030,3.336,12600
2020-10-09 09:31:36.030,3.336,100
2020-10-09 09:31:36.030,3.336,4900
2020-10-09 09:31:36.030,3.336,5800
2020-10-09 09:31:36.030,3.336,6600
2020-10-09 09:31:36.030,3.336,30000
2020-10-09 09:31:36.030,3.336,13400
2020-10-09 09:31:36.030,3.336,4300
2020-10-09 09:31:36.030,3.336,200
2020-10-09 09:31:36.030,3.336,2100
2020-10-09 09:31:36.190,3.335,18000
2020-10-09 09:31:36.190,3.335,4000
2020-10-09 09:31:36.450,3.335,151300
2020-10-09 09:31:36.510,3.336,2900
2020-10-09 09:31:36.510,3.336,7100
2020-10-09 09:31:37.100,3.335,44200
2020-10-09 09:31:37.100,3.335,1000
2020-10-09 09:31:37.100,3.334,1100
2020-10-09 09:31:37.260,3.335,200
2020-10-09 09:31:37.690,3.334,10500
2020-10-09 09:31:37.830,3.335,4600
2020-10-09 09:31:37.830,3.336,1400
2020-10-09 09:31:38.380,3.334,20000
2020-10-09 09:31:38.710,3.335,3000
2020-10-09 09:31:38.710,3.335,600
2020-10-09 09:31:38.710,3.335,5500
2020-10-09 09:31:38.710,3.336,10900
2020-10-09 09:31:38.910,3.334,7900
2020-10-09 09:31:38.910,3.334,1500
2020-10-09 09:31:38.970,3.336,600
2020-10-09 09:31:38.970,3.336,4300
2020-10-09 09:31:38.970,3.336,300
2020-10-09 09:31:38.970,3.336,10000
2020-10-09 09:31:38.970,3.336,100
2020-10-09 09:31:38.970,3.336,14700
2020-10-09 09:31:39.680,3.335,4600
2020-10-09 09:31:39.680,3.335,3000
2020-10-09 09:31:39.680,3.336,400
2020-10-09 09:31:39.680,3.336,1700
2020-10-09 09:31:39.850,3.335,1000
2020-10-09 09:31:39.940,3.335,1000
2020-10-09 09:31:40.240,3.335,11800
2020-10-09 09:31:41.020,3.335,8900
2020-10-09 09:31:41.020,3.335,15800
2020-10-09 09:31:41.020,3.336,1300
2020-10-09 09:31:41.020,3.336,500
2020-10-09 09:31:41.020,3.336,300
2020-10-09 09:31:41.020,3.336,3000
2020-10-09 09:31:41.020,3.336,2300
2020-10-09 09:31:41.020,3.336,6100
2020-10-09 09:31:41.020,3.336,500
2020-10-09 09:31:41.020,3.336,8000
2020-10-09 09:31:41.020,3.336,3300
2020-10-09 09:31:41.180,3.335,1000
2020-10-09 09:31:41.180,3.335,100
2020-10-09 09:31:41.210,3.336,6700
2020-10-09 09:31:41.210,3.336,5000
2020-10-09 09:31:41.210,3.336,3000
2020-10-09 09:31:41.210,3.336,400
2020-10-09 09:31:41.210,3.336,2000
2020-10-09 09:31:41.210,3.337,1100
2020-10-09 09:31:41.210,3.337,2600
2020-10-09 09:31:41.210,3.337,5100
2020-10-09 09:31:41.210,3.337,5000
2020-10-09 09:31:41.210,3.337,200
2020-10-09 09:31:41.210,3.337,10000
2020-10-09 09:31:41.210,3.337,1400
2020-10-09 09:31:41.210,3.337,5000
2020-10-09 09:31:41.210,3.337,15000
2020-10-09 09:31:41.210,3.337,5000
2020-10-09 09:31:41.210,3.337,2500
2020-10-09 09:31:41.210,3.337,7100
2020-10-09 09:31:41.330,3.336,2900
2020-10-09 09:31:41.980,3.337,2900
2020-10-09 09:31:41.980,3.337,1000
2020-10-09 09:31:41.980,3.337,5000
2020-10-09 09:31:41.980,3.337,1000
2020-10-09 09:31:41.980,3.337,300
2020-10-09 09:31:41.980,3.337,10000
2020-10-09 09:31:41.980,3.337,19800
2020-10-09 09:31:41.980,3.337,10200
2020-10-09 09:31:41.980,3.337,100
2020-10-09 09:31:41.980,3.337,9000
2020-10-09 09:31:41.980,3.337,8000
2020-10-09 09:31:41.980,3.337,3800
2020-10-09 09:31:41.980,3.337,5000
2020-10-09 09:31:41.980,3.337,2900
2020-10-09 09:31:41.980,3.337,5000
2020-10-09 09:31:41.980,3.337,10000
2020-10-09 09:31:41.980,3.337,46000
2020-10-09 09:31:41.980,3.337,15600
2020-10-09 09:31:41.980,3.337,10000
2020-10-09 09:31:41.980,3.337,10000
2020-10-09 09:31:41.980,3.337,4400
2020-10-09 09:31:41.980,3.337,10000
2020-10-09 09:31:41.980,3.337,1000
2020-10-09 09:31:41.980,3.337,4000
2020-10-09 09:31:41.980,3.337,3000
2020-10-09 09:31:41.980,3.337,200
2020-10-09 09:31:41.980,3.337,1400
2020-10-09 09:31:41.980,3.337,50000
2020-10-09 09:31:41.980,3.337,10000
2020-10-09 09:31:41.980,3.337,900
2020-10-09 09:31:41.980,3.337,9500
2020-10-09 09:31:42.470,3.336,10000
2020-10-09 09:31:42.470,3.336,1000
2020-10-09 09:31:42.600,3.336,11000
2020-10-09 09:31:42.900,3.336,18000
2020-10-09 09:31:43.200,3.336,800
2020-10-09 09:31:43.230,3.335,4100
2020-10-09 09:31:43.420,3.335,36700
2020-10-09 09:31:43.830,3.335,100
2020-10-09 09:31:44.490,3.335,1200
2020-10-09 09:31:44.680,3.336,12700
2020-10-09 09:31:44.750,3.335,2000
2020-10-09 09:31:44.750,3.335,700
2020-10-09 09:31:45.060,3.336,60000
2020-10-09 09:31:45.250,3.335,200
2020-10-09 09:31:45.640,3.335,3200
2020-10-09 09:31:45.930,3.335,3600
2020-10-09 09:31:46.960,3.335,3000
2020-10-09 09:31:47.290,3.335,6200
2020-10-09 09:31:47.750,3.336,8500
2020-10-09 09:31:47.750,3.336,20000
2020-10-09 09:31:47.750,3.336,5900
2020-10-09 09:31:47.750,3.336,200
2020-10-09 09:31:47.750,3.336,1700
2020-10-09 09:31:47.750,3.336,10000
2020-10-09 09:31:47.750,3.336,5000
2020-10-09 09:31:47.750,3.336,8700
2020-10-09 09:31:47.750,3.336,41300
2020-10-09 09:31:47.750,3.336,15000
2020-10-09 09:31:47.750,3.336,3700
2020-10-09 09:31:47.930,3.335,20000
2020-10-09 09:31:48.030,3.335,1500
2020-10-09 09:31:48.060,3.336,5000
2020-10-09 09:31:48.090,3.335,5000
2020-10-09 09:31:48.890,3.335,1900
2020-10-09 09:31:50.330,3.335,3000
2020-10-09 09:31:50.690,3.336,11300
2020-10-09 09:31:50.690,3.336,100
2020-10-09 09:31:50.690,3.336,10000
2020-10-09 09:31:50.690,3.336,20000
2020-10-09 09:31:50.690,3.336,200
2020-10-09 09:31:50.690,3.336,8100
2020-10-09 09:31:50.690,3.336,200
2020-10-09 09:31:50.690,3.336,7000
2020-10-09 09:31:50.690,3.336,3100
2020-10-09 09:31:50.690,3.336,60000
2020-10-09 09:31:50.790,3.336,100
2020-10-09 09:31:50.820,3.335,100
2020-10-09 09:31:51.200,3.336,40000
2020-10-09 09:31:51.350,3.335,4000
2020-10-09 09:31:51.540,3.335,2000
2020-10-09 09:31:51.580,3.335,50000
2020-10-09 09:31:51.710,3.336,3000
2020-10-09 09:31:51.710,3.336,1500
2020-10-09 09:31:51.710,3.336,2000
2020-10-09 09:31:51.710,3.336,200
2020-10-09 09:31:51.710,3.336,2000
2020-10-09 09:31:51.710,3.336,11300
2020-10-09 09:31:51.930,3.335,700
2020-10-09 09:31:51.990,3.335,200
2020-10-09 09:31:52.260,3.335,11200
2020-10-09 09:31:53.650,3.336,60000
2020-10-09 09:31:53.650,3.336,60000
2020-10-09 09:31:53.900,3.336,18000
2020-10-09 09:31:53.900,3.336,500
2020-10-09 09:31:53.960,3.336,10000
2020-10-09 09:31:53.960,3.336,40000
2020-10-09 09:31:54.230,3.335,3000
2020-10-09 09:31:54.330,3.335,5000
2020-10-09 09:31:54.730,3.335,60000
2020-10-09 09:31:54.880,3.335,100
2020-10-09 09:31:55.230,3.336,200
2020-10-09 09:31:55.940,3.335,5000
2020-10-09 09:31:56.100,3.336,100
2020-10-09 09:31:56.190,3.336,1400
2020-10-09 09:31:56.190,3.336,2900
2020-10-09 09:31:56.190,3.336,10000
2020-10-09 09:31:56.190,3.336,10000
2020-10-09 09:31:56.190,3.336,10000
2020-10-09 09:31:56.190,3.336,2000
2020-10-09 09:31:56.190,3.336,2000
2020-10-09 09:31:56.190,3.336,10000
2020-10-09 09:31:56.190,3.337,11700
2020-10-09 09:31:56.970,3.336,20000
2020-10-09 09:31:56.970,3.336,10500
2020-10-09 09:31:56.970,3.336,6000
2020-10-09 09:31:56.970,3.336,20000
2020-10-09 09:31:56.970,3.337,13500
2020-10-09 09:31:56.970,3.337,15300
2020-10-09 09:31:56.970,3.337,100
2020-10-09 09:31:56.970,3.337,5000
2020-10-09 09:31:56.970,3.337,10000
2020-10-09 09:31:56.970,3.337,13700
2020-10-09 09:31:56.970,3.337,7300
2020-10-09 09:31:56.970,3.337,2000
2020-10-09 09:31:56.970,3.337,20000
2020-10-09 09:31:56.970,3.337,4000
2020-10-09 09:31:56.970,3.337,400
2020-10-09 09:31:56.970,3.337,14000
2020-10-09 09:31:56.970,3.337,300
2020-10-09 09:31:56.970,3.337,5000
2020-10-09 09:31:56.970,3.337,2900
2020-10-09 09:31:56.970,3.337,18700
2020-10-09 09:31:56.970,3.337,10500
2020-10-09 09:31:56.970,3.337,10000
2020-10-09 09:31:56.970,3.337,20000
2020-10-09 09:31:56.970,3.337,800
2020-10-09 09:31:56.970,3.337,15200
2020-10-09 09:31:56.970,3.337,50000
2020-10-09 09:31:56.970,3.337,4800
2020-10-09 09:31:56.970,3.337,15100
2020-10-09 09:31:56.970,3.337,5000
2020-10-09 09:31:56.970,3.337,19900
2020-10-09 09:31:57.340,3.335,3000
2020-10-09 09:31:58.160,3.335,100
2020-10-09 09:31:58.570,3.336,10000
2020-10-09 09:31:58.570,3.336,5100
2020-10-09 09:31:58.570,3.336,500
2020-10-09 09:31:58.570,3.336,5000
2020-10-09 09:31:58.780,3.336,1300
2020-10-09 09:31:58.840,3.336,3000
2020-10-09 09:31:58.940,3.336,10000
2020-10-09 09:31:59.190,3.336,45900
2020-10-09 09:31:59.190,3.337,100
2020-10-09 09:31:59.190,3.337,100
2020-10-09 09:31:59.190,3.337,100
2020-10-09 09:31:59.190,3.337,100
2020-10-09 09:31:59.190,3.337,100
2020-10-09 09:31:59.190,3.337,100
2020-10-09 09:31:59.220,3.337,100
2020-10-09 09:31:59.220,3.337,100
2020-10-09 09:31:59.220,3.337,100
2020-10-09 09:31:59.220,3.337,100
2020-10-09 09:31:59.250,3.337,100
2020-10-09 09:31:59.250,3.337,100
2020-10-09 09:31:59.250,3.337,100
2020-10-09 09:31:59.250,3.337,100
2020-10-09 09:31:59.250,3.337,100
2020-10-09 09:31:59.320,3.337,100
2020-10-09 09:31:59.320,3.337,100
2020-10-09 09:31:59.320,3.337,100
2020-10-09 09:31:59.320,3.337,100
2020-10-09 09:31:59.320,3.337,100
2020-10-09 09:31:59.320,3.337,100
2020-10-09 09:31:59.380,3.337,100
2020-10-09 09:31:59.380,3.337,100
2020-10-09 09:31:59.380,3.337,100
2020-10-09 09:31:59.380,3.337,100
2020-10-09 09:31:59.380,3.337,100
2020-10-09 09:31:59.410,3.337,100
