Datetime,Price,Volume
2020-10-09 09:25:00.900,4.721,8
2020-10-09 09:25:00.900,4.721,300
2020-10-09 09:25:00.900,4.721,1792
2020-10-09 09:25:00.900,4.721,2200
2020-10-09 09:25:00.900,4.721,3000
2020-10-09 09:25:00.900,4.721,2200
2020-10-09 09:25:00.900,4.721,808
2020-10-09 09:25:00.900,4.721,100
2020-10-09 09:25:00.900,4.721,1092
2020-10-09 09:25:00.900,4.721,908
2020-10-09 09:25:00.900,4.721,3292
2020-10-09 09:25:00.900,4.721,600
2020-10-09 09:25:00.900,4.721,2000
2020-10-09 09:25:00.900,4.721,200
2020-10-09 09:25:00.900,4.721,1908
2020-10-09 09:25:00.900,4.721,2092
2020-10-09 09:25:00.900,4.721,8
2020-10-09 09:25:00.900,4.721,692
2020-10-09 09:25:00.900,4.721,1308
2020-10-09 09:25:00.900,4.721,5000
2020-10-09 09:25:00.900,4.721,200
2020-10-09 09:25:00.900,4.721,100
2020-10-09 09:25:00.900,4.721,2200
2020-10-09 09:25:00.900,4.721,9000
2020-10-09 09:25:00.900,4.721,7192
2020-10-09 09:25:00.900,4.721,25000
2020-10-09 09:25:00.900,4.721,21000
2020-10-09 09:25:00.900,4.721,6300
2020-10-09 09:25:00.900,4.721,508
2020-10-09 09:25:00.900,4.721,2300
2020-10-09 09:25:00.900,4.721,7792
2020-10-09 09:25:00.900,4.721,1208
2020-10-09 09:25:00.900,4.721,4500
2020-10-09 09:25:00.900,4.721,4292
2020-10-09 09:25:00.900,4.721,4708
2020-10-09 09:25:00.900,4.721,32192
2020-10-09 09:25:00.900,4.721,1000
2020-10-09 09:25:00.900,4.721,100
2020-10-09 09:25:00.900,4.721,400
2020-10-09 09:25:00.900,4.721,200
2020-10-09 09:25:00.900,4.721,30300
2020-10-09 09:25:00.900,4.721,5000
2020-10-09 09:25:00.900,4.721,14808
2020-10-09 09:25:00.900,4.721,70000
2020-10-09 09:25:00.900,4.721,2200
2020-10-09 09:25:00.900,4.721,7000
2020-10-09 09:25:00.900,4.721,6500
2020-10-09 09:25:00.900,4.721,6000
2020-10-09 09:25:00.900,4.721,300
2020-10-09 09:25:00.900,4.721,6000
2020-10-09 09:25:00.900,4.721,300
2020-10-09 09:25:00.900,4.721,892
2020-10-09 09:25:00.900,4.721,108
2020-10-09 09:25:00.900,4.721,100
2020-10-09 09:25:00.900,4.721,300
2020-10-09 09:25:00.900,4.721,3400
2020-10-09 09:25:00.900,4.721,100
2020-10-09 09:25:00.900,4.721,200
2020-10-09 09:25:00.900,4.721,800
2020-10-09 09:25:00.900,4.721,200
2020-10-09 09:25:00.900,4.721,1000
2020-10-09 09:25:00.900,4.721,400
2020-10-09 09:25:00.900,4.721,1000
2020-10-09 09:25:00.900,4.721,1100
2020-10-09 09:25:00.900,4.721,100
2020-10-09 09:25:00.900,4.721,100
2020-10-09 09:25:00.900,4.721,100
2020-10-09 09:25:00.900,4.721,1000
2020-10-09 09:25:00.900,4.721,400
2020-10-09 09:25:00.900,4.721,1100
2020-10-09 09:25:00.900,4.721,300
2020-10-09 09:25:00.900,4.721,200
2020-10-09 09:25:00.900,4.721,100
2020-10-09 09:25:00.900,4.721,100
2020-10-09 09:25:00.900,4.721,100
2020-10-09 09:25:00.900,4.721,100
2020-10-09 09:25:00.900,4.721,100
2020-10-09 09:25:00.900,4.721,100
2020-10-09 09:25:00.900,4.721,100
2020-10-09 09:25:00.900,4.721,100
2020-10-09 09:25:00.900,4.721,100
2020-10-09 09:25:00.900,4.721,100
2020-10-09 09:25:00.900,4.721,600
2020-10-09 09:25:00.900,4.721,100
2020-10-09 09:25:00.900,4.721,600
2020-10-09 09:25:00.900,4.721,300
2020-10-09 09:25:00.900,4.721,100
2020-10-09 09:25:00.900,4.721,100
2020-10-09 09:25:00.900,4.721,100
2020-10-09 09:25:00.900,4.721,100
2020-10-09 09:25:00.900,4.721,100
2020-10-09 09:25:00.900,4.721,3400
2020-10-09 09:25:00.900,4.721,200
2020-10-09 09:25:00.900,4.721,300
2020-10-09 09:25:00.900,4.721,100
2020-10-09 09:25:00.900,4.721,100
2020-10-09 09:25:00.900,4.721,300
2020-10-09 09:25:00.900,4.721,700
2020-10-09 09:25:00.900,4.721,900
2020-10-09 09:25:00.900,4.721,100
2020-10-09 09:25:00.900,4.721,100
2020-10-09 09:25:00.900,4.721,1000
2020-10-09 09:25:00.900,4.721,4300
2020-10-09 09:25:00.900,4.721,100
2020-10-09 09:25:00.900,4.721,100
2020-10-09 09:25:00.900,4.721,300
2020-10-09 09:25:00.900,4.721,200
2020-10-09 09:25:00.900,4.721,100
2020-10-09 09:25:00.900,4.721,500
2020-10-09 09:25:00.900,4.721,900
2020-10-09 09:25:00.900,4.721,500
2020-10-09 09:25:00.900,4.721,1000
2020-10-09 09:25:00.900,4.721,100
2020-10-09 09:25:00.900,4.721,100
2020-10-09 09:25:00.900,4.721,300
2020-10-09 09:25:00.900,4.721,100
2020-10-09 09:25:00.900,4.721,300
2020-10-09 09:25:00.900,4.721,200
2020-10-09 09:25:00.900,4.721,100
2020-10-09 09:25:00.900,4.721,500
2020-10-09 09:25:00.900,4.721,400
2020-10-09 09:25:00.900,4.721,200
2020-10-09 09:25:00.900,4.721,100
2020-10-09 09:25:00.900,4.721,100
2020-10-09 09:25:00.900,4.721,100
2020-10-09 09:25:00.900,4.721,100
2020-10-09 09:25:00.900,4.721,1200
2020-10-09 09:25:00.900,4.721,200
2020-10-09 09:25:00.900,4.721,100
2020-10-09 09:25:00.900,4.721,100
2020-10-09 09:25:00.900,4.721,1100
2020-10-09 09:25:00.900,4.721,400
2020-10-09 09:25:00.900,4.721,100
2020-10-09 09:25:00.900,4.721,100
2020-10-09 09:25:00.900,4.721,100
2020-10-09 09:25:00.900,4.721,200
2020-10-09 09:25:00.900,4.721,100
2020-10-09 09:25:00.900,4.721,1100
2020-10-09 09:25:00.900,4.721,500
2020-10-09 09:25:00.900,4.721,100
2020-10-09 09:25:00.900,4.721,200
2020-10-09 09:25:00.900,4.721,100
2020-10-09 09:25:00.900,4.721,100
2020-10-09 09:25:00.900,4.721,3600
2020-10-09 09:25:00.900,4.721,2592
2020-10-09 09:25:00.900,4.721,400
2020-10-09 09:25:00.900,4.721,308
2020-10-09 09:25:00.900,4.721,100
2020-10-09 09:25:00.900,4.721,100
2020-10-09 09:25:00.900,4.721,100
2020-10-09 09:25:00.900,4.721,700
2020-10-09 09:25:00.900,4.721,692
2020-10-09 09:25:00.900,4.721,2608
2020-10-09 09:25:00.900,4.721,600
2020-10-09 09:25:00.900,4.721,100
2020-10-09 09:25:00.900,4.721,100
2020-10-09 09:25:00.900,4.721,7992
2020-10-09 09:25:00.900,4.721,10308
2020-10-09 09:25:00.900,4.721,600
2020-10-09 09:25:00.900,4.721,100
2020-10-09 09:25:00.900,4.721,200
2020-10-09 09:25:00.900,4.721,1800
2020-10-09 09:25:00.900,4.721,8200
2020-10-09 09:25:00.900,4.721,1900
2020-10-09 09:25:00.900,4.721,200
2020-10-09 09:25:00.900,4.721,200
2020-10-09 09:25:00.900,4.721,300
2020-10-09 09:25:00.900,4.721,100
2020-10-09 09:25:00.900,4.721,400
2020-10-09 09:25:00.900,4.721,100
2020-10-09 09:25:00.900,4.721,18192
2020-10-09 09:25:00.900,4.721,3308
2020-10-09 09:25:00.900,4.721,22000
2020-10-09 09:25:00.900,4.721,200
2020-10-09 09:25:00.900,4.721,500
2020-10-09 09:25:00.900,4.721,1200
2020-10-09 09:25:00.900,4.721,400
2020-10-09 09:25:00.900,4.721,9000
2020-10-09 09:25:00.900,4.721,100
2020-10-09 09:25:00.900,4.721,1892
2020-10-09 09:25:00.900,4.721,100
2020-10-09 09:25:00.900,4.721,100
2020-10-09 09:25:00.900,4.721,3908
2020-10-09 09:25:00.900,4.721,500
2020-10-09 09:25:00.900,4.721,1100
2020-10-09 09:25:00.900,4.721,1000
2020-10-09 09:25:00.900,4.721,200
2020-10-09 09:25:00.900,4.721,4292
2020-10-09 09:25:00.900,4.721,10000
2020-10-09 09:25:00.900,4.721,708
2020-10-09 09:25:00.900,4.721,13000
2020-10-09 09:25:00.900,4.721,6292
2020-10-09 09:25:00.900,4.721,23708
2020-10-09 09:25:00.900,4.721,18492
2020-10-09 09:25:00.900,4.721,5000
2020-10-09 09:25:00.900,4.721,200
2020-10-09 09:25:00.900,4.721,6308
2020-10-09 09:25:00.900,4.721,100
2020-10-09 09:25:00.900,4.721,10000
2020-10-09 09:25:00.900,4.721,100
2020-10-09 09:25:00.900,4.721,3000
2020-10-09 09:25:00.900,4.721,1000
2020-10-09 09:25:00.900,4.721,100
2020-10-09 09:25:00.900,4.721,6000
2020-10-09 09:25:00.900,4.721,3000
2020-10-09 09:25:00.900,4.721,392
2020-10-09 09:25:00.900,4.721,400
2020-10-09 09:25:00.900,4.721,1708
2020-10-09 09:25:00.900,4.721,3292
2020-10-09 09:25:00.900,4.721,708
2020-10-09 09:25:00.900,4.721,2000
2020-10-09 09:25:00.900,4.721,2000
2020-10-09 09:25:00.900,4.721,292
2020-10-09 09:25:00.900,4.721,1300
2020-10-09 09:25:00.900,4.721,8408
2020-10-09 09:25:00.900,4.721,11592
2020-10-09 09:25:00.900,4.721,19900
2020-10-09 09:25:00.900,4.721,41708
2020-10-09 09:25:00.900,4.721,9292
2020-10-09 09:25:00.900,4.721,20000
2020-10-09 09:25:00.900,4.721,2708
2020-10-09 09:25:00.900,4.721,7300
2020-10-09 09:25:00.900,4.721,200
2020-10-09 09:25:00.900,4.721,900
2020-10-09 09:25:00.900,4.721,100
2020-10-09 09:25:00.900,4.721,100
2020-10-09 09:25:00.900,4.721,4300
2020-10-09 09:25:00.900,4.721,200
2020-10-09 09:25:00.900,4.721,4500
2020-10-09 09:25:00.900,4.721,100
2020-10-09 09:25:00.900,4.721,13500
2020-10-09 09:25:00.900,4.721,20000
2020-10-09 09:25:00.900,4.721,11800
2020-10-09 09:25:00.900,4.721,5000
2020-10-09 09:25:00.900,4.721,1000
2020-10-09 09:25:00.900,4.721,700
2020-10-09 09:25:00.900,4.721,9300
2020-10-09 09:25:00.900,4.721,3000
2020-10-09 09:25:00.900,4.721,100
2020-10-09 09:25:00.900,4.721,42400
2020-10-09 09:25:00.900,4.721,500
2020-10-09 09:25:00.900,4.721,100
2020-10-09 09:25:00.900,4.721,6000
2020-10-09 09:25:00.900,4.721,6000
2020-10-09 09:25:00.900,4.721,3000
2020-10-09 09:25:00.900,4.721,2500
2020-10-09 09:25:00.900,4.721,100
2020-10-09 09:25:00.900,4.721,4000
2020-10-09 09:25:00.900,4.721,800
2020-10-09 09:25:00.900,4.721,6000
2020-10-09 09:25:00.900,4.721,200
2020-10-09 09:25:00.900,4.721,500
2020-10-09 09:25:00.900,4.721,200
2020-10-09 09:25:00.900,4.721,1292
2020-10-09 09:25:00.900,4.721,708
2020-10-09 09:25:00.900,4.721,300
2020-10-09 09:25:00.900,4.721,2000
2020-10-09 09:25:00.900,4.721,800
2020-10-09 09:25:00.900,4.721,1300
2020-10-09 09:25:00.900,4.721,3292
2020-10-09 09:25:00.900,4.721,1708
2020-10-09 09:25:00.900,4.721,3000
2020-10-09 09:25:00.900,4.721,1000
2020-10-09 09:25:00.900,4.721,8000
2020-10-09 09:25:00.900,4.721,100
2020-10-09 09:25:00.900,4.721,100
2020-10-09 09:25:00.900,4.721,2200
2020-10-09 09:25:00.900,4.721,200
2020-10-09 09:25:00.900,4.721,10000
2020-10-09 09:25:00.900,4.721,2000
2020-10-09 09:25:00.900,4.721,1000
2020-10-09 09:25:00.900,4.721,1000
2020-10-09 09:25:00.900,4.721,5000
2020-10-09 09:25:00.900,4.721,2500
2020-10-09 09:25:00.900,4.721,300
2020-10-09 09:25:00.900,4.721,1492
2020-10-09 09:25:00.900,4.721,1100
2020-10-09 09:25:00.900,4.721,6200
2020-10-09 09:25:00.900,4.721,8508
2020-10-09 09:25:00.900,4.721,10000
2020-10-09 09:25:00.900,4.721,2500
2020-10-09 09:25:00.900,4.721,2500
2020-10-09 09:25:00.900,4.721,600
2020-10-09 09:25:00.900,4.721,10000
2020-10-09 09:25:00.900,4.721,700
2020-10-09 09:25:00.900,4.721,2000
2020-10-09 09:25:00.900,4.721,300
2020-10-09 09:25:00.900,4.721,2200
2020-10-09 09:25:00.900,4.721,100
2020-10-09 09:25:00.900,4.721,3000
2020-10-09 09:25:00.900,4.721,2100
2020-10-09 09:25:00.900,4.721,5000
2020-10-09 09:25:00.900,4.721,2000
2020-10-09 09:25:00.900,4.721,2000
2020-10-09 09:25:00.900,4.721,5000
2020-10-09 09:25:00.900,4.721,2000
2020-10-09 09:25:00.900,4.721,300
2020-10-09 09:25:00.900,4.721,800
2020-10-09 09:25:00.900,4.721,100
2020-10-09 09:25:00.900,4.721,6000
2020-10-09 09:25:00.900,4.721,6000
2020-10-09 09:25:00.900,4.721,4300
2020-10-09 09:25:00.900,4.721,400
2020-10-09 09:25:00.900,4.721,5592
2020-10-09 09:25:00.900,4.721,5408
2020-10-09 09:25:00.900,4.721,5500
2020-10-09 09:25:00.900,4.721,592
2020-10-09 09:25:00.900,4.721,408
2020-10-09 09:25:00.900,4.721,2600
2020-10-09 09:25:00.900,4.721,2000
2020-10-09 09:25:00.900,4.721,500
2020-10-09 09:25:00.900,4.721,4492
2020-10-09 09:25:00.900,4.721,1308
2020-10-09 09:25:00.900,4.721,100
2020-10-09 09:25:00.900,4.721,500
2020-10-09 09:25:00.900,4.721,2500
2020-10-09 09:25:00.900,4.721,15592
2020-10-09 09:25:00.900,4.721,10000
2020-10-09 09:25:00.900,4.721,10000
2020-10-09 09:25:00.900,4.721,4408
2020-10-09 09:25:00.900,4.721,1000
2020-10-09 09:25:00.900,4.721,100
2020-10-09 09:25:00.900,4.721,300
2020-10-09 09:25:00.900,4.721,13000
2020-10-09 09:25:00.900,4.721,30000
2020-10-09 09:25:00.900,4.721,4800
2020-10-09 09:25:00.900,4.721,10000
2020-10-09 09:25:00.900,4.721,1000
2020-10-09 09:25:00.900,4.721,1900
2020-10-09 09:25:00.900,4.721,300
2020-10-09 09:25:00.900,4.721,5000
2020-10-09 09:25:00.900,4.721,1100
2020-10-09 09:25:00.900,4.721,2000
2020-10-09 09:25:00.900,4.721,18400
2020-10-09 09:25:00.900,4.721,4000
2020-10-09 09:25:00.900,4.721,500
2020-10-09 09:25:00.900,4.721,500
2020-10-09 09:25:00.900,4.721,800
2020-10-09 09:25:00.900,4.721,2000
2020-10-09 09:25:00.900,4.721,2000
2020-10-09 09:25:00.900,4.721,5100
2020-10-09 09:25:00.900,4.721,700
2020-10-09 09:25:00.900,4.721,500
2020-10-09 09:25:00.900,4.721,100
2020-10-09 09:25:00.900,4.721,100
2020-10-09 09:25:00.900,4.721,5000
2020-10-09 09:25:00.900,4.721,200
2020-10-09 09:25:00.900,4.721,100
2020-10-09 09:25:00.900,4.721,1000
2020-10-09 09:25:00.900,4.721,2000
2020-10-09 09:25:00.900,4.721,2000
2020-10-09 09:25:00.900,4.721,3600
2020-10-09 09:25:00.900,4.721,2000
2020-10-09 09:25:00.900,4.721,2500
2020-10-09 09:25:00.900,4.721,50000
2020-10-09 09:25:00.900,4.721,700
2020-10-09 09:25:00.900,4.721,10000
2020-10-09 09:25:00.900,4.721,600
2020-10-09 09:25:00.900,4.721,10000
2020-10-09 09:25:00.900,4.721,500
2020-10-09 09:25:00.900,4.721,10000
2020-10-09 09:25:00.900,4.721,2200
2020-10-09 09:25:00.900,4.721,400
2020-10-09 09:25:00.900,4.721,2000
2020-10-09 09:25:00.900,4.721,200
2020-10-09 09:25:00.900,4.721,3000
2020-10-09 09:25:00.900,4.721,300
2020-10-09 09:25:00.900,4.721,2000
2020-10-09 09:25:00.900,4.721,100
2020-10-09 09:25:00.900,4.721,800
2020-10-09 09:25:00.900,4.721,5000
2020-10-09 09:25:00.900,4.721,2000
2020-10-09 09:25:00.900,4.721,2400
2020-10-09 09:25:00.900,4.721,2500
2020-10-09 09:25:00.900,4.721,1000
2020-10-09 09:25:00.900,4.721,10000
2020-10-09 09:25:00.900,4.721,400
2020-10-09 09:25:00.900,4.721,2000
2020-10-09 09:25:00.900,4.721,500
2020-10-09 09:25:00.900,4.721,4000
2020-10-09 09:25:00.900,4.721,500
2020-10-09 09:25:00.900,4.721,500
2020-10-09 09:25:00.900,4.721,100
2020-10-09 09:25:00.900,4.721,6000
2020-10-09 09:25:00.900,4.721,6000
2020-10-09 09:25:00.900,4.721,2000
2020-10-09 09:25:00.900,4.721,2000
2020-10-09 09:25:00.900,4.721,4300
2020-10-09 09:25:00.900,4.721,500
2020-10-09 09:25:00.900,4.721,1500
2020-10-09 09:25:00.900,4.721,500
2020-10-09 09:25:00.900,4.721,40000
2020-10-09 09:25:00.900,4.721,40000
2020-10-09 09:25:00.900,4.721,3000
2020-10-09 09:25:00.900,4.721,4500
2020-10-09 09:25:00.900,4.721,3000
2020-10-09 09:25:00.900,4.721,2000
2020-10-09 09:25:00.900,4.721,100
2020-10-09 09:25:00.900,4.721,5000
2020-10-09 09:25:00.900,4.721,5000
2020-10-09 09:25:00.900,4.721,2700
2020-10-09 09:25:00.900,4.721,100
2020-10-09 09:25:00.900,4.721,1400
2020-10-09 09:25:00.900,4.721,5000
2020-10-09 09:25:00.900,4.721,100000
2020-10-09 09:25:00.900,4.721,500
2020-10-09 09:25:00.900,4.721,2500
2020-10-09 09:25:00.900,4.721,3000
2020-10-09 09:25:00.900,4.721,800
2020-10-09 09:25:00.900,4.721,100
2020-10-09 09:25:00.900,4.721,1000
2020-10-09 09:25:00.900,4.721,10000
2020-10-09 09:25:00.900,4.721,1900
2020-10-09 09:25:00.900,4.721,800
2020-10-09 09:25:00.900,4.721,5000
2020-10-09 09:25:00.900,4.721,10000
2020-10-09 09:25:00.900,4.721,200
2020-10-09 09:25:00.900,4.721,8500
2020-10-09 09:25:00.900,4.721,10900
2020-10-09 09:25:00.900,4.721,3000
2020-10-09 09:25:00.900,4.721,2300
2020-10-09 09:25:00.900,4.721,88000
2020-10-09 09:25:00.900,4.721,400
2020-10-09 09:25:00.900,4.721,200
2020-10-09 09:25:00.900,4.721,5000
2020-10-09 09:25:00.900,4.721,3000
2020-10-09 09:25:00.900,4.721,5000
2020-10-09 09:25:00.900,4.721,100
2020-10-09 09:25:00.900,4.721,100
2020-10-09 09:25:00.900,4.721,100
2020-10-09 09:25:00.900,4.721,8200
2020-10-09 09:25:00.900,4.721,5000
2020-10-09 09:25:00.900,4.721,10000
2020-10-09 09:25:00.900,4.721,13000
2020-10-09 09:25:00.900,4.721,100
2020-10-09 09:25:00.900,4.721,1000
2020-10-09 09:25:00.900,4.721,10800
2020-10-09 09:25:00.900,4.721,2000
2020-10-09 09:25:00.900,4.721,5000
2020-10-09 09:25:00.900,4.721,4500
2020-10-09 09:25:00.900,4.721,100
2020-10-09 09:25:00.900,4.721,300
2020-10-09 09:25:00.900,4.721,1800
2020-10-09 09:25:00.900,4.721,1400
2020-10-09 09:25:00.900,4.721,200
2020-10-09 09:25:00.900,4.721,4000
2020-10-09 09:25:00.900,4.721,1000
2020-10-09 09:25:00.900,4.721,300
2020-10-09 09:25:00.900,4.721,24300
2020-10-09 09:25:00.900,4.721,5000
2020-10-09 09:25:00.900,4.721,20000
2020-10-09 09:25:00.900,4.721,20000
2020-10-09 09:25:00.900,4.721,13000
2020-10-09 09:25:00.900,4.721,1500
2020-10-09 09:25:00.900,4.721,12000
2020-10-09 09:25:00.900,4.721,200
2020-10-09 09:25:00.900,4.721,10000
2020-10-09 09:25:00.900,4.721,3000
2020-10-09 09:25:00.900,4.721,2000
2020-10-09 09:25:00.900,4.721,10400
2020-10-09 09:25:00.900,4.721,800
2020-10-09 09:25:00.900,4.721,10000
2020-10-09 09:25:00.900,4.721,10000
2020-10-09 09:25:00.900,4.721,100
2020-10-09 09:25:00.900,4.721,1100
2020-10-09 09:25:00.900,4.721,5000
2020-10-09 09:25:00.900,4.721,2000
2020-10-09 09:25:00.900,4.721,11000
2020-10-09 09:25:00.900,4.721,1000
2020-10-09 09:25:00.900,4.721,2500
2020-10-09 09:25:00.900,4.721,1000
2020-10-09 09:25:00.900,4.721,2200
2020-10-09 09:25:00.900,4.721,500
2020-10-09 09:25:00.900,4.721,3500
2020-10-09 09:25:00.900,4.721,2000
2020-10-09 09:25:00.900,4.721,8200
2020-10-09 09:25:00.900,4.721,292
2020-10-09 09:25:00.900,4.721,9708
2020-10-09 09:25:00.900,4.721,5000
2020-10-09 09:25:00.900,4.721,5000
2020-10-09 09:25:00.900,4.721,2000
2020-10-09 09:25:00.900,4.721,2000
2020-10-09 09:25:00.900,4.721,3000
2020-10-09 09:25:00.900,4.721,2000
2020-10-09 09:25:00.900,4.721,2100
2020-10-09 09:25:00.900,4.721,3000
2020-10-09 09:25:00.900,4.721,8000
2020-10-09 09:25:00.900,4.721,125000
2020-10-09 09:25:00.900,4.721,100
2020-10-09 09:25:00.900,4.721,1700
2020-10-09 09:25:00.900,4.721,15000
2020-10-09 09:25:00.900,4.721,700
2020-10-09 09:25:00.900,4.721,10000
2020-10-09 09:25:00.900,4.721,500
2020-10-09 09:25:00.900,4.721,2000
2020-10-09 09:25:00.900,4.721,10000
2020-10-09 09:25:00.900,4.721,20000
2020-10-09 09:25:00.900,4.721,500
2020-10-09 09:25:00.900,4.721,100
2020-10-09 09:25:00.900,4.721,100
2020-10-09 09:25:00.900,4.721,3000
2020-10-09 09:25:00.900,4.721,200
2020-10-09 09:25:00.900,4.721,500
2020-10-09 09:25:00.900,4.721,2000
2020-10-09 09:25:00.900,4.721,300
2020-10-09 09:25:00.900,4.721,10000
2020-10-09 09:25:00.900,4.721,10000
2020-10-09 09:25:00.900,4.721,2500
2020-10-09 09:25:00.900,4.721,10000
2020-10-09 09:25:00.900,4.721,5000
2020-10-09 09:25:00.900,4.721,5000
2020-10-09 09:25:00.900,4.721,500
2020-10-09 09:25:00.900,4.721,10000
2020-10-09 09:25:00.900,4.721,1000
2020-10-09 09:25:00.900,4.721,3300
2020-10-09 09:25:00.900,4.721,20000
2020-10-09 09:25:00.900,4.721,3000
2020-10-09 09:25:00.900,4.721,10000
2020-10-09 09:25:00.900,4.721,20800
2020-10-09 09:25:00.900,4.721,10900
2020-10-09 09:25:00.900,4.721,100
2020-10-09 09:25:00.900,4.721,800
2020-10-09 09:25:00.900,4.721,900
2020-10-09 09:25:00.900,4.721,28500
2020-10-09 09:25:00.900,4.721,1000
2020-10-09 09:25:00.900,4.721,100
2020-10-09 09:25:00.900,4.721,5000
2020-10-09 09:25:00.900,4.721,100
2020-10-09 09:25:00.900,4.721,2000
2020-10-09 09:25:00.900,4.721,30000
2020-10-09 09:25:00.900,4.721,20000
2020-10-09 09:25:00.900,4.721,6600
2020-10-09 09:25:00.900,4.721,4000
2020-10-09 09:25:00.900,4.721,100
2020-10-09 09:25:00.900,4.721,400000
2020-10-09 09:25:00.900,4.721,40000
2020-10-09 09:25:00.900,4.721,5292
2020-10-09 09:25:00.900,4.721,14708
2020-10-09 09:25:00.900,4.721,20000
2020-10-09 09:25:00.900,4.721,2000
2020-10-09 09:25:00.900,4.721,800
2020-10-09 09:25:00.900,4.721,3400
2020-10-09 09:25:00.900,4.721,2300
2020-10-09 09:25:00.900,4.721,100
2020-10-09 09:25:00.900,4.721,3200
2020-10-09 09:25:00.900,4.721,2000
2020-10-09 09:25:00.900,4.721,400
2020-10-09 09:25:00.900,4.721,300
2020-10-09 09:25:00.900,4.721,2000
2020-10-09 09:25:00.900,4.721,200
2020-10-09 09:25:00.900,4.721,100
2020-10-09 09:25:00.900,4.721,30000
2020-10-09 09:25:00.900,4.721,2000
2020-10-09 09:25:00.900,4.721,8900
2020-10-09 09:25:00.900,4.721,5000
2020-10-09 09:25:00.900,4.721,2592
2020-10-09 09:25:00.900,4.721,408
2020-10-09 09:25:00.900,4.721,300
2020-10-09 09:25:00.900,4.721,1800
2020-10-09 09:25:00.900,4.721,800
2020-10-09 09:25:00.900,4.721,600
2020-10-09 09:25:00.900,4.721,2400
2020-10-09 09:25:00.900,4.721,5000
2020-10-09 09:25:00.900,4.721,2200
2020-10-09 09:25:00.900,4.721,500
2020-10-09 09:25:00.900,4.721,200
2020-10-09 09:25:00.900,4.721,100
2020-10-09 09:25:00.900,4.721,2000
2020-10-09 09:25:00.900,4.721,100
2020-10-09 09:25:00.900,4.721,5000
2020-10-09 09:25:00.900,4.721,5000
2020-10-09 09:25:00.900,4.721,5900
2020-10-09 09:25:00.900,4.721,4000
2020-10-09 09:25:00.900,4.721,1000
2020-10-09 09:25:00.900,4.721,300
2020-10-09 09:25:00.900,4.721,2000
2020-10-09 09:25:00.900,4.721,1000
2020-10-09 09:25:00.900,4.721,20000
2020-10-09 09:25:00.900,4.721,7000
2020-10-09 09:25:00.900,4.721,10000
2020-10-09 09:25:00.900,4.721,500
2020-10-09 09:25:00.900,4.721,100
2020-10-09 09:25:00.900,4.721,6000
2020-10-09 09:25:00.900,4.721,6000
2020-10-09 09:25:00.900,4.721,4300
2020-10-09 09:25:00.900,4.721,500
2020-10-09 09:25:00.900,4.721,5000
2020-10-09 09:25:00.900,4.721,20000
2020-10-09 09:25:00.900,4.721,10000
2020-10-09 09:25:00.900,4.721,30000
2020-10-09 09:25:00.900,4.721,100000
2020-10-09 09:25:00.900,4.721,100
2020-10-09 09:25:00.900,4.721,2000
2020-10-09 09:25:00.900,4.721,4000
2020-10-09 09:25:00.900,4.721,5000
2020-10-09 09:25:00.900,4.721,10000
2020-10-09 09:25:00.900,4.721,5500
2020-10-09 09:25:00.900,4.721,2500
2020-10-09 09:25:00.900,4.721,1000
2020-10-09 09:25:00.900,4.721,200
2020-10-09 09:25:00.900,4.721,500
2020-10-09 09:25:00.900,4.721,50000
2020-10-09 09:25:00.900,4.721,2000
2020-10-09 09:25:00.900,4.721,5000
2020-10-09 09:25:00.900,4.721,3000
2020-10-09 09:25:00.900,4.721,4000
2020-10-09 09:25:00.900,4.721,100
2020-10-09 09:25:00.900,4.721,1000
2020-10-09 09:25:00.900,4.721,10000
2020-10-09 09:25:00.900,4.721,20000
2020-10-09 09:25:00.900,4.721,1000
2020-10-09 09:25:00.900,4.721,1400
2020-10-09 09:25:00.900,4.721,10000
2020-10-09 09:25:00.900,4.721,300
2020-10-09 09:25:00.900,4.721,50000
2020-10-09 09:25:00.900,4.721,5000
2020-10-09 09:25:00.900,4.721,2000
2020-10-09 09:25:00.900,4.721,700
2020-10-09 09:25:00.900,4.721,3000
2020-10-09 09:25:00.900,4.721,8000
2020-10-09 09:25:00.900,4.721,50000
2020-10-09 09:25:00.900,4.721,1400
2020-10-09 09:25:00.900,4.721,100
2020-10-09 09:25:00.900,4.721,17600
2020-10-09 09:25:00.900,4.721,100
2020-10-09 09:25:00.900,4.721,1000
2020-10-09 09:25:00.900,4.721,4300
2020-10-09 09:25:00.900,4.721,4500
2020-10-09 09:25:00.900,4.721,15000
2020-10-09 09:25:00.900,4.721,5000
2020-10-09 09:25:00.900,4.721,6500
2020-10-09 09:25:00.900,4.721,30000
2020-10-09 09:25:00.900,4.721,6800
2020-10-09 09:25:00.900,4.721,4500
2020-10-09 09:25:00.900,4.721,5800
2020-10-09 09:25:00.900,4.721,15000
2020-10-09 09:25:00.900,4.721,2000
2020-10-09 09:25:00.900,4.721,5000
2020-10-09 09:25:00.900,4.721,1000
2020-10-09 09:25:00.900,4.721,500
2020-10-09 09:25:00.900,4.721,200
2020-10-09 09:25:00.900,4.721,10000
2020-10-09 09:25:00.900,4.721,8900
2020-10-09 09:25:00.900,4.721,2500
2020-10-09 09:25:00.900,4.721,34900
2020-10-09 09:25:00.900,4.721,1000
2020-10-09 09:25:00.900,4.721,4900
2020-10-09 09:25:00.900,4.721,7000
2020-10-09 09:25:00.900,4.721,800
2020-10-09 09:25:00.900,4.721,5000
2020-10-09 09:25:00.900,4.721,10000
2020-10-09 09:25:00.900,4.721,3000
2020-10-09 09:25:00.900,4.721,11000
2020-10-09 09:25:00.900,4.721,100
2020-10-09 09:25:00.900,4.721,5000
2020-10-09 09:25:00.900,4.721,3000
2020-10-09 09:25:00.900,4.721,5000
2020-10-09 09:25:00.900,4.721,16000
2020-10-09 09:25:00.900,4.721,500
2020-10-09 09:25:00.900,4.721,3100
2020-10-09 09:25:00.900,4.721,100
2020-10-09 09:25:00.900,4.721,100
2020-10-09 09:25:00.900,4.721,200
2020-10-09 09:25:00.900,4.721,3000
2020-10-09 09:25:00.900,4.721,2500
2020-10-09 09:25:00.900,4.721,4300
2020-10-09 09:25:00.900,4.721,10000
2020-10-09 09:25:00.900,4.721,4300
2020-10-09 09:25:00.900,4.721,700
2020-10-09 09:25:00.900,4.721,10000
2020-10-09 09:25:00.900,4.721,200
2020-10-09 09:25:00.900,4.721,2000
2020-10-09 09:25:00.900,4.721,4000
2020-10-09 09:25:00.900,4.721,4100
2020-10-09 09:25:00.900,4.721,3000
2020-10-09 09:25:00.900,4.721,7000
2020-10-09 09:25:00.900,4.721,1500
2020-10-09 09:25:00.900,4.721,3200
2020-10-09 09:25:00.900,4.721,2000
2020-10-09 09:25:00.900,4.721,2300
2020-10-09 09:25:00.900,4.721,10000
2020-10-09 09:25:00.900,4.721,10000
2020-10-09 09:25:00.900,4.721,200
2020-10-09 09:25:00.900,4.721,3000
2020-10-09 09:25:00.900,4.721,7000
2020-10-09 09:25:00.900,4.721,2200
2020-10-09 09:25:00.900,4.721,10000
2020-10-09 09:25:00.900,4.721,3000
2020-10-09 09:25:00.900,4.721,3000
2020-10-09 09:25:00.900,4.721,3000
2020-10-09 09:25:00.900,4.721,3000
2020-10-09 09:25:00.900,4.721,3000
2020-10-09 09:25:00.900,4.721,2792
2020-10-09 09:25:00.900,4.721,2208
2020-10-09 09:25:00.900,4.721,4500
2020-10-09 09:25:00.900,4.721,3000
2020-10-09 09:25:00.900,4.721,892
2020-10-09 09:25:00.900,4.721,2108
2020-10-09 09:25:00.900,4.721,100
2020-10-09 09:25:00.900,4.721,10000
2020-10-09 09:25:00.900,4.721,25000
2020-10-09 09:25:00.900,4.721,2000
2020-10-09 09:25:00.900,4.721,4000
2020-10-09 09:25:00.900,4.721,15000
2020-10-09 09:25:00.900,4.721,1000
2020-10-09 09:25:00.900,4.721,2300
2020-10-09 09:25:00.900,4.721,5000
2020-10-09 09:25:00.900,4.721,75100
2020-10-09 09:25:00.900,4.721,32200
2020-10-09 09:25:00.900,4.721,300
2020-10-09 09:25:00.900,4.721,5000
2020-10-09 09:25:00.900,4.721,800
2020-10-09 09:25:00.900,4.721,3000
2020-10-09 09:25:00.900,4.721,1500
2020-10-09 09:25:00.900,4.721,10000
2020-10-09 09:25:00.900,4.721,150000
2020-10-09 09:25:00.900,4.721,18000
2020-10-09 09:25:00.900,4.721,1000
2020-10-09 09:25:00.900,4.721,500
2020-10-09 09:25:00.900,4.721,10000
2020-10-09 09:25:00.900,4.721,100
2020-10-09 09:25:00.900,4.721,6000
2020-10-09 09:25:00.900,4.721,6000
2020-10-09 09:25:00.900,4.721,5000
2020-10-09 09:25:00.900,4.721,54000
2020-10-09 09:25:00.900,4.721,400
2020-10-09 09:25:00.900,4.721,500
2020-10-09 09:25:00.900,4.721,11000
2020-10-09 09:25:00.900,4.721,162000
2020-10-09 09:25:00.900,4.721,3000
2020-10-09 09:25:00.900,4.721,3000
2020-10-09 09:25:00.900,4.721,5000
2020-10-09 09:25:00.900,4.721,200
2020-10-09 09:25:00.900,4.721,4500
2020-10-09 09:25:00.900,4.721,4300
2020-10-09 09:25:00.900,4.721,100
2020-10-09 09:25:00.900,4.721,1000
2020-10-09 09:25:00.900,4.721,2300
2020-10-09 09:25:00.900,4.721,1000
2020-10-09 09:25:00.900,4.721,500
2020-10-09 09:25:00.900,4.721,10000
2020-10-09 09:25:00.900,4.721,2500
2020-10-09 09:25:00.900,4.721,10000
2020-10-09 09:25:00.900,4.721,50000
2020-10-09 09:25:00.900,4.721,1000
2020-10-09 09:25:00.900,4.721,15000
2020-10-09 09:25:00.900,4.721,1500
2020-10-09 09:25:00.900,4.721,10000
2020-10-09 09:25:00.900,4.721,400
2020-10-09 09:25:00.900,4.721,100
2020-10-09 09:25:00.900,4.721,5000
2020-10-09 09:25:00.900,4.721,6600
2020-10-09 09:25:00.900,4.721,10000
2020-10-09 09:25:00.900,4.721,4300
2020-10-09 09:25:00.900,4.721,5000
2020-10-09 09:25:00.900,4.721,400
2020-10-09 09:25:00.900,4.721,1000
2020-10-09 09:25:00.900,4.721,75000
2020-10-09 09:25:00.900,4.721,2300
2020-10-09 09:25:00.900,4.721,5000
2020-10-09 09:25:00.900,4.721,5000
2020-10-09 09:25:00.900,4.721,800
2020-10-09 09:25:00.900,4.721,2300
2020-10-09 09:25:00.900,4.721,32992
2020-10-09 09:25:00.900,4.721,34900
2020-10-09 09:25:00.900,4.721,30600
2020-10-09 09:25:00.900,4.721,114208
2020-10-09 09:25:00.900,4.721,100
2020-10-09 09:25:00.900,4.721,300
2020-10-09 09:25:00.900,4.721,50200
2020-10-09 09:25:00.900,4.721,4500
2020-10-09 09:25:00.900,4.721,8200
2020-10-09 09:25:00.900,4.721,25300
2020-10-09 09:25:00.900,4.721,12900
2020-10-09 09:25:00.900,4.721,7500
2020-10-09 09:25:00.900,4.721,300
2020-10-09 09:25:00.900,4.721,100000
2020-10-09 09:25:00.900,4.721,5500
2020-10-09 09:25:00.900,4.721,500
2020-10-09 09:25:00.900,4.721,200
2020-10-09 09:25:00.900,4.721,3000
2020-10-09 09:25:00.900,4.721,500
2020-10-09 09:25:00.900,4.721,39000
2020-10-09 09:25:00.900,4.721,10000
2020-10-09 09:25:00.900,4.721,2500
2020-10-09 09:25:00.900,4.721,800
2020-10-09 09:25:00.900,4.721,8000
2020-10-09 09:25:00.900,4.721,5000
2020-10-09 09:25:00.900,4.721,2400
2020-10-09 09:25:00.900,4.721,5000
2020-10-09 09:25:00.900,4.721,5000
2020-10-09 09:25:00.900,4.721,4000
2020-10-09 09:25:00.900,4.721,1000
2020-10-09 09:25:00.900,4.721,3000
2020-10-09 09:25:00.900,4.721,200
2020-10-09 09:25:00.900,4.721,50000
2020-10-09 09:25:00.900,4.721,26600
2020-10-09 09:25:00.900,4.721,12600
2020-10-09 09:25:00.900,4.721,1000
2020-10-09 09:25:00.900,4.721,10000
2020-10-09 09:25:00.900,4.721,500
2020-10-09 09:25:00.900,4.721,1700
2020-10-09 09:25:00.900,4.721,1000
2020-10-09 09:25:00.900,4.721,1800
2020-10-09 09:25:00.900,4.721,5000
2020-10-09 09:25:00.900,4.721,5000
2020-10-09 09:25:00.900,4.721,7000
2020-10-09 09:25:00.900,4.721,1800
2020-10-09 09:25:00.900,4.721,5000
2020-10-09 09:25:00.900,4.721,800
2020-10-09 09:25:00.900,4.721,5000
2020-10-09 09:25:00.900,4.721,100
2020-10-09 09:25:00.900,4.721,9100
2020-10-09 09:25:00.900,4.721,500
2020-10-09 09:25:00.900,4.721,7800
2020-10-09 09:25:00.900,4.721,50000
2020-10-09 09:25:00.900,4.721,200
2020-10-09 09:25:00.900,4.721,5000
2020-10-09 09:25:00.900,4.721,700
2020-10-09 09:25:00.900,4.721,300
2020-10-09 09:25:00.900,4.721,10000
2020-10-09 09:25:00.900,4.721,1000
2020-10-09 09:25:00.900,4.721,3000
2020-10-09 09:25:00.900,4.721,5000
2020-10-09 09:25:00.900,4.721,2600
2020-10-09 09:25:00.900,4.721,42800
2020-10-09 09:25:00.900,4.721,2600
2020-10-09 09:25:00.900,4.721,2300
2020-10-09 09:25:00.900,4.721,5000
2020-10-09 09:25:00.900,4.721,3200
2020-10-09 09:25:00.900,4.721,2400
2020-10-09 09:25:00.900,4.721,300
2020-10-09 09:25:00.900,4.721,200
2020-10-09 09:25:00.900,4.721,10000
2020-10-09 09:25:00.900,4.721,3000
2020-10-09 09:25:00.900,4.721,800
2020-10-09 09:25:00.900,4.721,2000
2020-10-09 09:25:00.900,4.721,100
2020-10-09 09:25:00.900,4.721,100
2020-10-09 09:25:00.900,4.721,300
2020-10-09 09:25:00.900,4.721,10800
2020-10-09 09:25:00.900,4.721,200
2020-10-09 09:25:00.900,4.721,6500
2020-10-09 09:25:00.900,4.721,5000
2020-10-09 09:25:00.900,4.721,10000
2020-10-09 09:25:00.900,4.721,10000
2020-10-09 09:25:00.900,4.721,100
2020-10-09 09:25:00.900,4.721,6000
2020-10-09 09:25:00.900,4.721,6000
2020-10-09 09:25:00.900,4.721,3700
2020-10-09 09:25:00.900,4.721,2200
2020-10-09 09:25:00.900,4.721,500
2020-10-09 09:25:00.900,4.721,3600
2020-10-09 09:25:00.900,4.721,500
2020-10-09 09:25:00.900,4.721,5500
2020-10-09 09:25:00.900,4.721,2500
2020-10-09 09:25:00.900,4.721,2000
2020-10-09 09:25:00.900,4.721,5000
2020-10-09 09:25:00.900,4.721,38000
2020-10-09 09:25:00.900,4.721,100
2020-10-09 09:25:00.900,4.721,20000
2020-10-09 09:25:00.900,4.721,5000
2020-10-09 09:25:00.900,4.721,4000
2020-10-09 09:25:00.900,4.721,200
2020-10-09 09:25:00.900,4.721,10000
2020-10-09 09:25:00.900,4.721,800
2020-10-09 09:25:00.900,4.721,1000
2020-10-09 09:25:00.900,4.721,16592
2020-10-09 09:25:00.900,4.721,3408
2020-10-09 09:25:00.900,4.721,7000
2020-10-09 09:25:00.900,4.721,3500
2020-10-09 09:25:00.900,4.721,4000
2020-10-09 09:25:00.900,4.721,6500
2020-10-09 09:25:00.900,4.721,44100
2020-10-09 09:30:00.020,4.722,200
2020-10-09 09:30:00.070,4.722,2800
2020-10-09 09:30:00.070,4.722,200
2020-10-09 09:30:00.070,4.722,500
2020-10-09 09:30:00.070,4.722,10000
2020-10-09 09:30:00.070,4.722,10000
2020-10-09 09:30:00.070,4.723,3100
2020-10-09 09:30:00.070,4.724,3000
2020-10-09 09:30:00.070,4.724,300
2020-10-09 09:30:00.070,4.724,50000
2020-10-09 09:30:00.070,4.724,15000
2020-10-09 09:30:00.070,4.724,30000
2020-10-09 09:30:00.070,4.724,1500
2020-10-09 09:30:00.070,4.724,53600
2020-10-09 09:30:00.100,4.722,1000
2020-10-09 09:30:00.130,4.724,6400
2020-10-09 09:30:00.130,4.724,50200
2020-10-09 09:30:00.130,4.725,800
2020-10-09 09:30:00.130,4.725,5000
2020-10-09 09:30:00.130,4.725,100
2020-10-09 09:30:00.130,4.725,30000
2020-10-09 09:30:00.130,4.725,7500
2020-10-09 09:30:00.130,4.725,42500
2020-10-09 09:30:00.130,4.725,200
2020-10-09 09:30:00.130,4.725,500
2020-10-09 09:30:00.130,4.725,5000
2020-10-09 09:30:00.130,4.725,5000
2020-10-09 09:30:00.130,4.725,4000
2020-10-09 09:30:00.130,4.725,42800
2020-10-09 09:30:00.240,4.725,5000
2020-10-09 09:30:00.240,4.723,1000
2020-10-09 09:30:00.240,4.723,10000
2020-10-09 09:30:00.280,4.723,35800
2020-10-09 09:30:00.280,4.723,53200
2020-10-09 09:30:00.280,4.723,2200
2020-10-09 09:30:00.280,4.722,199000
2020-10-09 09:30:00.280,4.722,20600
2020-10-09 09:30:00.280,4.724,2000
2020-10-09 09:30:00.280,4.724,6500
2020-10-09 09:30:00.280,4.722,1000
2020-10-09 09:30:00.330,4.722,30000
2020-10-09 09:30:00.330,4.723,7000
2020-10-09 09:30:00.330,4.723,13000
2020-10-09 09:30:00.330,4.722,44800
2020-10-09 09:30:00.330,4.722,200
2020-10-09 09:30:00.330,4.722,500
2020-10-09 09:30:00.410,4.722,4400
2020-10-09 09:30:00.410,4.722,4500
2020-10-09 09:30:00.410,4.722,1500
2020-10-09 09:30:00.410,4.722,20000
2020-10-09 09:30:00.410,4.722,2000
2020-10-09 09:30:00.410,4.722,8900
2020-10-09 09:30:00.410,4.722,11100
2020-10-09 09:30:00.410,4.722,2000
2020-10-09 09:30:00.410,4.722,700
2020-10-09 09:30:00.410,4.722,3300
2020-10-09 09:30:00.410,4.722,2500
2020-10-09 09:30:00.410,4.722,1200
2020-10-09 09:30:00.410,4.722,2600
2020-10-09 09:30:00.410,4.722,400
2020-10-09 09:30:00.410,4.722,5000
2020-10-09 09:30:00.410,4.721,14600
2020-10-09 09:30:00.520,4.721,100
2020-10-09 09:30:00.520,4.721,4000
2020-10-09 09:30:00.520,4.721,500
2020-10-09 09:30:00.520,4.721,2000
2020-10-09 09:30:00.520,4.721,5000
2020-10-09 09:30:00.520,4.722,2500
2020-10-09 09:30:00.520,4.721,43800
2020-10-09 09:30:00.520,4.722,200
2020-10-09 09:30:00.520,4.721,19800
2020-10-09 09:30:00.520,4.721,1000
2020-10-09 09:30:00.520,4.721,5000
2020-10-09 09:30:00.640,4.722,3000
2020-10-09 09:30:00.640,4.722,1000
2020-10-09 09:30:00.640,4.722,3000
2020-10-09 09:30:00.640,4.722,500
2020-10-09 09:30:00.640,4.722,500
2020-10-09 09:30:00.640,4.722,1500
2020-10-09 09:30:00.750,4.722,500
2020-10-09 09:30:00.750,4.722,2000
2020-10-09 09:30:00.750,4.722,500
2020-10-09 09:30:00.750,4.722,300
2020-10-09 09:30:00.750,4.722,3500
2020-10-09 09:30:00.750,4.721,6500
2020-10-09 09:30:00.750,4.723,1000
2020-10-09 09:30:00.750,4.722,4000
2020-10-09 09:30:00.750,4.723,16000
2020-10-09 09:30:00.750,4.722,100
2020-10-09 09:30:00.750,4.723,4000
2020-10-09 09:30:00.750,4.723,1000
2020-10-09 09:30:00.750,4.723,2000
2020-10-09 09:30:00.750,4.723,1000
2020-10-09 09:30:00.750,4.723,3000
2020-10-09 09:30:00.750,4.723,100
2020-10-09 09:30:00.750,4.724,26900
2020-10-09 09:30:00.750,4.724,110000
2020-10-09 09:30:00.750,4.725,7100
2020-10-09 09:30:00.750,4.725,300
2020-10-09 09:30:00.750,4.725,2600
2020-10-09 09:30:00.750,4.722,1400
2020-10-09 09:30:00.750,4.721,3000
2020-10-09 09:30:00.750,4.722,100
2020-10-09 09:30:00.750,4.721,2400
2020-10-09 09:30:00.750,4.723,100
2020-10-09 09:30:00.750,4.721,150000
2020-10-09 09:30:00.860,4.722,6000
2020-10-09 09:30:00.860,4.723,200
2020-10-09 09:30:00.860,4.723,2000
2020-10-09 09:30:00.860,4.723,4000
2020-10-09 09:30:00.860,4.723,1300
2020-10-09 09:30:00.860,4.723,10000
2020-10-09 09:30:00.860,4.723,2000
2020-10-09 09:30:00.860,4.724,3000
2020-10-09 09:30:00.860,4.724,2500
2020-10-09 09:30:00.860,4.725,2400
2020-10-09 09:30:00.860,4.725,1100
2020-10-09 09:30:00.860,4.721,10000
2020-10-09 09:30:00.860,4.721,2000
2020-10-09 09:30:00.860,4.721,32900
2020-10-09 09:30:00.860,4.721,5000
2020-10-09 09:30:00.860,4.723,100
2020-10-09 09:30:00.970,4.721,20600
2020-10-09 09:30:00.970,4.721,400
2020-10-09 09:30:00.970,4.721,20000
2020-10-09 09:30:00.970,4.721,15000
2020-10-09 09:30:00.970,4.721,400
2020-10-09 09:30:00.970,4.722,200
2020-10-09 09:30:00.970,4.723,2800
2020-10-09 09:30:00.970,4.723,40600
2020-10-09 09:30:00.970,4.723,8300
2020-10-09 09:30:00.970,4.723,100
2020-10-09 09:30:00.970,4.723,6000
2020-10-09 09:30:00.970,4.724,400
2020-10-09 09:30:00.970,4.725,1900
2020-10-09 09:30:00.970,4.725,8900
2020-10-09 09:30:00.970,4.725,2500
2020-10-09 09:30:00.970,4.725,9100
2020-10-09 09:30:00.970,4.724,29000
2020-10-09 09:30:01.080,4.724,1400
2020-10-09 09:30:01.080,4.724,400
2020-10-09 09:30:01.080,4.725,17800
2020-10-09 09:30:01.080,4.725,12200
2020-10-09 09:30:01.080,4.724,3000
2020-10-09 09:30:01.080,4.724,2500
2020-10-09 09:30:01.080,4.724,2500
2020-10-09 09:30:01.080,4.724,2000
2020-10-09 09:30:01.080,4.724,2000
2020-10-09 09:30:01.080,4.724,700
2020-10-09 09:30:01.200,4.724,3000
2020-10-09 09:30:01.200,4.724,1000
2020-10-09 09:30:01.200,4.724,8900
2020-10-09 09:30:01.200,4.725,10000
2020-10-09 09:30:01.200,4.724,3200
2020-10-09 09:30:01.200,4.724,11000
2020-10-09 09:30:01.200,4.724,400
2020-10-09 09:30:01.200,4.724,300
2020-10-09 09:30:01.200,4.724,5000
2020-10-09 09:30:01.200,4.724,200
2020-10-09 09:30:01.200,4.724,1500
2020-10-09 09:30:01.200,4.724,300
2020-10-09 09:30:01.310,4.724,100
2020-10-09 09:30:01.310,4.724,3000
2020-10-09 09:30:01.310,4.724,2000
2020-10-09 09:30:01.310,4.724,1000
2020-10-09 09:30:01.310,4.724,18200
2020-10-09 09:30:01.310,4.724,400
2020-10-09 09:30:01.310,4.724,100
2020-10-09 09:30:01.310,4.724,100
2020-10-09 09:30:01.310,4.724,100
2020-10-09 09:30:01.310,4.724,108500
2020-10-09 09:30:01.310,4.724,16500
2020-10-09 09:30:01.310,4.722,1000
2020-10-09 09:30:01.310,4.722,6000
2020-10-09 09:30:01.310,4.722,200
2020-10-09 09:30:01.310,4.722,200
2020-10-09 09:30:01.310,4.722,1100
2020-10-09 09:30:01.310,4.722,6100
2020-10-09 09:30:01.310,4.722,10000
2020-10-09 09:30:01.310,4.722,10000
2020-10-09 09:30:01.310,4.721,140400
2020-10-09 09:30:01.310,4.721,10000
2020-10-09 09:30:01.310,4.721,4700
2020-10-09 09:30:01.310,4.721,1200
2020-10-09 09:30:01.310,4.721,11100
2020-10-09 09:30:01.310,4.723,5000
2020-10-09 09:30:01.310,4.725,4700
2020-10-09 09:30:01.310,4.725,1000
2020-10-09 09:30:01.310,4.725,11300
2020-10-09 09:30:01.310,4.723,8000
2020-10-09 09:30:01.310,4.723,2100
2020-10-09 09:30:01.310,4.723,1000
2020-10-09 09:30:01.420,4.723,13900
2020-10-09 09:30:01.420,4.722,1000
2020-10-09 09:30:01.420,4.721,24200
2020-10-09 09:30:01.420,4.722,2000
2020-10-09 09:30:01.420,4.722,1000
2020-10-09 09:30:01.420,4.721,19000
2020-10-09 09:30:01.420,4.721,5000
2020-10-09 09:30:01.420,4.721,1700
2020-10-09 09:30:01.420,4.721,1100
2020-10-09 09:30:01.420,4.721,4000
2020-10-09 09:30:01.420,4.721,1000
2020-10-09 09:30:01.420,4.722,2000
2020-10-09 09:30:01.420,4.722,7900
2020-10-09 09:30:01.420,4.723,20000
2020-10-09 09:30:01.420,4.723,100
2020-10-09 09:30:01.420,4.722,1400
2020-10-09 09:30:01.420,4.722,2000
2020-10-09 09:30:01.530,4.722,20800
2020-10-09 09:30:01.530,4.722,500
2020-10-09 09:30:01.530,4.722,300
2020-10-09 09:30:01.530,4.721,5700
2020-10-09 09:30:01.530,4.723,900
2020-10-09 09:30:01.530,4.723,100
2020-10-09 09:30:01.530,4.725,700
2020-10-09 09:30:01.530,4.725,800
2020-10-09 09:30:01.530,4.721,600
2020-10-09 09:30:01.530,4.721,29600
2020-10-09 09:30:01.530,4.721,100
2020-10-09 09:30:01.530,4.721,2300
2020-10-09 09:30:01.530,4.721,21000
2020-10-09 09:30:01.530,4.721,500
2020-10-09 09:30:01.530,4.723,1800
2020-10-09 09:30:01.530,4.721,200
2020-10-09 09:30:01.530,4.721,14300
2020-10-09 09:30:01.530,4.723,1300
2020-10-09 09:30:01.530,4.723,900
2020-10-09 09:30:01.650,4.723,1300
2020-10-09 09:30:01.650,4.721,3700
2020-10-09 09:30:01.650,4.721,2300
2020-10-09 09:30:01.650,4.723,5000
2020-10-09 09:30:01.650,4.723,2000
2020-10-09 09:30:01.650,4.723,50000
2020-10-09 09:30:01.650,4.723,500
2020-10-09 09:30:01.650,4.723,2000
2020-10-09 09:30:01.650,4.723,300
2020-10-09 09:30:01.760,4.723,1500
2020-10-09 09:30:01.760,4.723,1100
2020-10-09 09:30:01.760,4.723,7600
2020-10-09 09:30:01.760,4.722,2400
2020-10-09 09:30:01.760,4.722,3000
2020-10-09 09:30:01.760,4.722,1000
2020-10-09 09:30:01.760,4.723,1700
2020-10-09 09:30:01.760,4.723,18400
2020-10-09 09:30:01.870,4.723,4600
2020-10-09 09:30:01.870,4.722,3600
2020-10-09 09:30:01.870,4.721,8200
2020-10-09 09:30:01.870,4.721,3000
2020-10-09 09:30:01.870,4.721,2500
2020-10-09 09:30:01.870,4.721,1000
2020-10-09 09:30:01.870,4.721,10000
2020-10-09 09:30:01.870,4.722,100
2020-10-09 09:30:01.870,4.721,900
2020-10-09 09:30:01.870,4.722,13000
2020-10-09 09:30:01.870,4.723,5000
2020-10-09 09:30:01.870,4.723,6000
2020-10-09 09:30:01.870,4.721,4000
2020-10-09 09:30:01.870,4.724,2500
2020-10-09 09:30:01.870,4.724,1100
2020-10-09 09:30:01.870,4.721,7000
2020-10-09 09:30:01.870,4.722,600
2020-10-09 09:30:01.990,4.722,1900
2020-10-09 09:30:01.990,4.722,8100
2020-10-09 09:30:01.990,4.722,1000
2020-10-09 09:30:01.990,4.722,3000
2020-10-09 09:30:01.990,4.722,7900
2020-10-09 09:30:01.990,4.721,22100
2020-10-09 09:30:01.990,4.721,10000
2020-10-09 09:30:01.990,4.721,1000
2020-10-09 09:30:02.100,4.721,20000
2020-10-09 09:30:02.100,4.721,7000
2020-10-09 09:30:02.100,4.721,3000
2020-10-09 09:30:02.100,4.721,7400
2020-10-09 09:30:02.100,4.721,500
2020-10-09 09:30:02.230,4.721,600
2020-10-09 09:30:02.230,4.722,10000
2020-10-09 09:30:02.230,4.722,100
2020-10-09 09:30:02.230,4.722,1900
2020-10-09 09:30:02.230,4.721,5000
2020-10-09 09:30:02.230,4.721,2500
2020-10-09 09:30:02.230,4.721,4000
2020-10-09 09:30:02.230,4.721,1500
2020-10-09 09:30:02.230,4.721,20000
2020-10-09 09:30:02.230,4.722,51000
2020-10-09 09:30:02.230,4.722,7300
2020-10-09 09:30:02.230,4.722,5000
2020-10-09 09:30:02.230,4.722,2000
2020-10-09 09:30:02.340,4.722,1900
2020-10-09 09:30:02.340,4.722,1900
2020-10-09 09:30:02.340,4.722,4500
2020-10-09 09:30:02.340,4.722,5000
2020-10-09 09:30:02.340,4.722,5000
2020-10-09 09:30:02.340,4.722,16400
2020-10-09 09:30:02.340,4.722,30000
2020-10-09 09:30:02.340,4.722,3600
2020-10-09 09:30:02.340,4.722,300
2020-10-09 09:30:02.480,4.722,2000
2020-10-09 09:30:02.480,4.723,400
2020-10-09 09:30:02.480,4.722,100
2020-10-09 09:30:02.480,4.722,4000
2020-10-09 09:30:02.480,4.722,2000
2020-10-09 09:30:02.480,4.722,2000
2020-10-09 09:30:02.480,4.722,2000
2020-10-09 09:30:02.480,4.722,1500
2020-10-09 09:30:02.480,4.722,1500
2020-10-09 09:30:02.480,4.722,10000
2020-10-09 09:30:02.480,4.722,5000
2020-10-09 09:30:02.480,4.722,15000
2020-10-09 09:30:02.480,4.722,3000
2020-10-09 09:30:02.480,4.722,300
2020-10-09 09:30:02.620,4.723,1100
2020-10-09 09:30:02.620,4.722,100
2020-10-09 09:30:02.620,4.723,6000
2020-10-09 09:30:02.620,4.722,500
2020-10-09 09:30:02.620,4.722,2300
2020-10-09 09:30:02.620,4.722,700
2020-10-09 09:30:02.620,4.722,400
2020-10-09 09:30:02.620,4.722,1400
2020-10-09 09:30:02.620,4.722,300
2020-10-09 09:30:02.620,4.722,1100
2020-10-09 09:30:02.620,4.722,3000
2020-10-09 09:30:02.620,4.722,7300
2020-10-09 09:30:02.620,4.722,39700
2020-10-09 09:30:02.620,4.722,5000
2020-10-09 09:30:02.620,4.722,900
2020-10-09 09:30:02.620,4.721,14400
2020-10-09 09:30:02.620,4.721,200
2020-10-09 09:30:02.620,4.721,8092
2020-10-09 09:30:02.620,4.721,51908
2020-10-09 09:30:02.620,4.721,2000
2020-10-09 09:30:02.730,4.722,200
2020-10-09 09:30:02.730,4.722,700
2020-10-09 09:30:02.730,4.721,1300
2020-10-09 09:30:02.730,4.721,4900
2020-10-09 09:30:02.730,4.721,200
2020-10-09 09:30:02.730,4.721,6000
2020-10-09 09:30:02.730,4.722,200
2020-10-09 09:30:02.730,4.722,1000
2020-10-09 09:30:02.730,4.721,500
2020-10-09 09:30:02.730,4.721,3000
2020-10-09 09:30:02.730,4.722,800
2020-10-09 09:30:02.730,4.722,4200
2020-10-09 09:30:02.730,4.721,3400
2020-10-09 09:30:02.730,4.721,50000
2020-10-09 09:30:02.730,4.722,800
2020-10-09 09:30:02.730,4.722,4200
2020-10-09 09:30:02.730,4.722,2800
2020-10-09 09:30:02.730,4.723,2500
2020-10-09 09:30:02.730,4.723,7700
2020-10-09 09:30:02.730,4.723,5000
2020-10-09 09:30:02.730,4.723,1500
2020-10-09 09:30:02.730,4.723,500
2020-10-09 09:30:02.840,4.721,100
2020-10-09 09:30:02.840,4.721,30000
2020-10-09 09:30:02.840,4.721,2000
2020-10-09 09:30:02.840,4.722,1000
2020-10-09 09:30:02.840,4.722,1000
2020-10-09 09:30:02.840,4.723,2800
2020-10-09 09:30:02.840,4.723,700
2020-10-09 09:30:02.840,4.723,7300
2020-10-09 09:30:02.840,4.723,2000
2020-10-09 09:30:02.840,4.722,6000
2020-10-09 09:30:02.840,4.722,3100
2020-10-09 09:30:02.840,4.722,200
2020-10-09 09:30:02.840,4.721,16700
2020-10-09 09:30:02.840,4.722,105000
2020-10-09 09:30:02.840,4.722,600
2020-10-09 09:30:02.950,4.722,7300
2020-10-09 09:30:02.950,4.722,500
2020-10-09 09:30:02.950,4.722,1000
2020-10-09 09:30:02.950,4.723,6000
2020-10-09 09:30:02.950,4.723,4000
2020-10-09 09:30:02.950,4.722,10000
2020-10-09 09:30:02.950,4.722,4000
2020-10-09 09:30:02.950,4.722,15000
2020-10-09 09:30:02.950,4.722,2000
2020-10-09 09:30:02.950,4.722,2000
2020-10-09 09:30:02.950,4.723,20500
2020-10-09 09:30:02.950,4.722,20000
2020-10-09 09:30:03.060,4.722,3000
2020-10-09 09:30:03.060,4.722,4000
2020-10-09 09:30:03.060,4.722,200
2020-10-09 09:30:03.060,4.722,22600
2020-10-09 09:30:03.060,4.722,1000
2020-10-09 09:30:03.060,4.722,1000
2020-10-09 09:30:03.060,4.722,11800
2020-10-09 09:30:03.060,4.721,213600
2020-10-09 09:30:03.060,4.721,30000
2020-10-09 09:30:03.060,4.721,3000
2020-10-09 09:30:03.060,4.721,300
2020-10-09 09:30:03.060,4.721,100
2020-10-09 09:30:03.060,4.721,3700
2020-10-09 09:30:03.060,4.721,3500
2020-10-09 09:30:03.060,4.721,500
2020-10-09 09:30:03.060,4.721,5000
2020-10-09 09:30:03.060,4.721,10000
2020-10-09 09:30:03.180,4.723,800
2020-10-09 09:30:03.180,4.723,3400
2020-10-09 09:30:03.180,4.722,5000
2020-10-09 09:30:03.180,4.722,7500
2020-10-09 09:30:03.180,4.722,2500
2020-10-09 09:30:03.180,4.722,100
2020-10-09 09:30:03.180,4.723,1100
2020-10-09 09:30:03.180,4.722,100
2020-10-09 09:30:03.180,4.722,15800
2020-10-09 09:30:03.180,4.722,2500
2020-10-09 09:30:03.310,4.722,10000
2020-10-09 09:30:03.310,4.722,30300
2020-10-09 09:30:03.310,4.722,100
2020-10-09 09:30:03.310,4.722,1100
2020-10-09 09:30:03.310,4.723,2200
2020-10-09 09:30:03.310,4.723,13900
2020-10-09 09:30:03.310,4.723,800
2020-10-09 09:30:03.310,4.723,5000
2020-10-09 09:30:03.310,4.723,2000
2020-10-09 09:30:03.310,4.723,5000
2020-10-09 09:30:03.310,4.723,4200
2020-10-09 09:30:03.310,4.723,100
2020-10-09 09:30:03.310,4.723,3000
2020-10-09 09:30:03.310,4.723,5000
2020-10-09 09:30:03.310,4.723,7000
2020-10-09 09:30:03.310,4.723,20000
2020-10-09 09:30:03.310,4.723,5000
2020-10-09 09:30:03.310,4.723,29000
2020-10-09 09:30:03.310,4.722,7000
2020-10-09 09:30:03.310,4.722,3100
2020-10-09 09:30:03.310,4.723,1000
2020-10-09 09:30:03.310,4.723,2300
2020-10-09 09:30:03.310,4.723,500
2020-10-09 09:30:03.310,4.723,3000
2020-10-09 09:30:03.310,4.723,3200
2020-10-09 09:30:03.310,4.722,9300
2020-10-09 09:30:03.420,4.722,4000
2020-10-09 09:30:03.420,4.722,4000
2020-10-09 09:30:03.420,4.722,2000
2020-10-09 09:30:03.420,4.723,2600
2020-10-09 09:30:03.420,4.723,2200
2020-10-09 09:30:03.420,4.723,10000
2020-10-09 09:30:03.420,4.723,5200
2020-10-09 09:30:03.420,4.722,17400
2020-10-09 09:30:03.420,4.723,1000
2020-10-09 09:30:03.420,4.722,2000
2020-10-09 09:30:03.420,4.722,20000
2020-10-09 09:30:03.420,4.722,10000
2020-10-09 09:30:03.420,4.722,1400
2020-10-09 09:30:03.420,4.722,100
2020-10-09 09:30:03.530,4.722,3000
2020-10-09 09:30:03.530,4.722,1200
2020-10-09 09:30:03.530,4.722,10000
2020-10-09 09:30:03.530,4.722,10000
2020-10-09 09:30:03.530,4.722,2200
2020-10-09 09:30:03.530,4.722,5000
2020-10-09 09:30:03.530,4.722,5000
2020-10-09 09:30:03.530,4.722,2800
2020-10-09 09:30:03.530,4.722,20000
2020-10-09 09:30:03.530,4.722,3800
2020-10-09 09:30:03.530,4.722,1000
2020-10-09 09:30:03.530,4.722,4000
2020-10-09 09:30:03.530,4.722,1800
2020-10-09 09:30:03.530,4.722,9200
2020-10-09 09:30:03.530,4.722,6000
2020-10-09 09:30:03.530,4.722,1100
2020-10-09 09:30:03.530,4.722,3000
2020-10-09 09:30:03.530,4.723,20000
2020-10-09 09:30:03.530,4.723,4100
2020-10-09 09:30:03.530,4.723,1500
2020-10-09 09:30:03.530,4.723,1400
2020-10-09 09:30:03.680,4.722,4000
2020-10-09 09:30:03.680,4.722,1000
2020-10-09 09:30:03.680,4.722,600
2020-10-09 09:30:03.680,4.722,4000
2020-10-09 09:30:03.680,4.722,1500
2020-10-09 09:30:03.680,4.722,20000
2020-10-09 09:30:03.680,4.722,70000
2020-10-09 09:30:03.680,4.722,4500
2020-10-09 09:30:03.680,4.722,12000
2020-10-09 09:30:03.680,4.722,4600
2020-10-09 09:30:03.800,4.722,12000
2020-10-09 09:30:03.800,4.722,2500
2020-10-09 09:30:03.800,4.723,1600
2020-10-09 09:30:03.800,4.723,1400
2020-10-09 09:30:03.800,4.722,100
2020-10-09 09:30:03.800,4.723,900
2020-10-09 09:30:03.800,4.723,1000
2020-10-09 09:30:03.800,4.722,2500
2020-10-09 09:30:03.920,4.722,19100
2020-10-09 09:30:03.920,4.722,4400
2020-10-09 09:30:03.920,4.722,600
2020-10-09 09:30:03.920,4.722,400
2020-10-09 09:30:03.920,4.722,100
2020-10-09 09:30:03.920,4.722,2000
2020-10-09 09:30:03.920,4.722,1100
2020-10-09 09:30:03.920,4.722,1000
2020-10-09 09:30:03.920,4.722,4000
2020-10-09 09:30:03.920,4.722,1000
2020-10-09 09:30:03.920,4.721,3000
2020-10-09 09:30:03.920,4.723,1700
2020-10-09 09:30:03.920,4.723,38800
2020-10-09 09:30:03.920,4.721,4000
2020-10-09 09:30:03.990,4.723,900
2020-10-09 09:30:03.990,4.721,1000
2020-10-09 09:30:03.990,4.723,22900
2020-10-09 09:30:03.990,4.723,16000
2020-10-09 09:30:03.990,4.724,800
2020-10-09 09:30:03.990,4.723,1600
2020-10-09 09:30:03.990,4.722,3000
2020-10-09 09:30:03.990,4.721,700
2020-10-09 09:30:03.990,4.721,49900
2020-10-09 09:30:03.990,4.721,3000
2020-10-09 09:30:03.990,4.721,500
2020-10-09 09:30:03.990,4.722,100
2020-10-09 09:30:03.990,4.721,3100
2020-10-09 09:30:03.990,4.721,100
2020-10-09 09:30:03.990,4.722,1000
2020-10-09 09:30:03.990,4.722,1400
2020-10-09 09:30:03.990,4.721,28600
2020-10-09 09:30:03.990,4.721,2200
2020-10-09 09:30:03.990,4.721,1400
2020-10-09 09:30:04.100,4.722,1000
2020-10-09 09:30:04.100,4.721,1000
2020-10-09 09:30:04.100,4.722,100
2020-10-09 09:30:04.100,4.722,400
2020-10-09 09:30:04.100,4.721,16800
2020-10-09 09:30:04.100,4.721,10000
2020-10-09 09:30:04.100,4.721,2500
2020-10-09 09:30:04.100,4.721,2500
2020-10-09 09:30:04.100,4.721,18100
2020-10-09 09:30:04.100,4.721,35000
2020-10-09 09:30:04.100,4.722,3800
2020-10-09 09:30:04.220,4.721,200
2020-10-09 09:30:04.220,4.721,700
2020-10-09 09:30:04.220,4.721,700
2020-10-09 09:30:04.220,4.722,10000
2020-10-09 09:30:04.220,4.721,10000
2020-10-09 09:30:04.220,4.721,21200
2020-10-09 09:30:04.220,4.722,100
2020-10-09 09:30:04.220,4.721,2000
2020-10-09 09:30:04.220,4.721,4000
2020-10-09 09:30:04.220,4.722,1900
2020-10-09 09:30:04.220,4.722,100
2020-10-09 09:30:04.220,4.722,400
2020-10-09 09:30:04.340,4.722,200
2020-10-09 09:30:04.340,4.723,3000
2020-10-09 09:30:04.340,4.723,2000
2020-10-09 09:30:04.340,4.723,500
2020-10-09 09:30:04.340,4.722,400
2020-10-09 09:30:04.340,4.722,4000
2020-10-09 09:30:04.340,4.723,19500
2020-10-09 09:30:04.340,4.723,15100
2020-10-09 09:30:04.340,4.722,30000
2020-10-09 09:30:04.340,4.722,1000
2020-10-09 09:30:04.340,4.722,200
2020-10-09 09:30:04.440,4.722,5000
2020-10-09 09:30:04.440,4.722,400
2020-10-09 09:30:04.440,4.723,1000
2020-10-09 09:30:04.440,4.722,3900
2020-10-09 09:30:04.440,4.722,3500
2020-10-09 09:30:04.440,4.722,5000
2020-10-09 09:30:04.440,4.722,4000
2020-10-09 09:30:04.440,4.722,500
2020-10-09 09:30:04.440,4.722,10000
2020-10-09 09:30:04.440,4.723,2800
2020-10-09 09:30:04.440,4.723,5700
2020-10-09 09:30:04.560,4.722,10000
2020-10-09 09:30:04.560,4.722,20800
2020-10-09 09:30:04.690,4.722,1300
2020-10-09 09:30:04.690,4.722,2600
2020-10-09 09:30:04.690,4.722,30000
2020-10-09 09:30:04.690,4.722,1200
2020-10-09 09:30:04.690,4.722,4000
2020-10-09 09:30:04.690,4.722,5000
2020-10-09 09:30:04.690,4.722,2000
2020-10-09 09:30:04.690,4.722,40000
2020-10-09 09:30:04.810,4.723,9300
2020-10-09 09:30:04.810,4.723,11200
2020-10-09 09:30:04.810,4.723,15900
2020-10-09 09:30:04.880,4.723,100
2020-10-09 09:30:04.880,4.722,1000
2020-10-09 09:30:04.880,4.722,2000
2020-10-09 09:30:04.880,4.722,5000
2020-10-09 09:30:04.880,4.722,5000
2020-10-09 09:30:04.930,4.722,1600
2020-10-09 09:30:04.930,4.722,10000
2020-10-09 09:30:04.930,4.722,1000
2020-10-09 09:30:04.930,4.722,5000
2020-10-09 09:30:04.930,4.722,2000
2020-10-09 09:30:04.930,4.722,100
2020-10-09 09:30:04.930,4.722,400
2020-10-09 09:30:04.930,4.722,3000
2020-10-09 09:30:04.930,4.722,5800
2020-10-09 09:30:04.930,4.722,1000
2020-10-09 09:30:04.930,4.722,400
2020-10-09 09:30:04.930,4.722,5000
2020-10-09 09:30:04.930,4.722,100
2020-10-09 09:30:04.930,4.721,164600
2020-10-09 09:30:04.980,4.722,100
2020-10-09 09:30:04.980,4.721,9600
2020-10-09 09:30:04.980,4.722,2000
2020-10-09 09:30:04.980,4.722,10200
2020-10-09 09:30:04.980,4.722,10000
2020-10-09 09:30:04.980,4.722,10000
2020-10-09 09:30:04.980,4.722,100
2020-10-09 09:30:05.090,4.722,2000
2020-10-09 09:30:05.090,4.722,10700
2020-10-09 09:30:05.090,4.722,2000
2020-10-09 09:30:05.090,4.722,2000
2020-10-09 09:30:05.090,4.722,3500
2020-10-09 09:30:05.090,4.722,4500
2020-10-09 09:30:05.090,4.722,7500
2020-10-09 09:30:05.090,4.722,300
2020-10-09 09:30:05.090,4.722,1000
2020-10-09 09:30:05.090,4.722,1500
2020-10-09 09:30:05.090,4.722,500
2020-10-09 09:30:05.090,4.722,1500
2020-10-09 09:30:05.090,4.722,3500
2020-10-09 09:30:05.090,4.722,2900
2020-10-09 09:30:05.090,4.722,3000
2020-10-09 09:30:05.210,4.722,2000
2020-10-09 09:30:05.210,4.722,1000
2020-10-09 09:30:05.210,4.723,800
2020-10-09 09:30:05.210,4.723,1000
2020-10-09 09:30:05.210,4.723,400
2020-10-09 09:30:05.310,4.722,900
2020-10-09 09:30:05.310,4.723,16000
2020-10-09 09:30:05.310,4.722,1500
2020-10-09 09:30:05.310,4.722,3400
2020-10-09 09:30:05.310,4.722,4300
2020-10-09 09:30:05.310,4.722,145000
2020-10-09 09:30:05.310,4.722,3000
2020-10-09 09:30:05.310,4.722,40000
2020-10-09 09:30:05.310,4.722,2000
2020-10-09 09:30:05.310,4.722,500
2020-10-09 09:30:05.430,4.722,10300
2020-10-09 09:30:05.430,4.722,30000
2020-10-09 09:30:05.430,4.722,19500
2020-10-09 09:30:05.430,4.722,400
2020-10-09 09:30:05.560,4.722,200
2020-10-09 09:30:05.560,4.723,1000
2020-10-09 09:30:05.560,4.722,3300
2020-10-09 09:30:05.560,4.722,2100
2020-10-09 09:30:05.560,4.722,1000
2020-10-09 09:30:05.670,4.722,1000
2020-10-09 09:30:05.670,4.722,100
2020-10-09 09:30:05.670,4.722,1500
2020-10-09 09:30:05.670,4.722,900
2020-10-09 09:30:05.750,4.722,2000
2020-10-09 09:30:05.750,4.722,2000
2020-10-09 09:30:05.750,4.722,300
2020-10-09 09:30:05.750,4.722,3000
2020-10-09 09:30:05.750,4.722,6000
2020-10-09 09:30:05.750,4.722,2000
2020-10-09 09:30:05.750,4.722,1400
2020-10-09 09:30:05.750,4.722,600
2020-10-09 09:30:05.750,4.722,5500
2020-10-09 09:30:05.750,4.722,2600
2020-10-09 09:30:05.750,4.723,4000
2020-10-09 09:30:05.930,4.723,10000
2020-10-09 09:30:05.930,4.722,9000
2020-10-09 09:30:05.930,4.723,25000
2020-10-09 09:30:06.010,4.722,100
2020-10-09 09:30:06.010,4.722,2200
2020-10-09 09:30:06.010,4.722,200
2020-10-09 09:30:06.010,4.722,200
2020-10-09 09:30:06.010,4.722,20000
2020-10-09 09:30:06.010,4.722,200
2020-10-09 09:30:06.010,4.722,200
2020-10-09 09:30:06.010,4.722,300
2020-10-09 09:30:06.010,4.722,900
2020-10-09 09:30:06.060,4.722,600
2020-10-09 09:30:06.060,4.723,500
2020-10-09 09:30:06.060,4.722,1000
2020-10-09 09:30:06.120,4.722,500
2020-10-09 09:30:06.120,4.722,100
2020-10-09 09:30:06.120,4.722,4400
2020-10-09 09:30:06.120,4.722,5000
2020-10-09 09:30:06.120,4.722,5000
2020-10-09 09:30:06.170,4.722,1100
2020-10-09 09:30:06.170,4.722,9500
2020-10-09 09:30:06.170,4.722,2100
2020-10-09 09:30:06.170,4.722,200
2020-10-09 09:30:06.170,4.722,200
2020-10-09 09:30:06.170,4.722,3200
2020-10-09 09:30:06.170,4.722,5000
2020-10-09 09:30:06.170,4.722,3000
2020-10-09 09:30:06.170,4.722,15800
2020-10-09 09:30:06.170,4.722,2900
2020-10-09 09:30:06.260,4.723,49900
2020-10-09 09:30:06.260,4.723,10900
2020-10-09 09:30:06.260,4.723,3500
2020-10-09 09:30:06.260,4.723,10000
2020-10-09 09:30:06.260,4.723,1100
2020-10-09 09:30:06.260,4.723,8400
2020-10-09 09:30:06.260,4.723,50000
2020-10-09 09:30:06.260,4.723,100
2020-10-09 09:30:06.260,4.723,3000
2020-10-09 09:30:06.260,4.723,50000
2020-10-09 09:30:06.260,4.723,3500
2020-10-09 09:30:06.260,4.723,100000
2020-10-09 09:30:06.260,4.723,14000
2020-10-09 09:30:06.260,4.723,10600
2020-10-09 09:30:06.300,4.722,25000
2020-10-09 09:30:06.390,4.722,600
2020-10-09 09:30:06.390,4.723,1200
2020-10-09 09:30:06.430,4.723,11100
2020-10-09 09:30:06.430,4.723,5300
2020-10-09 09:30:06.430,4.723,1800
2020-10-09 09:30:06.430,4.723,7000
2020-10-09 09:30:06.430,4.723,22000
2020-10-09 09:30:06.430,4.723,5000
2020-10-09 09:30:06.430,4.723,8000
2020-10-09 09:30:06.430,4.723,1500
2020-10-09 09:30:06.430,4.723,5000
2020-10-09 09:30:06.430,4.723,5000
2020-10-09 09:30:06.430,4.723,800
2020-10-09 09:30:06.430,4.723,200
2020-10-09 09:30:06.430,4.723,500
2020-10-09 09:30:06.430,4.723,18900
2020-10-09 09:30:06.430,4.723,1000
2020-10-09 09:30:06.430,4.723,2700
2020-10-09 09:30:06.430,4.723,1100
2020-10-09 09:30:06.430,4.723,3000
2020-10-09 09:30:06.430,4.723,1000
2020-10-09 09:30:06.430,4.724,214100
2020-10-09 09:30:06.430,4.724,34000
2020-10-09 09:30:06.430,4.724,800
2020-10-09 09:30:06.430,4.724,1500
2020-10-09 09:30:06.430,4.724,300
2020-10-09 09:30:06.430,4.724,5000
2020-10-09 09:30:06.430,4.724,1000
2020-10-09 09:30:06.430,4.724,800
2020-10-09 09:30:06.430,4.724,7500
2020-10-09 09:30:06.430,4.724,400
2020-10-09 09:30:06.430,4.724,9200
2020-10-09 09:30:06.430,4.724,2500
2020-10-09 09:30:06.430,4.724,10000
2020-10-09 09:30:06.430,4.724,1600
2020-10-09 09:30:06.430,4.724,100000
2020-10-09 09:30:06.430,4.724,3500
2020-10-09 09:30:06.430,4.724,10000
2020-10-09 09:30:06.430,4.724,200
2020-10-09 09:30:06.430,4.724,3000
2020-10-09 09:30:06.430,4.724,1000
2020-10-09 09:30:06.430,4.724,14100
2020-10-09 09:30:06.430,4.725,9200
2020-10-09 09:30:06.430,4.725,500
2020-10-09 09:30:06.430,4.725,4000
2020-10-09 09:30:06.430,4.725,100
2020-10-09 09:30:06.430,4.725,10000
2020-10-09 09:30:06.430,4.725,3500
2020-10-09 09:30:06.430,4.725,100
2020-10-09 09:30:06.430,4.725,300
2020-10-09 09:30:06.430,4.725,100
2020-10-09 09:30:06.430,4.725,200
2020-10-09 09:30:06.430,4.725,2300
2020-10-09 09:30:06.430,4.725,6000
2020-10-09 09:30:06.430,4.725,4000
2020-10-09 09:30:06.430,4.725,20300
2020-10-09 09:30:06.430,4.725,5500
2020-10-09 09:30:06.430,4.725,300
2020-10-09 09:30:06.430,4.725,10000
2020-10-09 09:30:06.430,4.725,6000
2020-10-09 09:30:06.430,4.725,2900
2020-10-09 09:30:06.430,4.725,8300
2020-10-09 09:30:06.430,4.724,1000
2020-10-09 09:30:06.430,4.724,7000
2020-10-09 09:30:06.430,4.725,100
2020-10-09 09:30:06.430,4.725,200
2020-10-09 09:30:06.430,4.725,1000
2020-10-09 09:30:06.430,4.725,100
2020-10-09 09:30:06.430,4.725,300
2020-10-09 09:30:06.430,4.725,300
2020-10-09 09:30:06.430,4.725,200
2020-10-09 09:30:06.430,4.724,20000
2020-10-09 09:30:06.430,4.724,8200
2020-10-09 09:30:06.490,4.724,500
2020-10-09 09:30:06.490,4.725,900
2020-10-09 09:30:06.490,4.725,900
2020-10-09 09:30:06.490,4.724,34100
2020-10-09 09:30:06.490,4.724,1000
2020-10-09 09:30:06.490,4.722,14900
2020-10-09 09:30:06.600,4.723,200
2020-10-09 09:30:06.600,4.723,1000
2020-10-09 09:30:06.600,4.723,100
2020-10-09 09:30:06.600,4.723,600
2020-10-09 09:30:06.600,4.723,200
2020-10-09 09:30:06.600,4.723,100
2020-10-09 09:30:06.640,4.723,200
2020-10-09 09:30:06.640,4.723,1000
2020-10-09 09:30:06.640,4.722,100000
2020-10-09 09:30:06.640,4.723,100
2020-10-09 09:30:06.680,4.722,300
2020-10-09 09:30:06.750,4.722,1000
2020-10-09 09:30:06.780,4.723,96500
2020-10-09 09:30:06.780,4.725,800
2020-10-09 09:30:06.780,4.725,10000
2020-10-09 09:30:06.780,4.725,4000
2020-10-09 09:30:06.780,4.725,4000
2020-10-09 09:30:06.780,4.725,6000
2020-10-09 09:30:06.780,4.725,5000
2020-10-09 09:30:06.780,4.725,20000
2020-10-09 09:30:06.780,4.725,3000
2020-10-09 09:30:06.780,4.725,3000
2020-10-09 09:30:06.780,4.725,200
2020-10-09 09:30:06.780,4.725,5300
2020-10-09 09:30:06.780,4.725,2600
2020-10-09 09:30:06.780,4.725,2000
2020-10-09 09:30:06.780,4.725,300
2020-10-09 09:30:06.780,4.725,4000
2020-10-09 09:30:06.780,4.725,1000
2020-10-09 09:30:06.780,4.725,3500
2020-10-09 09:30:06.780,4.725,3000
2020-10-09 09:30:06.780,4.725,1000
2020-10-09 09:30:06.780,4.725,10000
2020-10-09 09:30:06.780,4.725,700
2020-10-09 09:30:06.780,4.725,15000
2020-10-09 09:30:06.780,4.725,2000
2020-10-09 09:30:06.780,4.725,20000
2020-10-09 09:30:06.780,4.725,200
2020-10-09 09:30:06.780,4.725,10000
2020-10-09 09:30:06.780,4.726,30000
2020-10-09 09:30:06.780,4.726,15000
2020-10-09 09:30:06.780,4.726,500
2020-10-09 09:30:06.780,4.726,2000
2020-10-09 09:30:06.780,4.726,26900
2020-10-09 09:30:06.780,4.726,7500
2020-10-09 09:30:06.780,4.722,100
2020-10-09 09:30:06.850,4.722,3000
2020-10-09 09:30:06.910,4.725,200
2020-10-09 09:30:06.910,4.722,20200
2020-10-09 09:30:07.010,4.722,1500
2020-10-09 09:30:07.110,4.722,5000
2020-10-09 09:30:07.240,4.726,2500
2020-10-09 09:30:07.240,4.726,400
2020-10-09 09:30:07.240,4.726,4000
2020-10-09 09:30:07.240,4.726,5000
2020-10-09 09:30:07.240,4.726,1000
2020-10-09 09:30:07.240,4.726,5000
2020-10-09 09:30:07.240,4.726,6900
2020-10-09 09:30:07.240,4.726,2500
2020-10-09 09:30:07.240,4.726,5000
2020-10-09 09:30:07.240,4.726,30000
2020-10-09 09:30:07.240,4.726,600
2020-10-09 09:30:07.240,4.726,10000
2020-10-09 09:30:07.240,4.726,200
2020-10-09 09:30:07.240,4.726,5000
2020-10-09 09:30:07.240,4.726,5000
2020-10-09 09:30:07.240,4.726,2500
2020-10-09 09:30:07.240,4.726,1000
2020-10-09 09:30:07.240,4.726,9800
2020-10-09 09:30:07.240,4.726,10000
2020-10-09 09:30:07.240,4.726,51000
2020-10-09 09:30:07.240,4.726,20000
2020-10-09 09:30:07.240,4.726,20000
2020-10-09 09:30:07.240,4.726,54600
2020-10-09 09:30:07.240,4.726,5000
2020-10-09 09:30:07.240,4.726,200
2020-10-09 09:30:07.240,4.726,2000
2020-10-09 09:30:07.240,4.726,3000
2020-10-09 09:30:07.240,4.726,1500
2020-10-09 09:30:07.240,4.726,10000
2020-10-09 09:30:07.240,4.726,4000
2020-10-09 09:30:07.240,4.726,2500
2020-10-09 09:30:07.240,4.726,3000
2020-10-09 09:30:07.240,4.726,3200
2020-10-09 09:30:07.240,4.726,10000
2020-10-09 09:30:07.240,4.726,18600
2020-10-09 09:30:07.270,4.724,1000
2020-10-09 09:30:07.310,4.724,4200
2020-10-09 09:30:07.310,4.724,1500
2020-10-09 09:30:07.500,4.724,1000
2020-10-09 09:30:07.500,4.724,800
2020-10-09 09:30:07.690,4.724,1000
2020-10-09 09:30:07.690,4.724,100
2020-10-09 09:30:07.850,4.724,97700
2020-10-09 09:30:07.850,4.724,2600
2020-10-09 09:30:07.850,4.726,8300
2020-10-09 09:30:07.850,4.724,5000
2020-10-09 09:30:07.940,4.724,8800
2020-10-09 09:30:07.940,4.724,4200
2020-10-09 09:30:08.010,4.724,100
2020-10-09 09:30:08.140,4.724,2000
2020-10-09 09:30:08.250,4.724,200
2020-10-09 09:30:08.350,4.725,200
2020-10-09 09:30:08.350,4.724,400
2020-10-09 09:30:08.350,4.724,500
2020-10-09 09:30:08.390,4.724,4200
2020-10-09 09:30:08.390,4.724,1000
2020-10-09 09:30:08.450,4.724,2000
2020-10-09 09:30:08.450,4.724,6600
2020-10-09 09:30:08.580,4.724,12600
2020-10-09 09:30:08.680,4.724,7000
2020-10-09 09:30:08.710,4.724,300
2020-10-09 09:30:08.840,4.724,2000
2020-10-09 09:30:08.900,4.724,5000
2020-10-09 09:30:08.970,4.724,100
2020-10-09 09:30:09.100,4.724,2000
2020-10-09 09:30:09.170,4.724,600
2020-10-09 09:30:09.170,4.724,2000
2020-10-09 09:30:09.240,4.724,600
2020-10-09 09:30:09.240,4.724,5000
2020-10-09 09:30:09.270,4.724,200
2020-10-09 09:30:09.270,4.724,11000
2020-10-09 09:30:09.340,4.724,1000
2020-10-09 09:30:09.410,4.726,23100
2020-10-09 09:30:09.410,4.726,3500
2020-10-09 09:30:09.410,4.726,3400
2020-10-09 09:30:09.410,4.726,30000
2020-10-09 09:30:09.440,4.725,3600
2020-10-09 09:30:09.480,4.726,16600
2020-10-09 09:30:09.480,4.726,10000
2020-10-09 09:30:09.480,4.726,200
2020-10-09 09:30:09.480,4.726,3200
2020-10-09 09:30:09.510,4.725,4200
2020-10-09 09:30:09.510,4.725,400
2020-10-09 09:30:09.610,4.725,4000
2020-10-09 09:30:09.680,4.725,2700
2020-10-09 09:30:09.710,4.725,10000
2020-10-09 09:30:09.740,4.725,300
2020-10-09 09:30:09.830,4.725,4800
2020-10-09 09:30:09.830,4.725,9300
2020-10-09 09:30:09.830,4.725,700
2020-10-09 09:30:09.920,4.725,200
2020-10-09 09:30:09.920,4.725,4000
2020-10-09 09:30:09.950,4.725,6000
2020-10-09 09:30:09.980,4.725,3100
2020-10-09 09:30:09.980,4.726,4800
2020-10-09 09:30:09.980,4.726,2000
2020-10-09 09:30:09.980,4.726,5000
2020-10-09 09:30:09.980,4.726,2000
2020-10-09 09:30:09.980,4.726,3000
2020-10-09 09:30:09.980,4.726,2800
2020-10-09 09:30:09.980,4.726,2000
2020-10-09 09:30:09.980,4.726,2000
2020-10-09 09:30:09.980,4.727,400
2020-10-09 09:30:10.010,4.725,100
2020-10-09 09:30:10.180,4.724,2600
2020-10-09 09:30:10.210,4.724,1000
2020-10-09 09:30:10.210,4.724,10000
2020-10-09 09:30:10.250,4.724,1000
2020-10-09 09:30:10.430,4.724,5000
2020-10-09 09:30:10.430,4.724,800
2020-10-09 09:30:10.430,4.724,500
2020-10-09 09:30:10.490,4.724,300
2020-10-09 09:30:10.520,4.727,7600
2020-10-09 09:30:10.520,4.727,400
2020-10-09 09:30:10.610,4.727,6600
2020-10-09 09:30:10.670,4.724,5000
2020-10-09 09:30:10.670,4.724,1500
2020-10-09 09:30:10.670,4.724,500
2020-10-09 09:30:10.670,4.724,50000
2020-10-09 09:30:10.730,4.725,5000
2020-10-09 09:30:10.790,4.725,300
2020-10-09 09:30:10.790,4.725,5900
2020-10-09 09:30:10.820,4.725,30000
2020-10-09 09:30:10.890,4.725,1000
2020-10-09 09:30:10.890,4.725,100
2020-10-09 09:30:10.950,4.725,3100
2020-10-09 09:30:10.950,4.725,3900
2020-10-09 09:30:10.980,4.725,3000
2020-10-09 09:30:11.010,4.725,400
2020-10-09 09:30:11.150,4.725,56900
2020-10-09 09:30:11.150,4.724,43100
2020-10-09 09:30:11.150,4.727,10000
2020-10-09 09:30:11.280,4.725,1200
2020-10-09 09:30:11.340,4.725,400
2020-10-09 09:30:11.370,4.725,17300
2020-10-09 09:30:11.470,4.725,800
2020-10-09 09:30:11.590,4.727,73700
2020-10-09 09:30:11.590,4.727,2000
2020-10-09 09:30:11.590,4.727,3000
2020-10-09 09:30:11.590,4.727,5000
2020-10-09 09:30:11.590,4.727,200
2020-10-09 09:30:11.590,4.727,5000
2020-10-09 09:30:11.590,4.727,3000
2020-10-09 09:30:11.590,4.727,7900
2020-10-09 09:30:11.680,4.727,1000
2020-10-09 09:30:11.710,4.727,400
2020-10-09 09:30:11.800,4.727,600
2020-10-09 09:30:11.860,4.727,3000
2020-10-09 09:30:11.890,4.727,1700
2020-10-09 09:30:11.890,4.727,2900
2020-10-09 09:30:12.220,4.725,5000
2020-10-09 09:30:12.380,4.725,4000
2020-10-09 09:30:12.470,4.725,400
2020-10-09 09:30:12.510,4.725,26000
2020-10-09 09:30:12.580,4.725,1000
2020-10-09 09:30:12.810,4.726,2000
2020-10-09 09:30:12.810,4.726,30000
2020-10-09 09:30:12.810,4.726,100
2020-10-09 09:30:12.830,4.726,5100
2020-10-09 09:30:12.830,4.726,2000
2020-10-09 09:30:13.020,4.726,700
2020-10-09 09:30:13.020,4.726,800
2020-10-09 09:30:13.320,4.726,12000
2020-10-09 09:30:13.320,4.727,700
2020-10-09 09:30:13.320,4.728,2300
2020-10-09 09:30:13.320,4.728,10000
2020-10-09 09:30:13.320,4.728,1000
2020-10-09 09:30:13.320,4.728,4000
2020-10-09 09:30:13.320,4.728,100
2020-10-09 09:30:13.320,4.728,500
2020-10-09 09:30:13.320,4.728,30600
2020-10-09 09:30:13.320,4.728,800
2020-10-09 09:30:13.390,4.728,700
2020-10-09 09:30:13.470,4.726,2500
2020-10-09 09:30:13.510,4.726,29000
2020-10-09 09:30:13.590,4.726,9000
2020-10-09 09:30:13.590,4.726,3000
2020-10-09 09:30:13.620,4.726,10000
2020-10-09 09:30:13.680,4.728,1400
2020-10-09 09:30:13.680,4.728,38600
2020-10-09 09:30:13.710,4.726,3000
2020-10-09 09:30:13.840,4.726,3000
2020-10-09 09:30:13.890,4.728,600
2020-10-09 09:30:13.890,4.726,11200
2020-10-09 09:30:13.890,4.726,4000
2020-10-09 09:30:14.010,4.726,400
2020-10-09 09:30:14.250,4.727,1300
2020-10-09 09:30:14.250,4.727,5000
2020-10-09 09:30:14.290,4.727,200
2020-10-09 09:30:14.400,4.727,200
2020-10-09 09:30:14.400,4.727,28900
2020-10-09 09:30:14.400,4.727,4000
2020-10-09 09:30:14.590,4.727,4000
2020-10-09 09:30:14.590,4.727,4000
2020-10-09 09:30:14.590,4.727,300
2020-10-09 09:30:14.640,4.727,6000
2020-10-09 09:30:14.640,4.728,10000
2020-10-09 09:30:14.670,4.727,2000
2020-10-09 09:30:14.760,4.727,5100
2020-10-09 09:30:14.790,4.727,10000
2020-10-09 09:30:14.790,4.727,600
2020-10-09 09:30:14.860,4.727,2000
2020-10-09 09:30:14.860,4.727,6000
2020-10-09 09:30:14.860,4.727,1500
2020-10-09 09:30:14.860,4.727,15700
2020-10-09 09:30:14.920,4.727,8000
2020-10-09 09:30:14.950,4.727,3000
2020-10-09 09:30:14.950,4.727,1100
2020-10-09 09:30:15.010,4.727,1500
2020-10-09 09:30:15.080,4.727,40000
2020-10-09 09:30:15.080,4.727,200
2020-10-09 09:30:15.180,4.727,1800
2020-10-09 09:30:15.180,4.727,2500
2020-10-09 09:30:15.220,4.727,100
2020-10-09 09:30:15.220,4.727,100
2020-10-09 09:30:15.420,4.727,2500
2020-10-09 09:30:15.700,4.728,50800
2020-10-09 09:30:15.700,4.728,8000
2020-10-09 09:30:15.700,4.728,2500
2020-10-09 09:30:15.700,4.728,10000
2020-10-09 09:30:15.700,4.728,500
2020-10-09 09:30:15.700,4.728,2500
2020-10-09 09:30:15.700,4.728,3000
2020-10-09 09:30:15.700,4.728,10000
2020-10-09 09:30:15.700,4.728,8700
2020-10-09 09:30:15.700,4.728,4000
2020-10-09 09:30:15.700,4.728,1000
2020-10-09 09:30:15.700,4.728,200
2020-10-09 09:30:15.700,4.728,31200
2020-10-09 09:30:15.700,4.728,600
2020-10-09 09:30:15.700,4.728,2000
2020-10-09 09:30:15.700,4.728,10000
2020-10-09 09:30:15.700,4.728,15000
2020-10-09 09:30:15.700,4.728,15000
2020-10-09 09:30:15.700,4.728,5800
2020-10-09 09:30:15.700,4.728,1000
2020-10-09 09:30:15.700,4.728,20000
2020-10-09 09:30:15.700,4.728,5000
2020-10-09 09:30:15.700,4.728,1000
2020-10-09 09:30:15.700,4.728,5000
2020-10-09 09:30:15.700,4.728,37200
2020-10-09 09:30:15.700,4.728,2800
2020-10-09 09:30:15.700,4.728,75000
2020-10-09 09:30:15.700,4.728,2200
2020-10-09 09:30:15.700,4.728,9700
2020-10-09 09:30:15.700,4.728,4100
2020-10-09 09:30:15.700,4.728,3000
2020-10-09 09:30:15.700,4.728,40000
2020-10-09 09:30:15.700,4.728,300
2020-10-09 09:30:15.700,4.728,42900
2020-10-09 09:30:15.730,4.728,600
2020-10-09 09:30:15.730,4.727,500
2020-10-09 09:30:15.810,4.727,20000
2020-10-09 09:30:15.900,4.727,2000
2020-10-09 09:30:15.900,4.727,7000
2020-10-09 09:30:16.040,4.727,3500
2020-10-09 09:30:16.040,4.727,600
2020-10-09 09:30:16.100,4.727,10000
2020-10-09 09:30:16.130,4.727,19400
2020-10-09 09:30:16.130,4.726,600
2020-10-09 09:30:16.340,4.726,9100
2020-10-09 09:30:16.340,4.726,10000
2020-10-09 09:30:16.340,4.728,56500
2020-10-09 09:30:16.340,4.728,30000
2020-10-09 09:30:16.340,4.728,200
2020-10-09 09:30:16.340,4.728,10400
2020-10-09 09:30:16.340,4.728,3000
2020-10-09 09:30:16.340,4.728,5100
2020-10-09 09:30:16.340,4.728,5100
2020-10-09 09:30:16.340,4.728,4000
2020-10-09 09:30:16.340,4.729,3000
2020-10-09 09:30:16.340,4.729,1100
2020-10-09 09:30:16.340,4.729,6500
2020-10-09 09:30:16.340,4.729,400
2020-10-09 09:30:16.340,4.729,5000
2020-10-09 09:30:16.340,4.729,100000
2020-10-09 09:30:16.340,4.729,7000
2020-10-09 09:30:16.340,4.729,10000
2020-10-09 09:30:16.340,4.729,7800
2020-10-09 09:30:16.340,4.729,20000
2020-10-09 09:30:16.340,4.729,700
2020-10-09 09:30:16.340,4.729,24200
2020-10-09 09:30:16.430,4.726,200
2020-10-09 09:30:17.020,4.726,5000
2020-10-09 09:30:17.070,4.726,8000
2020-10-09 09:30:17.160,4.726,2300
2020-10-09 09:30:17.310,4.726,15000
2020-10-09 09:30:17.460,4.727,4100
2020-10-09 09:30:17.460,4.727,3000
2020-10-09 09:30:17.480,4.727,1100
2020-10-09 09:30:17.540,4.727,4000
2020-10-09 09:30:17.580,4.727,2100
2020-10-09 09:30:17.610,4.727,2000
2020-10-09 09:30:17.610,4.727,2000
2020-10-09 09:30:17.670,4.727,1500
2020-10-09 09:30:17.750,4.726,4000
2020-10-09 09:30:17.900,4.726,18000
2020-10-09 09:30:17.900,4.726,5000
2020-10-09 09:30:17.900,4.726,30000
2020-10-09 09:30:17.900,4.725,46300
2020-10-09 09:30:18.010,4.725,1400
2020-10-09 09:30:18.040,4.725,1500
2020-10-09 09:30:18.220,4.727,500
2020-10-09 09:30:18.370,4.727,23100
2020-10-09 09:30:18.470,4.727,3000
2020-10-09 09:30:18.590,4.727,300
2020-10-09 09:30:18.590,4.728,700
2020-10-09 09:30:18.710,4.727,1100
2020-10-09 09:30:18.740,4.727,2000
2020-10-09 09:30:18.850,4.726,2000
2020-10-09 09:30:18.880,4.726,4000
2020-10-09 09:30:19.540,4.725,10000
2020-10-09 09:30:19.540,4.727,10000
2020-10-09 09:30:19.570,4.725,15800
2020-10-09 09:30:19.600,4.725,4000
2020-10-09 09:30:19.630,4.725,200
2020-10-09 09:30:19.630,4.724,2800
2020-10-09 09:30:19.650,4.724,3000
2020-10-09 09:30:19.680,4.724,1000
2020-10-09 09:30:19.740,4.724,2000
2020-10-09 09:30:19.740,4.724,2000
2020-10-09 09:30:19.950,4.724,1000
2020-10-09 09:30:19.950,4.724,27000
2020-10-09 09:30:19.950,4.724,10200
2020-10-09 09:30:20.150,4.723,20000
2020-10-09 09:30:20.180,4.724,30000
2020-10-09 09:30:20.230,4.725,5000
2020-10-09 09:30:20.230,4.725,6700
2020-10-09 09:30:20.230,4.725,2000
2020-10-09 09:30:20.230,4.725,200
2020-10-09 09:30:20.230,4.727,16100
2020-10-09 09:30:20.260,4.726,24000
2020-10-09 09:30:20.540,4.723,6700
2020-10-09 09:30:20.590,4.723,3000
2020-10-09 09:30:20.890,4.725,1000
2020-10-09 09:30:20.920,4.723,300
2020-10-09 09:30:21.040,4.723,1100
2020-10-09 09:30:21.240,4.724,800
2020-10-09 09:30:21.240,4.725,9000
2020-10-09 09:30:21.240,4.725,200
2020-10-09 09:30:21.370,4.724,1000
2020-10-09 09:30:22.110,4.723,3000
2020-10-09 09:30:22.260,4.724,2000
2020-10-09 09:30:22.260,4.724,6000
2020-10-09 09:30:22.260,4.724,1000
2020-10-09 09:30:22.340,4.724,3000
2020-10-09 09:30:23.200,4.724,100
2020-10-09 09:30:23.280,4.724,1000
2020-10-09 09:30:23.490,4.725,300
2020-10-09 09:30:23.490,4.725,100
2020-10-09 09:30:23.490,4.725,6600
2020-10-09 09:30:23.490,4.725,1000
2020-10-09 09:30:23.560,4.724,4000
2020-10-09 09:30:23.700,4.724,20000
2020-10-09 09:30:23.750,4.724,11000
2020-10-09 09:30:23.970,4.725,3000
2020-10-09 09:30:23.970,4.725,10000
2020-10-09 09:30:23.970,4.725,500
2020-10-09 09:30:23.970,4.725,2200
2020-10-09 09:30:23.970,4.725,3000
2020-10-09 09:30:23.970,4.725,10000
2020-10-09 09:30:23.970,4.725,5000
2020-10-09 09:30:23.970,4.725,1000
2020-10-09 09:30:23.970,4.725,500
2020-10-09 09:30:23.970,4.725,2000
2020-10-09 09:30:23.970,4.726,1000
2020-10-09 09:30:23.970,4.727,3900
2020-10-09 09:30:24.210,4.727,100
2020-10-09 09:30:24.210,4.727,5000
2020-10-09 09:30:24.210,4.727,54900
2020-10-09 09:30:24.210,4.727,100000
2020-10-09 09:30:24.210,4.727,20000
2020-10-09 09:30:24.210,4.727,10000
2020-10-09 09:30:24.210,4.727,80000
2020-10-09 09:30:24.210,4.727,20000
2020-10-09 09:30:24.500,4.724,10000
2020-10-09 09:30:24.540,4.725,200
2020-10-09 09:30:24.540,4.727,4800
2020-10-09 09:30:24.540,4.724,2300
2020-10-09 09:30:24.910,4.727,100
2020-10-09 09:30:24.930,4.727,14300
2020-10-09 09:30:24.960,4.726,1000
2020-10-09 09:30:25.180,4.727,400
2020-10-09 09:30:25.380,4.727,5000
2020-10-09 09:30:25.380,4.727,8000
2020-10-09 09:30:25.380,4.726,30000
2020-10-09 09:30:25.470,4.726,4500
2020-10-09 09:30:25.610,4.727,61700
2020-10-09 09:30:25.670,4.727,600000
2020-10-09 09:30:25.700,4.726,1000
2020-10-09 09:30:25.750,4.726,263500
2020-10-09 09:30:25.950,4.726,6600
2020-10-09 09:30:26.390,4.725,4600
2020-10-09 09:30:26.600,4.727,20800
2020-10-09 09:30:26.600,4.727,2200
2020-10-09 09:30:26.600,4.727,1500
2020-10-09 09:30:26.600,4.727,5100
2020-10-09 09:30:26.600,4.727,5000
2020-10-09 09:30:26.600,4.727,5100
2020-10-09 09:30:26.600,4.727,200
2020-10-09 09:30:26.600,4.727,2000
2020-10-09 09:30:26.600,4.727,1400
2020-10-09 09:30:26.600,4.727,20000
2020-10-09 09:30:26.600,4.727,5100
2020-10-09 09:30:26.600,4.727,3000
2020-10-09 09:30:26.600,4.727,200000
2020-10-09 09:30:26.600,4.727,2000
2020-10-09 09:30:26.600,4.727,2000
2020-10-09 09:30:26.600,4.727,1000
2020-10-09 09:30:26.600,4.727,500
2020-10-09 09:30:26.600,4.727,2000
2020-10-09 09:30:26.600,4.727,2000
2020-10-09 09:30:26.600,4.727,44000
2020-10-09 09:30:26.600,4.727,5000
2020-10-09 09:30:26.600,4.727,3100
2020-10-09 09:30:26.600,4.727,50000
2020-10-09 09:30:26.600,4.727,1000
2020-10-09 09:30:26.600,4.727,10000
2020-10-09 09:30:26.720,4.727,43000
2020-10-09 09:30:26.720,4.728,400
2020-10-09 09:30:26.720,4.728,200
2020-10-09 09:30:26.720,4.728,200
2020-10-09 09:30:26.720,4.728,200
2020-10-09 09:30:26.720,4.728,200
2020-10-09 09:30:26.720,4.728,200
2020-10-09 09:30:26.720,4.728,50000
2020-10-09 09:30:26.720,4.728,10000
2020-10-09 09:30:26.720,4.728,5000
2020-10-09 09:30:26.720,4.728,10000
2020-10-09 09:30:26.720,4.728,6200
2020-10-09 09:30:26.720,4.728,5500
2020-10-09 09:30:26.720,4.728,2000
2020-10-09 09:30:26.720,4.728,5300
2020-10-09 09:30:26.720,4.728,1000
2020-10-09 09:30:26.720,4.729,475800
2020-10-09 09:30:26.720,4.729,5000
2020-10-09 09:30:26.720,4.729,22800
2020-10-09 09:30:26.880,4.727,9600
2020-10-09 09:30:26.910,4.727,10000
2020-10-09 09:30:26.940,4.727,10000
2020-10-09 09:30:26.970,4.727,2100
2020-10-09 09:30:27.090,4.727,1000
2020-10-09 09:30:27.150,4.727,7000
2020-10-09 09:30:27.180,4.727,3700
2020-10-09 09:30:27.280,4.727,2000
2020-10-09 09:30:27.280,4.727,8000
2020-10-09 09:30:27.340,4.727,20000
2020-10-09 09:30:27.540,4.728,50000
2020-10-09 09:30:27.600,4.728,20000
2020-10-09 09:30:27.690,4.728,6700
2020-10-09 09:30:27.720,4.728,2400
2020-10-09 09:30:28.160,4.728,5100
2020-10-09 09:30:28.190,4.728,1000
2020-10-09 09:30:28.190,4.728,5000
2020-10-09 09:30:28.250,4.728,1100
2020-10-09 09:30:28.390,4.728,12300
2020-10-09 09:30:28.390,4.728,13000
2020-10-09 09:30:28.420,4.728,20000
2020-10-09 09:30:28.550,4.728,15000
2020-10-09 09:30:28.550,4.729,700
2020-10-09 09:30:28.550,4.729,5000
2020-10-09 09:30:28.550,4.729,20000
2020-10-09 09:30:28.550,4.729,1000
2020-10-09 09:30:28.550,4.729,500
2020-10-09 09:30:28.550,4.729,900
2020-10-09 09:30:28.550,4.729,1100
2020-10-09 09:30:28.550,4.729,10000
2020-10-09 09:30:28.550,4.729,2000
2020-10-09 09:30:28.550,4.729,500
2020-10-09 09:30:28.550,4.729,20000
2020-10-09 09:30:28.550,4.729,28300
2020-10-09 09:30:28.600,4.729,121700
2020-10-09 09:30:28.600,4.729,5000
2020-10-09 09:30:28.600,4.729,10000
2020-10-09 09:30:28.600,4.729,6000
2020-10-09 09:30:28.600,4.729,50000
2020-10-09 09:30:28.600,4.729,1000
2020-10-09 09:30:28.600,4.729,2000
2020-10-09 09:30:28.600,4.729,50000
2020-10-09 09:30:28.600,4.729,5000
2020-10-09 09:30:28.600,4.729,3000
2020-10-09 09:30:28.600,4.729,900
2020-10-09 09:30:28.600,4.729,2000
2020-10-09 09:30:28.600,4.729,1000
2020-10-09 09:30:28.600,4.729,7500
2020-10-09 09:30:28.600,4.729,7500
2020-10-09 09:30:28.600,4.729,2000
2020-10-09 09:30:28.600,4.729,2000
2020-10-09 09:30:28.600,4.729,7800
2020-10-09 09:30:28.600,4.729,15000
2020-10-09 09:30:28.600,4.729,2000
2020-10-09 09:30:28.710,4.729,5000
2020-10-09 09:30:29.180,4.729,500
2020-10-09 09:30:29.240,4.729,15000
2020-10-09 09:30:29.290,4.729,1000
2020-10-09 09:30:29.400,4.729,5000
2020-10-09 09:30:29.400,4.729,2200
2020-10-09 09:30:29.500,4.729,2500
2020-10-09 09:30:29.500,4.729,5000
2020-10-09 09:30:29.550,4.729,10000
2020-10-09 09:30:29.550,4.729,1000
2020-10-09 09:30:29.640,4.729,1000
2020-10-09 09:30:29.640,4.729,20000
2020-10-09 09:30:29.910,4.729,10000
2020-10-09 09:30:29.910,4.729,2100
2020-10-09 09:30:30.080,4.729,5000
2020-10-09 09:30:30.140,4.73,500
2020-10-09 09:30:30.140,4.73,100
2020-10-09 09:30:30.140,4.73,6000
2020-10-09 09:30:30.140,4.73,6000
2020-10-09 09:30:30.140,4.73,500
2020-10-09 09:30:30.140,4.73,3000
2020-10-09 09:30:30.140,4.73,400
2020-10-09 09:30:30.140,4.73,3500
2020-10-09 09:30:30.300,4.73,500
2020-10-09 09:30:30.300,4.73,100
2020-10-09 09:30:30.300,4.73,200
2020-10-09 09:30:30.300,4.73,100
2020-10-09 09:30:30.300,4.729,500
2020-10-09 09:30:30.610,4.729,600
2020-10-09 09:30:30.640,4.729,10800
2020-10-09 09:30:30.720,4.73,1900
2020-10-09 09:30:30.720,4.73,200
2020-10-09 09:30:30.810,4.729,3000
2020-10-09 09:30:30.860,4.729,198400
2020-10-09 09:30:30.860,4.728,333400
2020-10-09 09:30:30.860,4.727,389600
2020-10-09 09:30:30.860,4.727,20800
2020-10-09 09:30:30.860,4.727,20100
2020-10-09 09:30:30.860,4.727,100
2020-10-09 09:30:30.860,4.727,200
2020-10-09 09:30:31.340,4.725,1600
2020-10-09 09:30:31.340,4.725,300
2020-10-09 09:30:31.340,4.724,58100
2020-10-09 09:30:31.400,4.724,200000
2020-10-09 09:30:31.610,4.726,5000
2020-10-09 09:30:31.610,4.727,37400
2020-10-09 09:30:31.610,4.727,1100
2020-10-09 09:30:31.610,4.727,300
2020-10-09 09:30:31.610,4.727,10700
2020-10-09 09:30:31.640,4.728,3000
2020-10-09 09:30:31.990,4.728,200
2020-10-09 09:30:32.110,4.728,1500
2020-10-09 09:30:32.260,4.728,4500
2020-10-09 09:30:32.260,4.728,2000
2020-10-09 09:30:32.320,4.728,3100
2020-10-09 09:30:32.490,4.728,2000
2020-10-09 09:30:32.910,4.726,2000
2020-10-09 09:30:33.070,4.726,14000
2020-10-09 09:30:33.300,4.726,2000
2020-10-09 09:30:33.510,4.726,10000
2020-10-09 09:30:33.510,4.726,300
2020-10-09 09:30:33.660,4.727,3000
2020-10-09 09:30:33.660,4.727,1000
2020-10-09 09:30:33.660,4.728,10900
2020-10-09 09:30:33.860,4.728,2000
2020-10-09 09:30:34.220,4.728,400
2020-10-09 09:30:34.220,4.728,100
2020-10-09 09:30:34.260,4.729,4100
2020-10-09 09:30:34.340,4.728,3800
2020-10-09 09:30:34.370,4.728,5300
2020-10-09 09:30:34.370,4.726,1300
2020-10-09 09:30:34.460,4.729,100
2020-10-09 09:30:34.650,4.727,6000
2020-10-09 09:30:34.650,4.727,158900
2020-10-09 09:30:35.040,4.727,2000
2020-10-09 09:30:35.190,4.727,100000
2020-10-09 09:30:35.320,4.729,5800
2020-10-09 09:30:35.320,4.729,2000
2020-10-09 09:30:35.320,4.729,2000
2020-10-09 09:30:35.320,4.729,22000
2020-10-09 09:30:35.320,4.729,1000
2020-10-09 09:30:35.320,4.729,1000
2020-10-09 09:30:35.320,4.729,100
2020-10-09 09:30:35.320,4.729,1100
2020-10-09 09:30:35.320,4.73,36500
2020-10-09 09:30:35.680,4.728,315000
2020-10-09 09:30:35.980,4.728,4400
2020-10-09 09:30:35.980,4.728,5000
2020-10-09 09:30:36.340,4.728,1100
2020-10-09 09:30:36.380,4.728,47200
2020-10-09 09:30:37.330,4.727,2700
2020-10-09 09:30:37.330,4.727,2300
2020-10-09 09:30:37.350,4.727,2000
2020-10-09 09:30:37.410,4.728,1000
2020-10-09 09:30:37.410,4.729,500
2020-10-09 09:30:37.840,4.729,500
2020-10-09 09:30:38.070,4.727,400
2020-10-09 09:30:38.600,4.726,300
2020-10-09 09:30:38.600,4.727,1700
2020-10-09 09:30:38.600,4.727,4900
2020-10-09 09:30:38.600,4.728,2500
2020-10-09 09:30:38.600,4.729,9000
2020-10-09 09:30:38.600,4.729,400
2020-10-09 09:30:38.600,4.729,5100
2020-10-09 09:30:38.600,4.729,2900
2020-10-09 09:30:38.840,4.724,2900
2020-10-09 09:30:39.750,4.726,200
2020-10-09 09:30:39.820,4.726,600
2020-10-09 09:30:39.910,4.725,20000
2020-10-09 09:30:40.060,4.726,1200
2020-10-09 09:30:40.060,4.727,8800
2020-10-09 09:30:40.500,4.725,3900
2020-10-09 09:30:40.500,4.724,1100
2020-10-09 09:30:40.690,4.724,500
2020-10-09 09:30:40.820,4.724,1500
2020-10-09 09:30:40.820,4.724,3600
2020-10-09 09:30:40.910,4.726,1000
2020-10-09 09:30:41.590,4.725,60000
2020-10-09 09:30:41.620,4.724,100000
2020-10-09 09:30:41.710,4.724,600
2020-10-09 09:30:41.710,4.724,1000
2020-10-09 09:30:41.820,4.724,2000
2020-10-09 09:30:41.980,4.724,200
2020-10-09 09:30:42.190,4.725,70000
2020-10-09 09:30:42.220,4.725,400
2020-10-09 09:30:42.280,4.725,2100
2020-10-09 09:30:42.510,4.724,100
2020-10-09 09:30:42.510,4.725,100
2020-10-09 09:30:42.510,4.725,5000
2020-10-09 09:30:42.600,4.725,20000
2020-10-09 09:30:42.720,4.725,10900
2020-10-09 09:30:43.190,4.725,6000
2020-10-09 09:30:43.190,4.726,1800
2020-10-09 09:30:43.190,4.726,7900
2020-10-09 09:30:43.190,4.726,10000
2020-10-09 09:30:43.190,4.726,2600
2020-10-09 09:30:43.190,4.726,1700
2020-10-09 09:30:43.250,4.724,33700
2020-10-09 09:30:43.250,4.724,100
2020-10-09 09:30:43.250,4.724,1000
2020-10-09 09:30:43.250,4.724,5100
2020-10-09 09:30:43.490,4.723,100
2020-10-09 09:30:43.490,4.723,5000
2020-10-09 09:30:43.490,4.723,200
2020-10-09 09:30:43.490,4.723,17700
2020-10-09 09:30:43.590,4.723,1800
2020-10-09 09:30:43.590,4.724,60000
2020-10-09 09:30:43.650,4.723,400
2020-10-09 09:30:44.200,4.722,500
2020-10-09 09:30:44.200,4.722,200
2020-10-09 09:30:44.200,4.722,200
2020-10-09 09:30:44.200,4.722,100
2020-10-09 09:30:44.200,4.722,100
2020-10-09 09:30:44.200,4.722,500
2020-10-09 09:30:44.200,4.722,100
2020-10-09 09:30:44.200,4.722,800
2020-10-09 09:30:44.410,4.724,1000
2020-10-09 09:30:44.410,4.724,40000
2020-10-09 09:30:44.410,4.724,59000
2020-10-09 09:30:44.570,4.724,60000
2020-10-09 09:30:44.860,4.724,5000
2020-10-09 09:30:45.510,4.724,5300
2020-10-09 09:30:46.740,4.724,200
2020-10-09 09:30:46.740,4.724,100
2020-10-09 09:30:46.740,4.724,1700
2020-10-09 09:30:46.880,4.723,6000
2020-10-09 09:30:47.760,4.723,10000
2020-10-09 09:30:47.830,4.724,2000
2020-10-09 09:30:48.070,4.723,7000
2020-10-09 09:30:48.160,4.724,600
2020-10-09 09:30:48.380,4.723,1800
2020-10-09 09:30:48.380,4.724,3500
2020-10-09 09:30:48.380,4.724,10000
2020-10-09 09:30:48.380,4.724,3200
2020-10-09 09:30:48.380,4.724,7000
2020-10-09 09:30:48.380,4.724,1000
2020-10-09 09:30:48.380,4.724,3500
2020-10-09 09:30:48.380,4.724,1000
2020-10-09 09:30:48.380,4.724,1200
2020-10-09 09:30:48.380,4.724,500
2020-10-09 09:30:48.380,4.724,400
2020-10-09 09:30:48.380,4.724,6000
2020-10-09 09:30:48.380,4.725,9800
2020-10-09 09:30:48.910,4.724,500
2020-10-09 09:30:48.930,4.723,500
2020-10-09 09:30:49.100,4.723,10000
2020-10-09 09:30:49.150,4.723,24700
2020-10-09 09:30:49.650,4.723,100
2020-10-09 09:30:49.820,4.722,5000
2020-10-09 09:30:49.890,4.723,8600
2020-10-09 09:30:50.000,4.722,2000
2020-10-09 09:30:50.070,4.722,3100
2020-10-09 09:30:50.070,4.723,9500
2020-10-09 09:30:50.070,4.724,500
2020-10-09 09:30:50.350,4.723,10000
2020-10-09 09:30:50.540,4.723,5000
2020-10-09 09:30:50.660,4.723,3500
2020-10-09 09:30:50.750,4.723,13700
2020-10-09 09:30:50.820,4.723,8000
2020-10-09 09:30:51.080,4.723,2200
2020-10-09 09:30:51.290,4.724,2000
2020-10-09 09:30:51.290,4.724,500
2020-10-09 09:30:51.290,4.724,200
2020-10-09 09:30:51.290,4.724,5000
2020-10-09 09:30:51.290,4.724,1200
2020-10-09 09:30:51.290,4.724,1100
2020-10-09 09:30:51.380,4.724,1900
2020-10-09 09:30:51.380,4.724,200
2020-10-09 09:30:51.490,4.723,300
2020-10-09 09:30:51.520,4.723,7800
2020-10-09 09:30:51.660,4.723,600
2020-10-09 09:30:51.780,4.724,1000
2020-10-09 09:30:51.820,4.723,10000
2020-10-09 09:30:52.380,4.723,700
2020-10-09 09:30:52.410,4.723,70000
2020-10-09 09:30:52.590,4.724,200
2020-10-09 09:30:52.590,4.723,2100
2020-10-09 09:30:52.630,4.723,16600
2020-10-09 09:30:52.630,4.723,5000
2020-10-09 09:30:52.630,4.723,38400
2020-10-09 09:30:52.910,4.723,100
2020-10-09 09:30:53.060,4.723,10000
2020-10-09 09:30:53.150,4.723,11500
2020-10-09 09:30:53.150,4.722,20000
2020-10-09 09:30:53.760,4.722,7000
2020-10-09 09:30:53.890,4.722,1000
2020-10-09 09:30:54.310,4.722,2000
2020-10-09 09:30:54.760,4.723,2000
2020-10-09 09:30:54.760,4.723,400
2020-10-09 09:30:54.760,4.724,100
2020-10-09 09:30:55.600,4.722,30000
2020-10-09 09:30:56.230,4.722,267300
2020-10-09 09:30:56.230,4.722,2000
2020-10-09 09:30:56.230,4.722,400
2020-10-09 09:30:56.230,4.722,10600
2020-10-09 09:30:56.230,4.722,10000
2020-10-09 09:30:56.230,4.722,1100
2020-10-09 09:30:56.230,4.722,8600
2020-10-09 09:30:56.450,4.722,15300
2020-10-09 09:30:56.760,4.722,47900
2020-10-09 09:30:56.760,4.722,12200
2020-10-09 09:30:56.760,4.722,100
2020-10-09 09:30:56.760,4.722,2300
2020-10-09 09:30:56.760,4.722,200
2020-10-09 09:30:56.760,4.722,60000
2020-10-09 09:30:56.760,4.722,100
2020-10-09 09:30:57.370,4.721,50700
2020-10-09 09:30:57.370,4.721,100
2020-10-09 09:30:57.370,4.721,200
2020-10-09 09:30:57.370,4.721,2000
2020-10-09 09:30:57.370,4.721,10000
2020-10-09 09:30:57.370,4.721,300
2020-10-09 09:30:57.370,4.721,100
2020-10-09 09:30:57.370,4.721,600
2020-10-09 09:30:57.560,4.722,60000
2020-10-09 09:30:57.820,4.721,2800
2020-10-09 09:30:57.820,4.721,20000
2020-10-09 09:30:57.820,4.721,1000
2020-10-09 09:30:57.820,4.721,100
2020-10-09 09:30:57.820,4.721,300
2020-10-09 09:30:57.820,4.721,100
2020-10-09 09:30:57.820,4.721,2100
2020-10-09 09:30:57.820,4.721,100
2020-10-09 09:30:57.820,4.721,11000
2020-10-09 09:30:57.820,4.721,100
2020-10-09 09:30:57.820,4.721,12400
2020-10-09 09:30:57.960,4.722,200
2020-10-09 09:30:58.080,4.721,1100
2020-10-09 09:30:58.180,4.721,2100
2020-10-09 09:30:58.180,4.721,3000
2020-10-09 09:30:58.550,4.722,25600
2020-10-09 09:30:58.550,4.722,34400
2020-10-09 09:30:58.680,4.721,2000
2020-10-09 09:30:58.840,4.721,50000
2020-10-09 09:30:58.990,4.721,29300
2020-10-09 09:30:58.990,4.721,100
2020-10-09 09:30:58.990,4.721,200
2020-10-09 09:30:58.990,4.721,100
2020-10-09 09:30:58.990,4.721,500
2020-10-09 09:30:58.990,4.721,400
2020-10-09 09:30:58.990,4.721,5000
2020-10-09 09:30:58.990,4.721,4000
2020-10-09 09:30:58.990,4.721,2000
2020-10-09 09:30:58.990,4.721,200
2020-10-09 09:30:58.990,4.721,200
2020-10-09 09:30:58.990,4.721,100
2020-10-09 09:30:58.990,4.721,3000
2020-10-09 09:30:58.990,4.721,100
2020-10-09 09:30:58.990,4.721,4300
2020-10-09 09:30:58.990,4.721,100
2020-10-09 09:30:58.990,4.721,21300
2020-10-09 09:30:58.990,4.721,1000
2020-10-09 09:30:58.990,4.721,1000
2020-10-09 09:30:58.990,4.721,12400
2020-10-09 09:30:58.990,4.721,600
2020-10-09 09:30:58.990,4.721,1000
2020-10-09 09:30:58.990,4.721,13000
2020-10-09 09:30:59.350,4.721,100
2020-10-09 09:30:59.560,4.721,26800
2020-10-09 09:30:59.560,4.721,1400
2020-10-09 09:30:59.770,4.72,200
2020-10-09 09:30:59.770,4.72,4000
2020-10-09 09:30:59.770,4.72,1800
2020-10-09 09:31:00.120,4.721,78600
2020-10-09 09:31:00.120,4.721,7500
2020-10-09 09:31:00.120,4.721,1000
2020-10-09 09:31:00.150,4.721,1300
2020-10-09 09:31:00.270,4.721,10000
2020-10-09 09:31:00.310,4.721,5000
2020-10-09 09:31:00.340,4.722,5000
2020-10-09 09:31:00.340,4.722,6100
2020-10-09 09:31:00.340,4.722,3000
2020-10-09 09:31:00.340,4.722,500
2020-10-09 09:31:00.340,4.722,1000
2020-10-09 09:31:00.340,4.722,2400
2020-10-09 09:31:00.340,4.722,2000
2020-10-09 09:31:00.340,4.722,2500
2020-10-09 09:31:00.430,4.721,10000
2020-10-09 09:31:00.620,4.722,10000
2020-10-09 09:31:00.620,4.722,2500
2020-10-09 09:31:00.620,4.722,200
2020-10-09 09:31:00.620,4.723,6700
2020-10-09 09:31:00.620,4.723,3000
2020-10-09 09:31:00.620,4.723,5000
2020-10-09 09:31:00.620,4.723,200
2020-10-09 09:31:00.620,4.723,100
2020-10-09 09:31:00.620,4.723,3000
2020-10-09 09:31:00.620,4.723,100
2020-10-09 09:31:00.620,4.723,6000
2020-10-09 09:31:00.620,4.723,11500
2020-10-09 09:31:00.620,4.723,3800
2020-10-09 09:31:00.620,4.723,10000
2020-10-09 09:31:00.620,4.723,2200
2020-10-09 09:31:00.620,4.723,25000
2020-10-09 09:31:00.620,4.723,26500
2020-10-09 09:31:00.620,4.723,5000
2020-10-09 09:31:00.620,4.723,1300
2020-10-09 09:31:00.620,4.723,1000
2020-10-09 09:31:00.620,4.723,2000
2020-10-09 09:31:00.620,4.723,10000
2020-10-09 09:31:00.620,4.723,10100
2020-10-09 09:31:00.620,4.723,7000
2020-10-09 09:31:00.620,4.723,3300
2020-10-09 09:31:00.780,4.723,100
2020-10-09 09:31:00.940,4.721,10000
2020-10-09 09:31:01.050,4.721,13500
2020-10-09 09:31:01.230,4.721,5000
2020-10-09 09:31:01.290,4.723,2500
2020-10-09 09:31:01.290,4.723,500
2020-10-09 09:31:01.290,4.723,100
2020-10-09 09:31:01.290,4.723,1900
2020-10-09 09:31:01.290,4.723,8500
2020-10-09 09:31:01.290,4.723,300
2020-10-09 09:31:01.440,4.722,1000
2020-10-09 09:31:01.710,4.721,500
2020-10-09 09:31:01.770,4.721,4600
2020-10-09 09:31:01.800,4.722,9000
2020-10-09 09:31:01.800,4.722,700
2020-10-09 09:31:01.800,4.722,700
2020-10-09 09:31:01.830,4.722,3300
2020-10-09 09:31:01.830,4.723,9700
2020-10-09 09:31:01.830,4.723,4800
2020-10-09 09:31:01.830,4.723,53400
2020-10-09 09:31:01.830,4.724,21500
2020-10-09 09:31:01.830,4.724,400
2020-10-09 09:31:01.830,4.724,37600
2020-10-09 09:31:01.890,4.721,3000
2020-10-09 09:31:01.920,4.721,10000
2020-10-09 09:31:02.010,4.721,200
2020-10-09 09:31:02.040,4.722,1000
2020-10-09 09:31:02.070,4.721,60000
2020-10-09 09:31:02.180,4.722,400
2020-10-09 09:31:02.240,4.721,2000
2020-10-09 09:31:02.440,4.721,1300
2020-10-09 09:31:02.500,4.721,1000
2020-10-09 09:31:02.630,4.721,900
2020-10-09 09:31:02.840,4.721,30200
2020-10-09 09:31:02.840,4.722,1100
2020-10-09 09:31:02.840,4.722,10000
2020-10-09 09:31:02.840,4.722,5000
2020-10-09 09:31:02.840,4.722,9400
2020-10-09 09:31:02.900,4.722,11200
2020-10-09 09:31:03.030,4.721,41701
2020-10-09 09:31:03.030,4.721,5000
2020-10-09 09:31:03.170,4.721,1500
2020-10-09 09:31:03.270,4.721,300
2020-10-09 09:31:03.390,4.722,5000
2020-10-09 09:31:03.390,4.722,2100
2020-10-09 09:31:03.640,4.721,400
2020-10-09 09:31:04.040,4.722,12300
2020-10-09 09:31:04.040,4.722,5500
2020-10-09 09:31:04.040,4.722,100
2020-10-09 09:31:04.040,4.722,20000
2020-10-09 09:31:04.170,4.722,1500
2020-10-09 09:31:04.260,4.722,600
2020-10-09 09:31:04.260,4.721,100
2020-10-09 09:31:04.600,4.721,10000
2020-10-09 09:31:04.710,4.721,6000
2020-10-09 09:31:04.980,4.721,300
2020-10-09 09:31:05.150,4.721,500
2020-10-09 09:31:05.490,4.721,4500
2020-10-09 09:31:05.730,4.721,4400
2020-10-09 09:31:05.760,4.721,200
2020-10-09 09:31:05.760,4.721,200
2020-10-09 09:31:05.760,4.721,20000
2020-10-09 09:31:05.790,4.721,200
2020-10-09 09:31:05.790,4.721,200
2020-10-09 09:31:05.790,4.722,6600
2020-10-09 09:31:05.790,4.722,3400
2020-10-09 09:31:05.900,4.721,100000
2020-10-09 09:31:05.930,4.721,200
2020-10-09 09:31:05.990,4.722,600
2020-10-09 09:31:05.990,4.722,1000
2020-10-09 09:31:06.020,4.721,10000
2020-10-09 09:31:06.090,4.721,7100
2020-10-09 09:31:06.160,4.722,1500
2020-10-09 09:31:06.160,4.722,2000
2020-10-09 09:31:06.160,4.722,3000
2020-10-09 09:31:06.330,4.722,10000
2020-10-09 09:31:06.460,4.722,100
2020-10-09 09:31:06.640,4.722,13600
2020-10-09 09:31:06.640,4.722,23200
2020-10-09 09:31:06.800,4.722,5000
2020-10-09 09:31:06.800,4.722,10000
2020-10-09 09:31:06.800,4.722,200
2020-10-09 09:31:06.800,4.722,200
2020-10-09 09:31:06.800,4.722,200
2020-10-09 09:31:06.850,4.723,700
2020-10-09 09:31:06.970,4.722,5000
2020-10-09 09:31:07.070,4.722,200
2020-10-09 09:31:07.070,4.722,15000
2020-10-09 09:31:07.090,4.722,100
2020-10-09 09:31:07.090,4.722,30000
2020-10-09 09:31:07.090,4.722,400
2020-10-09 09:31:07.250,4.722,200
2020-10-09 09:31:07.280,4.722,500
2020-10-09 09:31:07.310,4.723,900
2020-10-09 09:31:07.310,4.723,700
2020-10-09 09:31:07.640,4.722,31000
2020-10-09 09:31:07.640,4.722,13000
2020-10-09 09:31:07.700,4.722,8800
2020-10-09 09:31:07.760,4.722,100
2020-10-09 09:31:07.760,4.723,2300
2020-10-09 09:31:07.760,4.723,700
2020-10-09 09:31:07.760,4.723,100
2020-10-09 09:31:07.820,4.722,1700
2020-10-09 09:31:07.850,4.722,13500
2020-10-09 09:31:07.910,4.722,700
2020-10-09 09:31:07.940,4.722,400
2020-10-09 09:31:08.050,4.722,1000
2020-10-09 09:31:08.140,4.722,200
2020-10-09 09:31:08.140,4.722,200
2020-10-09 09:31:08.240,4.723,4200
2020-10-09 09:31:08.240,4.723,3000
2020-10-09 09:31:08.240,4.723,1000
2020-10-09 09:31:08.240,4.723,3000
2020-10-09 09:31:08.240,4.723,20000
2020-10-09 09:31:08.300,4.723,2700
2020-10-09 09:31:08.480,4.723,2500
2020-10-09 09:31:08.540,4.723,2200
2020-10-09 09:31:08.740,4.724,1500
2020-10-09 09:31:08.770,4.722,100000
2020-10-09 09:31:08.800,4.722,9000
2020-10-09 09:31:08.800,4.722,500
2020-10-09 09:31:08.800,4.722,100
2020-10-09 09:31:08.800,4.722,21200
2020-10-09 09:31:08.800,4.724,10900
2020-10-09 09:31:08.800,4.724,10000
2020-10-09 09:31:08.800,4.724,3300
2020-10-09 09:31:08.800,4.724,2000
2020-10-09 09:31:08.800,4.724,5000
2020-10-09 09:31:08.800,4.724,500
2020-10-09 09:31:08.800,4.724,8300
2020-10-09 09:31:09.000,4.722,20000
2020-10-09 09:31:09.070,4.722,10000
2020-10-09 09:31:09.130,4.722,1000
2020-10-09 09:31:09.670,4.722,2000
2020-10-09 09:31:09.670,4.723,1000
2020-10-09 09:31:09.710,4.722,500
2020-10-09 09:31:09.800,4.722,600
2020-10-09 09:31:09.980,4.722,3000
2020-10-09 09:31:10.250,4.723,1600
2020-10-09 09:31:10.310,4.722,20800
2020-10-09 09:31:10.310,4.723,1600
2020-10-09 09:31:10.340,4.722,3000
2020-10-09 09:31:10.390,4.723,17000
2020-10-09 09:31:10.390,4.723,13100
2020-10-09 09:31:10.450,4.723,5000
2020-10-09 09:31:10.580,4.723,50000
2020-10-09 09:31:10.770,4.723,5000
2020-10-09 09:31:10.920,4.723,500
2020-10-09 09:31:10.950,4.723,5000
2020-10-09 09:31:11.100,4.723,2200
2020-10-09 09:31:11.280,4.723,2000
2020-10-09 09:31:11.390,4.723,5000
2020-10-09 09:31:11.540,4.723,200
2020-10-09 09:31:11.690,4.723,100000
2020-10-09 09:31:11.740,4.723,2200
2020-10-09 09:31:11.870,4.723,500
2020-10-09 09:31:11.870,4.723,2000
2020-10-09 09:31:11.900,4.723,1700
2020-10-09 09:31:11.900,4.723,11400
2020-10-09 09:31:11.960,4.724,1700
2020-10-09 09:31:11.960,4.724,100
2020-10-09 09:31:11.960,4.724,800
2020-10-09 09:31:11.960,4.724,2200
2020-10-09 09:31:11.960,4.724,400
2020-10-09 09:31:11.960,4.723,30000
2020-10-09 09:31:12.000,4.723,1000
2020-10-09 09:31:12.070,4.724,2600
2020-10-09 09:31:12.070,4.724,5000
2020-10-09 09:31:12.070,4.724,2400
2020-10-09 09:31:12.300,4.723,5300
2020-10-09 09:31:12.330,4.723,400
2020-10-09 09:31:12.330,4.723,800
2020-10-09 09:31:12.550,4.723,30000
2020-10-09 09:31:12.640,4.723,9700
2020-10-09 09:31:12.640,4.723,300
2020-10-09 09:31:12.810,4.723,2000
2020-10-09 09:31:12.830,4.724,2600
2020-10-09 09:31:12.830,4.724,1300
2020-10-09 09:31:12.830,4.724,5000
2020-10-09 09:31:12.830,4.724,100
2020-10-09 09:31:12.830,4.724,1000
2020-10-09 09:31:12.830,4.724,19900
2020-10-09 09:31:12.830,4.724,9500
2020-10-09 09:31:13.400,4.724,5000
2020-10-09 09:31:13.480,4.724,63000
2020-10-09 09:31:13.480,4.725,1300
2020-10-09 09:31:13.520,4.724,700
2020-10-09 09:31:13.610,4.725,1300
2020-10-09 09:31:13.900,4.724,191900
2020-10-09 09:31:13.900,4.723,1900
2020-10-09 09:31:13.900,4.723,8000
2020-10-09 09:31:13.900,4.723,154900
2020-10-09 09:31:14.040,4.723,10500
2020-10-09 09:31:14.100,4.723,6000
2020-10-09 09:31:14.250,4.723,5900
2020-10-09 09:31:14.610,4.723,2000
2020-10-09 09:31:14.610,4.723,200
2020-10-09 09:31:14.640,4.723,5000
2020-10-09 09:31:14.660,4.723,8000
2020-10-09 09:31:14.860,4.723,9500
2020-10-09 09:31:14.930,4.723,200
2020-10-09 09:31:14.930,4.723,4500
2020-10-09 09:31:15.050,4.723,700
2020-10-09 09:31:15.140,4.725,1200
2020-10-09 09:31:15.210,4.725,16400
2020-10-09 09:31:15.210,4.725,1000
2020-10-09 09:31:15.210,4.725,1500
2020-10-09 09:31:15.210,4.725,5500
2020-10-09 09:31:15.210,4.725,1000
2020-10-09 09:31:15.210,4.725,3000
2020-10-09 09:31:15.210,4.725,10500
2020-10-09 09:31:15.210,4.725,200
2020-10-09 09:31:15.210,4.725,30000
2020-10-09 09:31:15.210,4.725,10000
2020-10-09 09:31:15.210,4.725,200
2020-10-09 09:31:15.210,4.725,200
2020-10-09 09:31:15.210,4.725,2600
2020-10-09 09:31:15.210,4.725,200
2020-10-09 09:31:15.210,4.725,50000
2020-10-09 09:31:15.450,4.725,2100
2020-10-09 09:31:15.600,4.725,39600
2020-10-09 09:31:15.790,4.725,2000
2020-10-09 09:31:15.860,4.725,1300
2020-10-09 09:31:16.030,4.725,5000
2020-10-09 09:31:16.030,4.725,60000
2020-10-09 09:31:16.520,4.725,1600
2020-10-09 09:31:16.660,4.725,2000
2020-10-09 09:31:16.660,4.725,1600
2020-10-09 09:31:16.760,4.726,6000
2020-10-09 09:31:17.590,4.725,1200
2020-10-09 09:31:17.590,4.725,2100
2020-10-09 09:31:17.590,4.724,12700
2020-10-09 09:31:17.590,4.724,200
2020-10-09 09:31:17.590,4.724,3000
2020-10-09 09:31:17.590,4.723,5500
2020-10-09 09:31:17.620,4.723,2000
2020-10-09 09:31:17.880,4.724,6000
2020-10-09 09:31:18.140,4.724,9000
2020-10-09 09:31:18.200,4.724,500
2020-10-09 09:31:18.200,4.724,5000
2020-10-09 09:31:18.400,4.724,6300
2020-10-09 09:31:18.460,4.724,6400
2020-10-09 09:31:18.610,4.724,5000
2020-10-09 09:31:18.610,4.724,700
2020-10-09 09:31:18.670,4.723,20000
2020-10-09 09:31:18.670,4.723,4400
2020-10-09 09:31:18.770,4.723,1000
2020-10-09 09:31:19.280,4.724,800
2020-10-09 09:31:19.450,4.723,2000
2020-10-09 09:31:19.510,4.723,1000
2020-10-09 09:31:19.710,4.724,48500
2020-10-09 09:31:19.710,4.724,3300
2020-10-09 09:31:19.710,4.724,30000
2020-10-09 09:31:19.850,4.724,6200
2020-10-09 09:31:20.110,4.724,5000
2020-10-09 09:31:20.170,4.724,100
2020-10-09 09:31:20.350,4.724,500
2020-10-09 09:31:20.410,4.724,400
2020-10-09 09:31:20.410,4.724,20000
2020-10-09 09:31:20.530,4.724,3500
2020-10-09 09:31:20.830,4.724,2000
2020-10-09 09:31:20.830,4.725,700
2020-10-09 09:31:20.920,4.725,5300
2020-10-09 09:31:20.920,4.725,2000
2020-10-09 09:31:20.920,4.725,6600
2020-10-09 09:31:20.920,4.725,10900
2020-10-09 09:31:20.920,4.725,50000
2020-10-09 09:31:20.920,4.725,2000
2020-10-09 09:31:20.920,4.725,3000
2020-10-09 09:31:20.960,4.725,220200
2020-10-09 09:31:21.060,4.725,60000
2020-10-09 09:31:21.090,4.724,18300
2020-10-09 09:31:21.120,4.724,3300
2020-10-09 09:31:21.210,4.725,100
2020-10-09 09:31:21.300,4.724,10000
2020-10-09 09:31:21.380,4.725,21100
2020-10-09 09:31:21.380,4.724,200
2020-10-09 09:31:21.500,4.724,500
2020-10-09 09:31:21.660,4.724,10600
2020-10-09 09:31:21.660,4.724,500
2020-10-09 09:31:21.780,4.724,5800
2020-10-09 09:31:21.840,4.725,3800
2020-10-09 09:31:21.960,4.724,50000
2020-10-09 09:31:22.120,4.725,4800
2020-10-09 09:31:22.210,4.725,4700
2020-10-09 09:31:22.210,4.725,1100
2020-10-09 09:31:22.210,4.725,2500
2020-10-09 09:31:22.210,4.725,1000
2020-10-09 09:31:22.210,4.725,107500
2020-10-09 09:31:22.330,4.725,900
2020-10-09 09:31:22.420,4.726,300
2020-10-09 09:31:22.420,4.726,3600
2020-10-09 09:31:22.550,4.725,50000
2020-10-09 09:31:22.690,4.725,3000
2020-10-09 09:31:23.020,4.725,200
2020-10-09 09:31:23.020,4.725,1200
2020-10-09 09:31:23.170,4.725,1100
2020-10-09 09:31:23.260,4.725,2000
2020-10-09 09:31:23.300,4.725,8600
2020-10-09 09:31:23.360,4.726,4300
2020-10-09 09:31:23.400,4.725,2800
2020-10-09 09:31:23.430,4.725,1000
2020-10-09 09:31:23.700,4.725,900
2020-10-09 09:31:23.700,4.725,2500
2020-10-09 09:31:23.940,4.725,8600
2020-10-09 09:31:23.940,4.725,1000
2020-10-09 09:31:24.190,4.725,50000
2020-10-09 09:31:24.440,4.726,5300
2020-10-09 09:31:24.440,4.726,5000
2020-10-09 09:31:24.440,4.726,5000
2020-10-09 09:31:24.440,4.726,5000
2020-10-09 09:31:24.440,4.726,1000
2020-10-09 09:31:24.440,4.726,100
2020-10-09 09:31:24.440,4.726,3000
2020-10-09 09:31:24.440,4.726,6000
2020-10-09 09:31:24.440,4.726,11000
2020-10-09 09:31:24.440,4.726,6000
2020-10-09 09:31:24.440,4.726,10000
2020-10-09 09:31:24.440,4.726,2100
2020-10-09 09:31:24.440,4.726,6200
2020-10-09 09:31:24.440,4.726,1000
