ExChangeId,ChannelNo,SeqNo,SecurityID,Trade2_Order1,TradeDate,UpdateTime,Price,Volume,TrdMoney,OrdSide,OrdType,TrdBSFlag,TrdBuyNo,TrdSellNo
1,1,8892,510360,2,20201009,92500360,1.555000,100,155.500000,-,-,N,127204,62735
1,1,28354,510360,2,20201009,93001040,1.556000,5000,7780.000000,-,-,S,140822,146426
1,1,28355,510360,2,20201009,93001040,1.555000,5000,7775.000000,-,-,S,127204,146426
1,1,35016,510360,2,20201009,93002290,1.565000,700,1095.500000,-,-,B,165474,106836
1,1,37787,510360,2,20201009,93002740,1.560000,1000,1560.000000,-,-,S,151098,173175
1,1,37788,510360,2,20201009,93002740,1.560000,12000,18720.000000,-,-,S,155358,173175
1,1,44326,510360,2,20201009,93004040,1.565000,500,782.500000,-,-,B,192062,106836
1,1,45739,510360,2,20201009,93004570,1.565000,1000,1565.000000,-,-,B,196356,106836
1,1,47152,510360,2,20201009,93004900,1.565000,2800,4382.000000,-,-,B,200300,106836
1,1,56317,510360,2,20201009,93010780,1.572000,100,157.200000,-,-,S,214273,221486
1,1,65011,510360,2,20201009,93019960,1.572000,100,157.200000,-,-,S,214273,237360
1,1,65275,510360,2,20201009,93020500,1.572000,12600,19807.200000,-,-,S,214273,237771
1,1,65941,510360,2,20201009,93021390,1.572000,30800,48417.600000,-,-,S,214273,239071
1,1,73368,510360,2,20201009,93029590,1.572000,2000,3144.000000,-,-,S,214273,250638
1,1,73436,510360,2,20201009,93029700,1.572000,300,471.600000,-,-,S,214273,250771
1,1,75625,510360,2,20201009,93032440,1.572000,4500,7074.000000,-,-,S,214273,254522
1,1,77368,510360,2,20201009,93034920,1.572000,4500,7074.000000,-,-,S,214273,257769
1,1,79539,510360,2,20201009,93037500,1.572000,145100,228097.200000,-,-,S,214273,261326
1,1,79540,510360,2,20201009,93037500,1.572000,100,157.200000,-,-,S,222127,261326
1,1,79541,510360,2,20201009,93037500,1.572000,100,157.200000,-,-,S,237623,261326
1,1,79542,510360,2,20201009,93037500,1.572000,9000,14148.000000,-,-,S,240071,261326
1,1,101267,510360,2,20201009,93106400,1.569000,2000,3138.000000,-,-,S,283001,299170
1,1,113445,510360,2,20201009,93121200,1.571000,42500,66767.500000,-,-,B,319408,292005
1,1,113446,510360,2,20201009,93121200,1.571000,3900,6126.900000,-,-,B,319408,292723
1,1,115025,510360,2,20201009,93123840,1.571000,58500,91903.500000,-,-,S,319408,322139
1,1,115506,510360,2,20201009,93124260,1.570000,1500,2355.000000,-,-,S,300378,323025
1,1,126414,510360,2,20201009,93141440,1.571000,12600,19794.600000,-,-,S,329892,341644
1,1,132103,510360,2,20201009,93151060,1.571000,1000,1571.000000,-,-,S,329892,351472
1,1,146018,510360,2,20201009,93213610,1.572000,500,786.000000,-,-,B,375568,273368
1,1,166202,510360,2,20201009,93246590,1.572000,3000,4716.000000,-,-,B,409456,273368
1,1,166203,510360,2,20201009,93246590,1.572000,100,157.200000,-,-,B,409456,403712
1,1,166204,510360,2,20201009,93246590,1.572000,200,314.400000,-,-,B,409456,404176
1,1,166340,510360,2,20201009,93246960,1.572000,3000,4716.000000,-,-,B,409688,404176
1,1,167704,510360,2,20201009,93249320,1.572000,4200,6602.400000,-,-,B,412096,404176
1,1,168423,510360,2,20201009,93250780,1.572000,3200,5030.400000,-,-,B,413299,404176
1,1,169256,510360,2,20201009,93252420,1.572000,3300,5187.600000,-,-,B,414937,404176
1,1,170011,510360,2,20201009,93253990,1.572000,2500,3930.000000,-,-,B,416157,404176
1,1,181495,510360,2,20201009,93309450,1.572000,1700,2672.400000,-,-,B,434125,404176
1,1,182385,510360,2,20201009,93310960,1.572000,1400,2200.800000,-,-,B,435544,404176
1,1,183503,510360,2,20201009,93312670,1.572000,1500,2358.000000,-,-,B,437469,404176
1,1,211180,510360,2,20201009,93404880,1.570000,5000,7850.000000,-,-,S,413532,484890
1,1,214837,510360,2,20201009,93412390,1.570000,15000,23550.000000,-,-,S,413532,490989
1,1,277170,510360,2,20201009,93616910,1.568000,10000,15680.000000,-,-,S,561689,596099
1,1,281864,510360,2,20201009,93625640,1.570000,7900,12403.000000,-,-,B,603524,490989
1,1,282605,510360,2,20201009,93626990,1.570000,7100,11147.000000,-,-,B,604587,490989
1,1,282606,510360,2,20201009,93626990,1.570000,900,1413.000000,-,-,B,604587,492560
1,1,283529,510360,2,20201009,93628590,1.570000,6100,9577.000000,-,-,B,606066,492560
1,1,283670,510360,2,20201009,93628840,1.569000,15000,23535.000000,-,-,S,604382,606256
1,1,284541,510360,2,20201009,93630120,1.570000,6000,9420.000000,-,-,B,607604,492560
1,1,285548,510360,2,20201009,93631730,1.570000,4600,7222.000000,-,-,B,608941,492560
1,1,286632,510360,2,20201009,93633430,1.570000,2400,3768.000000,-,-,B,610529,492560
1,1,286633,510360,2,20201009,93633430,1.570000,400,628.000000,-,-,B,610529,507687
1,1,286634,510360,2,20201009,93633430,1.570000,1700,2669.000000,-,-,B,610529,541506
1,1,287424,510360,2,20201009,93635050,1.570000,3400,5338.000000,-,-,B,611717,541506
1,1,288350,510360,2,20201009,93636630,1.570000,3300,5181.000000,-,-,B,613160,541506
1,1,289065,510360,2,20201009,93638300,1.570000,1600,2512.000000,-,-,B,614336,541506
1,1,289066,510360,2,20201009,93638300,1.570000,1400,2198.000000,-,-,B,614336,554033
1,1,289945,510360,2,20201009,93639830,1.570000,2900,4553.000000,-,-,B,615909,554033
1,1,290434,510360,2,20201009,93641450,1.570000,2300,3611.000000,-,-,B,616884,554033
1,1,291234,510360,2,20201009,93643100,1.570000,2200,3454.000000,-,-,B,618232,554033
1,1,291748,510360,2,20201009,93644610,1.570000,1500,2355.000000,-,-,B,619091,554033
1,1,292676,510360,2,20201009,93646230,1.570000,1500,2355.000000,-,-,B,620722,554033
1,1,293351,510360,2,20201009,93647830,1.570000,1100,1727.000000,-,-,B,621883,554033
1,1,294182,510360,2,20201009,93649500,1.570000,700,1099.000000,-,-,B,623300,554033
1,1,294766,510360,2,20201009,93651020,1.570000,700,1099.000000,-,-,B,624383,554033
1,1,305268,510360,2,20201009,93709880,1.570000,600,942.000000,-,-,B,640695,554033
1,1,305879,510360,2,20201009,93711320,1.570000,600,942.000000,-,-,B,641580,554033
1,1,306706,510360,2,20201009,93712820,1.570000,600,942.000000,-,-,B,642996,554033
1,1,309878,510360,2,20201009,93720050,1.569000,4900,7688.100000,-,-,S,609006,648356
1,1,310833,510360,2,20201009,93721520,1.570000,3000,4710.000000,-,-,B,649665,554033
1,1,315093,510360,2,20201009,93731250,1.571000,2300,3613.300000,-,-,B,656687,527313
1,1,315713,510360,2,20201009,93732840,1.571000,2300,3613.300000,-,-,B,657688,527313
1,1,319124,510360,2,20201009,93740150,1.571000,3100,4870.100000,-,-,B,663179,527313
1,1,319125,510360,2,20201009,93740150,1.571000,2300,3613.300000,-,-,B,663180,527313
1,1,319126,510360,2,20201009,93740150,1.571000,800,1256.800000,-,-,B,663180,549705
1,1,319832,510360,2,20201009,93741740,1.571000,3200,5027.200000,-,-,B,664236,549705
1,1,319833,510360,2,20201009,93741740,1.571000,2000,3142.000000,-,-,B,664237,549705
1,1,319834,510360,2,20201009,93741740,1.571000,1200,1885.200000,-,-,B,664237,613813
1,1,320644,510360,2,20201009,93743310,1.571000,1800,2827.800000,-,-,B,665500,613813
1,1,320645,510360,2,20201009,93743310,1.571000,1300,2042.300000,-,-,B,665500,656681
1,1,320668,510360,2,20201009,93743390,1.571000,3100,4870.100000,-,-,B,665544,656681
1,1,321345,510360,2,20201009,93744910,1.571000,1600,2513.600000,-,-,B,666727,656681
1,1,321418,510360,2,20201009,93745070,1.571000,1600,2513.600000,-,-,B,666874,656681
1,1,321996,510360,2,20201009,93746440,1.571000,1500,2356.500000,-,-,B,667864,656681
1,1,328204,510360,2,20201009,93759060,1.571000,900,1413.900000,-,-,B,677550,656681
1,1,328205,510360,2,20201009,93759060,1.571000,1000,1571.000000,-,-,B,677550,657891
1,1,332330,510360,2,20201009,93806630,1.572000,1800,2829.600000,-,-,B,683927,404176
1,1,332331,510360,2,20201009,93806630,1.572000,1800,2829.600000,-,-,B,683928,404176
1,1,333048,510360,2,20201009,93808200,1.572000,1700,2672.400000,-,-,B,685025,404176
1,1,333147,510360,2,20201009,93808420,1.572000,1800,2829.600000,-,-,B,685196,404176
1,1,334240,510360,2,20201009,93809760,1.572000,1800,2829.600000,-,-,B,686491,404176
1,1,334283,510360,2,20201009,93809850,1.572000,100,157.200000,-,-,B,686551,404176
1,1,334284,510360,2,20201009,93809850,1.572000,1500,2358.000000,-,-,B,686551,448989
1,1,334285,510360,2,20201009,93809850,1.572000,200,314.400000,-,-,B,686551,460039
1,1,335036,510360,2,20201009,93811480,1.572000,800,1257.600000,-,-,B,687698,460039
1,1,335057,510360,2,20201009,93811530,1.572000,900,1414.800000,-,-,B,687740,460039
1,1,335384,510360,2,20201009,93812070,1.571000,15000,23565.000000,-,-,S,681003,688251
1,1,336178,510360,2,20201009,93813180,1.572000,900,1414.800000,-,-,B,689225,460039
1,1,339090,510360,2,20201009,93818850,1.571000,4000,6284.000000,-,-,S,681003,693596
1,1,355794,510360,2,20201009,93858420,1.572000,100,157.200000,-,-,B,722748,460039
1,1,384193,510360,2,20201009,94006120,1.572000,100,157.200000,-,-,B,771090,460039
1,1,393477,510360,2,20201009,94023040,1.572000,200,314.400000,-,-,S,771090,785088
1,1,399122,510360,2,20201009,94035230,1.572000,1100,1729.200000,-,-,S,771090,793613
1,1,400693,510360,2,20201009,94038140,1.574000,1700,2675.800000,-,-,B,796164,591305
1,1,401664,510360,2,20201009,94039990,1.574000,1700,2675.800000,-,-,B,797741,591305
1,1,443808,510360,2,20201009,94223810,1.571000,700,1099.700000,-,-,S,735535,868791
1,1,483772,510360,2,20201009,94415270,1.571000,1600,2513.600000,-,-,S,735535,936803
1,1,536083,510360,2,20201009,94634020,1.571000,1000,1571.000000,-,-,S,941889,1025154
1,1,545283,510360,2,20201009,94701290,1.570000,5000,7850.000000,-,-,S,664503,1041073
1,1,547161,510360,2,20201009,94705840,1.570000,5000,7850.000000,-,-,S,664503,1043784
1,1,547162,510360,2,20201009,94705840,1.570000,300,471.000000,-,-,S,1035026,1043784
1,1,548485,510360,2,20201009,94708850,1.570000,700,1099.000000,-,-,B,1045769,1043784
1,1,548989,510360,2,20201009,94710280,1.570000,1900,2983.000000,-,-,B,1046678,1043784
1,1,549395,510360,2,20201009,94711980,1.570000,1900,2983.000000,-,-,B,1047475,1043784
1,1,552019,510360,2,20201009,94719910,1.570000,100,157.000000,-,-,B,1051917,1043784
1,1,562714,510360,2,20201009,94751980,1.569000,300,470.700000,-,-,S,1068032,1070243
1,1,567373,510360,2,20201009,94807100,1.569000,2100,3294.900000,-,-,S,1077415,1078198
1,1,589485,510360,2,20201009,94917580,1.568000,1100,1724.800000,-,-,S,1042278,1115573
1,1,634659,510360,2,20201009,95123670,1.568000,11900,18659.200000,-,-,S,1042278,1188239
1,1,640628,510360,2,20201009,95143160,1.568000,100,156.800000,-,-,S,1042278,1198284
1,1,640965,510360,2,20201009,95144380,1.568000,1400,2195.200000,-,-,S,1042278,1198841
1,1,678565,510360,2,20201009,95359870,1.568000,300,470.400000,-,-,S,1042278,1263629
1,1,687881,510360,2,20201009,95437180,1.568000,100,156.800000,-,-,S,1042278,1279850
1,1,702880,510360,2,20201009,95525510,1.570000,1100,1727.000000,-,-,B,1303349,1098651
1,1,703403,510360,2,20201009,95527200,1.570000,500,785.000000,-,-,B,1304140,1098651
1,1,703404,510360,2,20201009,95527200,1.570000,500,785.000000,-,-,B,1304140,1100113
1,1,704091,510360,2,20201009,95528650,1.570000,500,785.000000,-,-,B,1305079,1100113
1,1,704178,510360,2,20201009,95528920,1.570000,700,1099.000000,-,-,B,1305219,1100113
1,1,704764,510360,2,20201009,95530540,1.570000,600,942.000000,-,-,B,1306187,1100113
1,1,704765,510360,2,20201009,95530540,1.570000,200,314.000000,-,-,B,1306187,1282940
1,1,704788,510360,2,20201009,95530600,1.570000,600,942.000000,-,-,B,1306232,1282940
1,1,704875,510360,2,20201009,95530790,1.570000,3800,5966.000000,-,-,B,1306362,1282940
1,1,713858,510360,2,20201009,95557890,1.571000,700,1099.700000,-,-,B,1319741,1308654
1,1,718229,510360,2,20201009,95609560,1.572000,3400,5344.800000,-,-,B,1326044,1156105
1,1,718230,510360,2,20201009,95609560,1.572000,1200,1886.400000,-,-,B,1326044,1321986
1,1,743120,510360,2,20201009,95731900,1.572000,14300,22479.600000,-,-,S,1326044,1364535
1,1,743378,510360,2,20201009,95732450,1.572000,600,943.200000,-,-,B,1364772,1364535
1,1,744195,510360,2,20201009,95735310,1.572000,6900,10846.800000,-,-,B,1366153,1364535
1,1,744853,510360,2,20201009,95737470,1.572000,6900,10846.800000,-,-,B,1367166,1364535
1,1,745322,510360,2,20201009,95738930,1.572000,6100,9589.200000,-,-,B,1367838,1364535
1,1,745808,510360,2,20201009,95740640,1.572000,6000,9432.000000,-,-,B,1368687,1364535
1,1,746195,510360,2,20201009,95742260,1.572000,4300,6759.600000,-,-,B,1369426,1364535
1,1,746629,510360,2,20201009,95743780,1.572000,3000,4716.000000,-,-,B,1370095,1364535
1,1,747093,510360,2,20201009,95745630,1.572000,3100,4873.200000,-,-,B,1371011,1364535
1,1,747441,510360,2,20201009,95747150,1.572000,2400,3772.800000,-,-,B,1371576,1364535
1,1,747836,510360,2,20201009,95748640,1.572000,2300,3615.600000,-,-,B,1372366,1364535
1,1,748138,510360,2,20201009,95750150,1.572000,1800,2829.600000,-,-,B,1372928,1364535
1,1,748697,510360,2,20201009,95751800,1.572000,1700,2672.400000,-,-,B,1373925,1364535
1,1,749076,510360,2,20201009,95753600,1.572000,1500,2358.000000,-,-,B,1374668,1364535
1,1,750832,510360,2,20201009,95800290,1.572000,1200,1886.400000,-,-,B,1377750,1364535
1,1,751347,510360,2,20201009,95802310,1.572000,900,1414.800000,-,-,B,1378649,1364535
1,1,751713,510360,2,20201009,95803870,1.572000,900,1414.800000,-,-,B,1379397,1364535
1,1,751954,510360,2,20201009,95805410,1.572000,900,1414.800000,-,-,B,1380005,1364535
1,1,752383,510360,2,20201009,95807240,1.572000,800,1257.600000,-,-,B,1380804,1364535
1,1,766282,510360,2,20201009,95905640,1.572000,4400,6916.800000,-,-,B,1404185,1364535
1,1,766913,510360,2,20201009,95907690,1.573000,1000,1573.000000,-,-,B,1405295,968473
1,1,766914,510360,2,20201009,95907690,1.573000,7600,11954.800000,-,-,B,1405295,1009474
1,1,767666,510360,2,20201009,95909590,1.573000,8700,13685.100000,-,-,B,1406296,1009474
1,1,768308,510360,2,20201009,95911300,1.573000,2900,4561.700000,-,-,B,1407040,1009474
1,1,768309,510360,2,20201009,95911300,1.573000,3000,4719.000000,-,-,B,1407040,1318820
1,1,768310,510360,2,20201009,95911300,1.573000,700,1101.100000,-,-,B,1407040,1341063
1,1,768799,510360,2,20201009,95913000,1.573000,5300,8336.900000,-,-,B,1407894,1341063
1,1,768800,510360,2,20201009,95913000,1.573000,1300,2044.900000,-,-,B,1407894,1351382
1,1,769718,510360,2,20201009,95916880,1.573000,4900,7707.700000,-,-,B,1409417,1351382
1,1,770532,510360,2,20201009,95918330,1.573000,200,314.600000,-,-,B,1410006,1351382
1,1,770622,510360,2,20201009,95918670,1.573000,1300,2044.900000,-,-,B,1410163,1351382
1,1,777580,510360,2,20201009,95948640,1.572000,2000,3144.000000,-,-,S,1404819,1421533
1,1,779936,510360,2,20201009,95958070,1.573000,33400,52538.200000,-,-,B,1424922,1351382
1,1,779937,510360,2,20201009,95958070,1.574000,8600,13536.400000,-,-,B,1424922,591305
1,1,779938,510360,2,20201009,95958070,1.574000,1200,1888.800000,-,-,B,1424922,784393
1,1,779939,510360,2,20201009,95958070,1.574000,5000,7870.000000,-,-,B,1424922,815857
1,1,779940,510360,2,20201009,95958070,1.574000,1800,2833.200000,-,-,B,1424922,842679
1,1,784389,510360,2,20201009,100010900,1.573000,1000,1573.000000,-,-,B,1432086,1429558
1,1,785082,510360,2,20201009,100012400,1.573000,900,1415.700000,-,-,B,1433014,1429558
1,1,785502,510360,2,20201009,100013830,1.573000,1000,1573.000000,-,-,B,1433802,1429558
1,1,786134,510360,2,20201009,100015520,1.573000,900,1415.700000,-,-,B,1434737,1429558
1,1,786531,510360,2,20201009,100017030,1.573000,700,1101.100000,-,-,B,1435413,1429558
1,1,787471,510360,2,20201009,100018780,1.573000,600,943.800000,-,-,B,1436525,1429558
1,1,787883,510360,2,20201009,100020330,1.573000,600,943.800000,-,-,B,1437142,1429558
1,1,787909,510360,2,20201009,100020460,1.573000,100,157.300000,-,-,B,1437203,1429558
1,1,787997,510360,2,20201009,100020850,1.573000,4200,6606.600000,-,-,B,1437372,1429558
1,1,788490,510360,2,20201009,100022070,1.574000,700,1101.800000,-,-,B,1438245,842679
1,1,828575,510360,2,20201009,100234160,1.574000,200,314.800000,-,-,B,1502037,842679
1,1,828576,510360,2,20201009,100234160,1.574000,800,1259.200000,-,-,B,1502037,864851
1,1,830850,510360,2,20201009,100245300,1.571000,2100,3299.100000,-,-,S,1462864,1506109
1,1,841543,510360,2,20201009,100334410,1.571000,1400,2199.400000,-,-,B,1524877,1524632
1,1,859410,510360,2,20201009,100502470,1.571000,1000,1571.000000,-,-,S,1535345,1557808
1,1,885642,510360,2,20201009,100655450,1.571000,5500,8640.500000,-,-,B,1600701,1557808
1,1,885643,510360,2,20201009,100655450,1.571000,50000,78550.000000,-,-,B,1600701,1575511
1,1,916770,510360,2,20201009,100930500,1.571000,500,785.500000,-,-,S,1640767,1655001
1,1,931468,510360,2,20201009,101039520,1.571000,500,785.500000,-,-,S,1680016,1680211
1,1,944840,510360,2,20201009,101146260,1.570000,1500,2355.000000,-,-,S,1581700,1703570
1,1,980366,510360,2,20201009,101434710,1.573000,900,1415.700000,-,-,B,1761154,1586680
1,1,980764,510360,2,20201009,101436480,1.573000,9100,14314.300000,-,-,B,1761741,1586680
1,1,980847,510360,2,20201009,101436970,1.574000,900,1416.600000,-,-,B,1761893,864851
1,1,987669,510360,2,20201009,101510850,1.574000,1300,2046.200000,-,-,B,1772884,864851
1,1,987670,510360,2,20201009,101510850,1.574000,100,157.400000,-,-,B,1772884,1522110
1,1,987671,510360,2,20201009,101510850,1.574000,500,787.000000,-,-,B,1772884,1542391
1,1,989804,510360,2,20201009,101520200,1.575000,600,945.000000,-,-,B,1776200,466434
1,1,992262,510360,2,20201009,101531180,1.574000,13900,21878.600000,-,-,S,1779289,1780408
1,1,1055477,510360,2,20201009,102103240,1.573000,1000,1573.000000,-,-,S,1763223,1884527
1,1,1055478,510360,2,20201009,102103240,1.573000,4000,6292.000000,-,-,S,1764274,1884527
1,1,1055597,510360,2,20201009,102103730,1.574000,10000,15740.000000,-,-,B,1884776,1868624
1,1,1055598,510360,2,20201009,102103730,1.574000,10000,15740.000000,-,-,B,1884776,1879191
1,1,1073965,510360,2,20201009,102235220,1.574000,100,157.400000,-,-,S,1908131,1914279
1,1,1079930,510360,2,20201009,102304020,1.575000,500,787.500000,-,-,B,1922949,777349
1,1,1079931,510360,2,20201009,102304020,1.575000,600,945.000000,-,-,B,1922949,810180
1,1,1079932,510360,2,20201009,102304020,1.575000,10000,15750.000000,-,-,B,1922949,942979
1,1,1079933,510360,2,20201009,102304020,1.575000,100,157.500000,-,-,B,1922949,1874556
1,1,1079934,510360,2,20201009,102304020,1.575000,100,157.500000,-,-,B,1922949,1876570
1,1,1083862,510360,2,20201009,102324060,1.576000,200,315.200000,-,-,B,1929292,1766963
1,1,1101000,510360,2,20201009,102458450,1.576000,3600,5673.600000,-,-,B,1957543,1766963
1,1,1102480,510360,2,20201009,102506950,1.576000,200,315.200000,-,-,B,1960124,1766963
1,1,1104983,510360,2,20201009,102523780,1.576000,3600,5673.600000,-,-,B,1964803,1766963
1,1,1106213,510360,2,20201009,102531930,1.576000,200,315.200000,-,-,B,1967001,1766963
1,1,1109277,510360,2,20201009,102550880,1.576000,2200,3467.200000,-,-,B,1972217,1766963
1,1,1109278,510360,2,20201009,102550880,1.576000,100,157.600000,-,-,B,1972217,1875589
1,1,1109279,510360,2,20201009,102550880,1.576000,700,1103.200000,-,-,B,1972217,1950066
1,1,1139733,510360,2,20201009,102907560,1.577000,100,157.700000,-,-,B,2026243,1877435
1,1,1139734,510360,2,20201009,102907560,1.577000,100,157.700000,-,-,B,2026243,1916978
1,1,1139735,510360,2,20201009,102907560,1.577000,100,157.700000,-,-,B,2026243,1973056
1,1,1162047,510360,2,20201009,103049880,1.577000,1200,1892.400000,-,-,B,2059365,2027282
1,1,1168733,510360,2,20201009,103117660,1.577000,400,630.800000,-,-,S,2059781,2069142
1,1,1196625,510360,2,20201009,103355040,1.577000,500,788.500000,-,-,S,2081570,2116536
1,1,1236710,510360,2,20201009,103820970,1.574000,200,314.800000,-,-,S,2126146,2186516
1,1,1270593,510360,2,20201009,104206090,1.576000,2000,3152.000000,-,-,B,2244443,2222617
1,1,1270594,510360,2,20201009,104206090,1.576000,700,1103.200000,-,-,B,2244443,2234441
1,1,1283484,510360,2,20201009,104341340,1.576000,200,315.200000,-,-,B,2265902,2260937
1,1,1285701,510360,2,20201009,104358880,1.576000,3600,5673.600000,-,-,B,2269590,2260937
1,1,1286810,510360,2,20201009,104408290,1.576000,200,315.200000,-,-,B,2271607,2262467
1,1,1288624,510360,2,20201009,104424070,1.575000,400,630.000000,-,-,S,2198177,2275064
1,1,1289038,510360,2,20201009,104426840,1.575000,3600,5670.000000,-,-,B,2275674,2275064
1,1,1290189,510360,2,20201009,104435930,1.575000,200,315.000000,-,-,B,2277699,2275064
1,1,1292251,510360,2,20201009,104454170,1.575000,3600,5670.000000,-,-,B,2281586,2275064
1,1,1293485,510360,2,20201009,104503350,1.575000,200,315.000000,-,-,B,2283645,2275064
1,1,1296093,510360,2,20201009,104521920,1.575000,2000,3150.000000,-,-,B,2287903,2275064
1,1,1327120,510360,2,20201009,104858230,1.576000,2400,3782.400000,-,-,B,2339439,2262467
1,1,1351422,510360,2,20201009,105206180,1.576000,400,630.400000,-,-,B,2381712,2262467
1,1,1351423,510360,2,20201009,105206180,1.576000,15200,23955.200000,-,-,B,2381712,2282567
1,1,1351424,510360,2,20201009,105206180,1.576000,300,472.800000,-,-,B,2381712,2290132
1,1,1351425,510360,2,20201009,105206180,1.576000,1500,2364.000000,-,-,B,2381712,2328050
1,1,1386050,510360,2,20201009,105656880,1.577000,9500,14981.500000,-,-,B,2440950,2116536
1,1,1386051,510360,2,20201009,105656880,1.577000,2000,3154.000000,-,-,B,2440950,2123822
1,1,1386052,510360,2,20201009,105656880,1.577000,2000,3154.000000,-,-,B,2440950,2154448
1,1,1386053,510360,2,20201009,105656880,1.577000,100,157.700000,-,-,B,2440950,2235201
1,1,1386054,510360,2,20201009,105656880,1.577000,16100,25389.700000,-,-,B,2440950,2236961
1,1,1386055,510360,2,20201009,105656880,1.577000,300,473.100000,-,-,B,2440950,2391962
1,1,1389270,510360,2,20201009,105724040,1.577000,200,315.400000,-,-,B,2446286,2391962
1,1,1409872,510360,2,20201009,105956100,1.578000,200,315.600000,-,-,B,2478810,84610
1,1,1409873,510360,2,20201009,105956100,1.578000,6000,9468.000000,-,-,B,2478810,140569
1,1,1409874,510360,2,20201009,105956100,1.578000,500,789.000000,-,-,B,2478810,784257
1,1,1409875,510360,2,20201009,105956100,1.578000,6000,9468.000000,-,-,B,2478810,945728
1,1,1409876,510360,2,20201009,105956100,1.578000,300,473.400000,-,-,B,2478810,1508874
1,1,1409877,510360,2,20201009,105956100,1.578000,200,315.600000,-,-,B,2478810,1840474
1,1,1409878,510360,2,20201009,105956100,1.578000,3500,5523.000000,-,-,B,2478810,1988946
1,1,1409879,510360,2,20201009,105956100,1.578000,3300,5207.400000,-,-,B,2478810,2177572
1,1,1429663,510360,2,20201009,110116800,1.579000,1000,1579.000000,-,-,B,2506756,752954
1,1,1429664,510360,2,20201009,110116800,1.579000,1000,1579.000000,-,-,B,2506756,2504700
1,1,1429887,510360,2,20201009,110118430,1.579000,800,1263.200000,-,-,S,2506756,2507201
1,1,1462139,510360,2,20201009,110506950,1.579000,1700,2684.300000,-,-,B,2559735,2516475
1,1,1462140,510360,2,20201009,110506950,1.579000,900,1421.100000,-,-,B,2559735,2534679
1,1,1465544,510360,2,20201009,110525760,1.578000,120000,189360.000000,-,-,S,2533953,2564942
1,1,1473705,510360,2,20201009,110623530,1.579000,3200,5052.800000,-,-,S,2576679,2578323
1,1,1480387,510360,2,20201009,110712160,1.580000,1000,1580.000000,-,-,B,2588903,1977079
1,1,1480388,510360,2,20201009,110712160,1.580000,100,158.000000,-,-,B,2588903,1993732
1,1,1480389,510360,2,20201009,110712160,1.580000,900,1422.000000,-,-,B,2588903,2080631
1,1,1485879,510360,2,20201009,110752760,1.580000,9100,14378.000000,-,-,B,2597709,2080631
1,1,1485880,510360,2,20201009,110752760,1.580000,100,158.000000,-,-,B,2597709,2276024
1,1,1485881,510360,2,20201009,110752760,1.580000,900,1422.000000,-,-,B,2597709,2315102
1,1,1485882,510360,2,20201009,110752760,1.580000,400,632.000000,-,-,B,2597709,2592013
1,1,1485883,510360,2,20201009,110752760,1.580000,3600,5688.000000,-,-,B,2597709,2592654
1,1,1493429,510360,2,20201009,110849820,1.579000,100,157.900000,-,-,S,2576679,2610728
1,1,1500581,510360,2,20201009,110949310,1.580000,400,632.000000,-,-,B,2623226,2612293
1,1,1521493,510360,2,20201009,111209290,1.579000,200,315.800000,-,-,S,2623192,2656577
1,1,1528833,510360,2,20201009,111308460,1.579000,100,157.900000,-,-,S,2646956,2669375
1,1,1529130,510360,2,20201009,111310860,1.579000,400,631.600000,-,-,B,2669911,2669375
1,1,1534453,510360,2,20201009,111359080,1.580000,100,158.000000,-,-,B,2679372,2612293
1,1,1534791,510360,2,20201009,111402380,1.578000,10000,15780.000000,-,-,S,2533953,2680032
1,1,1540306,510360,2,20201009,111448980,1.578000,10000,15780.000000,-,-,S,2533953,2689373
1,1,1568055,510360,2,20201009,111837240,1.580000,4500,7110.000000,-,-,B,2735433,2612293
1,1,1568056,510360,2,20201009,111837240,1.580000,2000,3160.000000,-,-,B,2735433,2712059
1,1,1568057,510360,2,20201009,111837240,1.580000,2000,3160.000000,-,-,B,2735433,2722697
1,1,1584556,510360,2,20201009,112039790,1.580000,100,158.000000,-,-,S,2752715,2762328
1,1,1598486,510360,2,20201009,112217210,1.580000,200,316.000000,-,-,S,2752715,2782850
1,1,1604025,510360,2,20201009,112256250,1.581000,1700,2687.700000,-,-,B,2791597,730265
1,1,1605590,510360,2,20201009,112306530,1.581000,8300,13122.300000,-,-,B,2793908,730265
1,1,1605591,510360,2,20201009,112306530,1.581000,500,790.500000,-,-,B,2793908,791490
1,1,1605592,510360,2,20201009,112306530,1.581000,10000,15810.000000,-,-,B,2793908,1525425
1,1,1605593,510360,2,20201009,112306530,1.581000,6200,9802.200000,-,-,B,2793908,2163505
1,1,1606405,510360,2,20201009,112313110,1.581000,3800,6007.800000,-,-,B,2795184,2163505
1,1,1607762,510360,2,20201009,112321940,1.580000,200,316.000000,-,-,S,2752715,2796987
1,1,1607987,510360,2,20201009,112324000,1.581000,3800,6007.800000,-,-,B,2797375,2163505
1,1,1608551,510360,2,20201009,112329400,1.581000,106500,168376.500000,-,-,B,2798438,2163505
1,1,1608552,510360,2,20201009,112329400,1.581000,3300,5217.300000,-,-,B,2798438,2643697
1,1,1608553,510360,2,20201009,112329400,1.581000,8000,12648.000000,-,-,B,2798438,2692671
1,1,1608554,510360,2,20201009,112329400,1.581000,5000,7905.000000,-,-,B,2798438,2753867
1,1,1617496,510360,2,20201009,112420520,1.582000,100,158.200000,-,-,B,2808834,2799404
1,1,1626354,510360,2,20201009,112524410,1.581000,100,158.100000,-,-,B,2823027,2820827
1,1,1643910,510360,2,20201009,112639210,1.581000,200,316.200000,-,-,S,2837551,2838854
1,1,1654586,510360,2,20201009,112805690,1.581000,100,158.100000,-,-,S,2839015,2856361
1,1,1655246,510360,2,20201009,112811620,1.581000,200,316.200000,-,-,B,2857527,2856361
1,1,1657020,510360,2,20201009,112822510,1.581000,3800,6007.800000,-,-,B,2859932,2856361
1,1,1658353,510360,2,20201009,112834060,1.581000,3800,6007.800000,-,-,B,2862097,2856361
1,1,1659977,510360,2,20201009,112850550,1.581000,3800,6007.800000,-,-,B,2864978,2856361
1,1,1661291,510360,2,20201009,112901540,1.581000,3800,6007.800000,-,-,B,2867155,2856361
1,1,1661717,510360,2,20201009,112905350,1.580000,100,158.000000,-,-,S,2752715,2867942
1,1,1662533,510360,2,20201009,112912590,1.581000,3800,6007.800000,-,-,B,2869348,2856361
1,1,1663990,510360,2,20201009,112924050,1.581000,3800,6007.800000,-,-,B,2871565,2856361
1,1,1665342,510360,2,20201009,112934990,1.581000,3800,6007.800000,-,-,B,2873346,2856361
1,1,1666675,510360,2,20201009,112946380,1.581000,2100,3320.100000,-,-,B,2875195,2856361
1,1,1670171,510360,2,20201009,130000570,1.582000,1200,1898.400000,-,-,B,2881708,2809825
1,1,1670172,510360,2,20201009,130000570,1.582000,100,158.200000,-,-,B,2881708,2809826
1,1,1670520,510360,2,20201009,130000650,1.582000,200,316.400000,-,-,B,2882674,2876222
1,1,1672567,510360,2,20201009,130001130,1.581000,1200,1897.200000,-,-,S,2875195,2888672
1,1,1674081,510360,2,20201009,130001540,1.581000,100,158.100000,-,-,S,2875195,2892800
1,1,1724557,510360,2,20201009,130405590,1.579000,3000,4737.000000,-,-,S,2900477,2982998
1,1,1733393,510360,2,20201009,130454910,1.576000,100,157.600000,-,-,S,2980002,2997997
1,1,1733725,510360,2,20201009,130457010,1.579000,800,1263.200000,-,-,B,2998520,2982998
1,1,1733726,510360,2,20201009,130457010,1.579000,400,631.600000,-,-,B,2998520,2989121
1,1,1737690,510360,2,20201009,130520810,1.576000,6500,10244.000000,-,-,S,2980002,3005590
1,1,1740108,510360,2,20201009,130538590,1.577000,300,473.100000,-,-,B,3010124,3008515
1,1,1744092,510360,2,20201009,130609660,1.577000,3500,5519.500000,-,-,S,3010124,3016776
1,1,1744684,510360,2,20201009,130614220,1.576000,8800,13868.800000,-,-,S,2980002,3017992
1,1,1754942,510360,2,20201009,130738320,1.575000,135300,213097.500000,-,-,S,2987983,3037413
1,1,1797712,510360,2,20201009,131245110,1.574000,500,787.000000,-,-,S,2425111,3111382
1,1,1797713,510360,2,20201009,131245110,1.574000,200,314.800000,-,-,S,3040960,3111382
1,1,1811149,510360,2,20201009,131429350,1.578000,300,473.400000,-,-,B,3135801,3045915
1,1,1822393,510360,2,20201009,131607810,1.575000,14200,22365.000000,-,-,S,3147849,3155664
1,1,1822545,510360,2,20201009,131609170,1.575000,14200,22365.000000,-,-,S,3147849,3155935
1,1,1822809,510360,2,20201009,131610760,1.575000,14200,22365.000000,-,-,S,3147849,3156271
1,1,1823002,510360,2,20201009,131612330,1.574000,14200,22350.800000,-,-,S,3040960,3156624
1,1,1829938,510360,2,20201009,131710020,1.576000,3000,4728.000000,-,-,B,3168391,3161412
1,1,1829939,510360,2,20201009,131710020,1.576000,500,788.000000,-,-,B,3168391,3163163
1,1,1829940,510360,2,20201009,131710020,1.578000,27700,43710.600000,-,-,B,3168391,3156407
1,1,1864580,510360,2,20201009,132206050,1.577000,500,788.500000,-,-,B,3228992,3222898
1,1,1877738,510360,2,20201009,132352590,1.576000,1000,1576.000000,-,-,S,3226587,3251326
1,1,1900115,510360,2,20201009,132715330,1.576000,500,788.000000,-,-,S,3279918,3289833
1,1,1957777,510360,2,20201009,133445110,1.577000,100,157.700000,-,-,B,3388110,3342938
1,1,1972306,510360,2,20201009,133653140,1.577000,100,157.700000,-,-,B,3412698,3342938
1,1,1978822,510360,2,20201009,133753500,1.577000,3500,5519.500000,-,-,S,3422650,3423684
1,1,1991547,510360,2,20201009,133945450,1.577000,5000,7885.000000,-,-,S,3422650,3445314
1,1,1999830,510360,2,20201009,134039840,1.577000,27100,42736.700000,-,-,S,3422650,3458224
1,1,1999878,510360,2,20201009,134040150,1.577000,27100,42736.700000,-,-,S,3422650,3458269
1,1,2002828,510360,2,20201009,134104020,1.578000,6500,10257.000000,-,-,B,3463073,3338870
1,1,2002829,510360,2,20201009,134104020,1.578000,11100,17515.800000,-,-,B,3463073,3344198
1,1,2028360,510360,2,20201009,134447190,1.577000,400,630.800000,-,-,S,3422650,3506587
1,1,2030111,510360,2,20201009,134503210,1.578000,26000,41028.000000,-,-,B,3509539,3344198
1,1,2066803,510360,2,20201009,135025610,1.578000,2900,4576.200000,-,-,B,3570828,3344198
1,1,2104294,510360,2,20201009,135547600,1.578000,800,1262.400000,-,-,B,3631868,3603763
1,1,2104692,510360,2,20201009,135551570,1.577000,100,157.700000,-,-,S,3422650,3632580
1,1,2108935,510360,2,20201009,135630590,1.577000,200,315.400000,-,-,S,3422650,3639640
1,1,2108936,510360,2,20201009,135630590,1.577000,4800,7569.600000,-,-,S,3541230,3639640
1,1,2110067,510360,2,20201009,135640680,1.578000,1200,1893.600000,-,-,B,3641423,3603763
1,1,2110677,510360,2,20201009,135645460,1.577000,3300,5204.100000,-,-,S,3541230,3642291
1,1,2129376,510360,2,20201009,135958610,1.578000,13000,20514.000000,-,-,B,3673795,3603763
1,1,2143392,510360,2,20201009,140118250,1.579000,2000,3158.000000,-,-,B,3694703,3305524
1,1,2143393,510360,2,20201009,140118250,1.579000,2300,3631.700000,-,-,B,3694703,3334377
1,1,2143394,510360,2,20201009,140118250,1.579000,300,473.700000,-,-,B,3694703,3674299
1,1,2144091,510360,2,20201009,140123240,1.579000,400,631.600000,-,-,S,3694703,3695806
1,1,2144590,510360,2,20201009,140127500,1.579000,600,947.400000,-,-,B,3696655,3695806
1,1,2158714,510360,2,20201009,140302250,1.576000,200,315.200000,-,-,S,3287783,3718556
1,1,2158715,510360,2,20201009,140302250,1.576000,1300,2048.800000,-,-,S,3593556,3718556
1,1,2173704,510360,2,20201009,140501540,1.577000,1000,1577.000000,-,-,S,3740640,3742928
1,1,2231765,510360,2,20201009,141251100,1.576000,2300,3624.800000,-,-,S,3593556,3836352
1,1,2231887,510360,2,20201009,141252410,1.576000,2100,3309.600000,-,-,S,3593556,3836584
1,1,2232030,510360,2,20201009,141254020,1.576000,2100,3309.600000,-,-,S,3593556,3836833
1,1,2232210,510360,2,20201009,141255680,1.576000,1700,2679.200000,-,-,S,3593556,3837125
1,1,2232389,510360,2,20201009,141257270,1.576000,1700,2679.200000,-,-,S,3593556,3837449
1,1,2232550,510360,2,20201009,141258760,1.576000,1500,2364.000000,-,-,S,3593556,3837715
1,1,2232823,510360,2,20201009,141301160,1.576000,1200,1891.200000,-,-,S,3593556,3838172
1,1,2234774,510360,2,20201009,141318110,1.576000,1100,1733.600000,-,-,S,3593556,3841282
1,1,2237385,510360,2,20201009,141346810,1.577000,100,157.700000,-,-,B,3846085,3742928
1,1,2245164,510360,2,20201009,141451220,1.576000,9900,15602.400000,-,-,S,3593556,3858269
1,1,2245165,510360,2,20201009,141451220,1.576000,4300,6776.800000,-,-,S,3858119,3858269
1,1,2260297,510360,2,20201009,141643110,1.577000,1900,2996.300000,-,-,B,3882612,3742928
1,1,2260298,510360,2,20201009,141643110,1.577000,10800,17031.600000,-,-,B,3882612,3873526
1,1,2260715,510360,2,20201009,141647130,1.577000,4200,6623.400000,-,-,B,3883401,3873526
1,1,2275712,510360,2,20201009,141848060,1.576000,38000,59888.000000,-,-,S,3863379,3906365
1,1,2306647,510360,2,20201009,142307450,1.579000,700,1105.300000,-,-,B,3957304,3884048
1,1,2346950,510360,2,20201009,142849310,1.577000,700,1103.900000,-,-,S,3947187,4020709
1,1,2346962,510360,2,20201009,142849340,1.577000,700,1103.900000,-,-,S,3947187,4020723
1,1,2347347,510360,2,20201009,142850790,1.577000,600,946.200000,-,-,S,3947187,4021164
1,1,2347453,510360,2,20201009,142851240,1.577000,600,946.200000,-,-,S,3947187,4021258
1,1,2347475,510360,2,20201009,142851360,1.577000,600,946.200000,-,-,S,3947187,4021279
1,1,2347764,510360,2,20201009,142852790,1.577000,600,946.200000,-,-,S,3947187,4021677
1,1,2347765,510360,2,20201009,142852790,1.577000,500,788.500000,-,-,S,3947187,4021678
1,1,2347766,510360,2,20201009,142852790,1.577000,100,157.700000,-,-,S,4003780,4021678
1,1,2350108,510360,2,20201009,142904090,1.577000,100,157.700000,-,-,S,4003780,4024963
1,1,2351436,510360,2,20201009,142910160,1.577000,1800,2838.600000,-,-,S,4003780,4026686
1,1,2368024,510360,2,20201009,143044780,1.577000,600,946.200000,-,-,S,4048126,4051615
1,1,2382407,510360,2,20201009,143211590,1.577000,400,630.800000,-,-,B,4073405,4055565
1,1,2387821,510360,2,20201009,143249500,1.577000,600,946.200000,-,-,B,4082170,4055565
1,1,2388016,510360,2,20201009,143250300,1.577000,400,630.800000,-,-,S,4082170,4082407
1,1,2388060,510360,2,20201009,143250700,1.577000,400,630.800000,-,-,S,4082170,4082500
1,1,2388083,510360,2,20201009,143251140,1.577000,400,630.800000,-,-,S,4082170,4082585
1,1,2388115,510360,2,20201009,143251500,1.577000,400,630.800000,-,-,S,4082170,4082654
1,1,2388155,510360,2,20201009,143251920,1.577000,400,630.800000,-,-,S,4082170,4082725
1,1,2388215,510360,2,20201009,143252300,1.577000,100,157.700000,-,-,S,4082170,4082813
1,1,2388285,510360,2,20201009,143252740,1.577000,400,630.800000,-,-,S,4082170,4082939
1,1,2388363,510360,2,20201009,143253120,1.577000,400,630.800000,-,-,S,4082170,4083030
1,1,2389479,510360,2,20201009,143301060,1.577000,1700,2680.900000,-,-,S,4082170,4084683
1,1,2404121,510360,2,20201009,143439300,1.575000,100,157.500000,-,-,S,3363738,4107354
1,1,2404122,510360,2,20201009,143439300,1.575000,900,1417.500000,-,-,S,4055107,4107354
1,1,2405133,510360,2,20201009,143447470,1.575000,1100,1732.500000,-,-,S,4055107,4109187
1,1,2405134,510360,2,20201009,143447470,1.575000,1100,1732.500000,-,-,S,4055107,4109188
1,1,2405383,510360,2,20201009,143448730,1.575000,900,1417.500000,-,-,S,4055107,4109414
1,1,2405418,510360,2,20201009,143449020,1.575000,1100,1732.500000,-,-,S,4055107,4109480
1,1,2405422,510360,2,20201009,143449100,1.575000,900,1417.500000,-,-,S,4055107,4109491
1,1,2405474,510360,2,20201009,143449230,1.575000,1100,1732.500000,-,-,S,4055107,4109523
1,1,2405561,510360,2,20201009,143449540,1.575000,900,1417.500000,-,-,S,4055107,4109575
1,1,2405792,510360,2,20201009,143449930,1.575000,900,1417.500000,-,-,S,4055107,4109716
1,1,2406507,510360,2,20201009,143454740,1.575000,1100,1732.500000,-,-,S,4055107,4110848
1,1,2406508,510360,2,20201009,143454740,1.574000,5300,8342.200000,-,-,S,3605501,4110848
1,1,2414533,510360,2,20201009,143550960,1.574000,500,787.000000,-,-,S,3605501,4123692
1,1,2423160,510360,2,20201009,143647700,1.575000,8000,12600.000000,-,-,S,4137875,4138093
1,1,2423161,510360,2,20201009,143647700,1.575000,8000,12600.000000,-,-,S,4137875,4138094
1,1,2423369,510360,2,20201009,143649450,1.575000,8000,12600.000000,-,-,S,4137875,4138416
1,1,2423370,510360,2,20201009,143649450,1.575000,8000,12600.000000,-,-,S,4137875,4138417
1,1,2423556,510360,2,20201009,143650760,1.575000,6400,10080.000000,-,-,S,4137875,4138763
1,1,2423610,510360,2,20201009,143651160,1.574000,3100,4879.400000,-,-,S,3605501,4138870
1,1,2423617,510360,2,20201009,143651190,1.574000,3900,6138.600000,-,-,S,3605501,4138879
1,1,2423618,510360,2,20201009,143651190,1.574000,3900,6138.600000,-,-,S,3605501,4138880
1,1,2425303,510360,2,20201009,143702730,1.575000,1800,2835.000000,-,-,S,4140736,4141413
1,1,2425461,510360,2,20201009,143704050,1.575000,1800,2835.000000,-,-,S,4140736,4141680
1,1,2425483,510360,2,20201009,143704150,1.575000,1500,2362.500000,-,-,S,4140736,4141714
1,1,2425534,510360,2,20201009,143704560,1.575000,1500,2362.500000,-,-,S,4140736,4141810
1,1,2425652,510360,2,20201009,143705020,1.575000,1500,2362.500000,-,-,S,4140736,4141946
1,1,2425734,510360,2,20201009,143705400,1.575000,1500,2362.500000,-,-,S,4140736,4142110
1,1,2425766,510360,2,20201009,143705610,1.575000,1000,1575.000000,-,-,S,4140736,4142168
1,1,2425951,510360,2,20201009,143707090,1.575000,1000,1575.000000,-,-,S,4140736,4142486
1,1,2426707,510360,2,20201009,143711810,1.577000,100,157.700000,-,-,B,4143625,4085656
1,1,2499319,510360,2,20201009,144441450,1.574000,3300,5194.200000,-,-,S,3605501,4257251
1,1,2499320,510360,2,20201009,144441450,1.574000,22100,34785.400000,-,-,S,4024410,4257251
1,1,2499323,510360,2,20201009,144441500,1.574000,25400,39979.600000,-,-,S,4024410,4257263
1,1,2499505,510360,2,20201009,144443000,1.574000,25400,39979.600000,-,-,S,4024410,4257574
1,1,2499506,510360,2,20201009,144443000,1.574000,25400,39979.600000,-,-,S,4024410,4257575
1,1,2499511,510360,2,20201009,144443050,1.574000,6400,10073.600000,-,-,S,4024410,4257583
1,1,2499556,510360,2,20201009,144443410,1.574000,6400,10073.600000,-,-,S,4024410,4257670
1,1,2499614,510360,2,20201009,144443870,1.574000,6400,10073.600000,-,-,S,4024410,4257788
1,1,2499837,510360,2,20201009,144444780,1.574000,24200,38090.800000,-,-,S,4024410,4258061
1,1,2499838,510360,2,20201009,144444780,1.574000,24200,38090.800000,-,-,S,4024410,4258062
1,1,2500036,510360,2,20201009,144446310,1.574000,24200,38090.800000,-,-,S,4024410,4258395
1,1,2500037,510360,2,20201009,144446310,1.574000,9900,15582.600000,-,-,S,4024410,4258396
1,1,2500038,510360,2,20201009,144446310,1.574000,14300,22508.200000,-,-,S,4257329,4258396
1,1,2500324,510360,2,20201009,144447800,1.574000,7800,12277.200000,-,-,S,4257329,4258805
1,1,2500325,510360,2,20201009,144447800,1.574000,15900,25026.600000,-,-,S,4257557,4258805
1,1,2500331,510360,2,20201009,144447850,1.574000,9500,14953.000000,-,-,S,4257557,4258817
1,1,2500332,510360,2,20201009,144447850,1.574000,14200,22350.800000,-,-,S,4257649,4258817
1,1,2500525,510360,2,20201009,144449330,1.573000,1000,1573.000000,-,-,S,2729090,4259118
1,1,2500526,510360,2,20201009,144449330,1.573000,1000,1573.000000,-,-,S,2772773,4259118
1,1,2500527,510360,2,20201009,144449330,1.573000,500,786.500000,-,-,S,2841031,4259118
1,1,2500528,510360,2,20201009,144449330,1.573000,21200,33347.600000,-,-,S,4185731,4259118
1,1,2500564,510360,2,20201009,144449410,1.573000,23700,37280.100000,-,-,S,4185731,4259136
1,1,2504189,510360,2,20201009,144505780,1.574000,25000,39350.000000,-,-,S,4263198,4264101
1,1,2504190,510360,2,20201009,144505780,1.574000,25000,39350.000000,-,-,S,4263198,4264102
1,1,2504385,510360,2,20201009,144507060,1.574000,25000,39350.000000,-,-,S,4263198,4264455
1,1,2504386,510360,2,20201009,144507060,1.574000,25000,39350.000000,-,-,S,4263198,4264456
1,1,2504724,510360,2,20201009,144508610,1.574000,25000,39350.000000,-,-,S,4263198,4265071
1,1,2505078,510360,2,20201009,144510310,1.573000,25000,39325.000000,-,-,S,4185731,4265548
1,1,2513520,510360,2,20201009,144549330,1.573000,4600,7235.800000,-,-,S,4185731,4277326
1,1,2518695,510360,2,20201009,144616850,1.573000,1000,1573.000000,-,-,S,4185731,4284968
1,1,2535165,510360,2,20201009,144750760,1.574000,25000,39350.000000,-,-,S,4307662,4308570
1,1,2535546,510360,2,20201009,144752540,1.574000,25000,39350.000000,-,-,S,4307662,4309064
1,1,2535733,510360,2,20201009,144753100,1.574000,3800,5981.200000,-,-,S,4307662,4309270
1,1,2563868,510360,2,20201009,145011990,1.575000,600,945.000000,-,-,B,4349683,4293419
1,1,2565280,510360,2,20201009,145016940,1.575000,100,157.500000,-,-,B,4351551,4340939
1,1,2572035,510360,2,20201009,145047010,1.575000,400,630.000000,-,-,B,4361470,4340939
1,1,2609704,510360,2,20201009,145328350,1.575000,2700,4252.500000,-,-,B,4414586,4340939
1,1,2610837,510360,2,20201009,145332990,1.575000,800,1260.000000,-,-,S,4414586,4416224
1,1,2611099,510360,2,20201009,145334360,1.575000,800,1260.000000,-,-,S,4414586,4416587
1,1,2611609,510360,2,20201009,145336200,1.574000,700,1101.800000,-,-,S,4367610,4417261
1,1,2613631,510360,2,20201009,145344100,1.575000,10000,15750.000000,-,-,S,4418864,4419959
1,1,2634326,510360,2,20201009,145500470,1.575000,20000,31500.000000,-,-,S,4432127,4446916
1,1,2647332,510360,2,20201009,145539830,1.576000,300,472.800000,-,-,B,4464809,4401281
1,1,2669692,510360,2,20201009,145726610,1.575000,3500,5512.500000,-,-,S,4486825,4503093
1,1,2672383,510360,2,20201009,145926980,1.577000,300,473.100000,-,-,B,4526567,4413965
