Datetime,Price,Volume
2020-09-29 09:25:00.960,3.32,600
2020-09-29 09:25:00.960,3.32,900
2020-09-29 09:25:00.960,3.32,24100
2020-09-29 09:25:00.960,3.32,13600
2020-09-29 09:25:00.960,3.32,11400
2020-09-29 09:25:00.960,3.32,1200
2020-09-29 09:25:00.960,3.32,900
2020-09-29 09:25:00.960,3.32,300
2020-09-29 09:25:00.960,3.32,900
2020-09-29 09:25:00.960,3.32,4900
2020-09-29 09:25:00.960,3.32,1400
2020-09-29 09:25:00.960,3.32,4200
2020-09-29 09:25:00.960,3.32,500
2020-09-29 09:25:00.960,3.32,300
2020-09-29 09:25:00.960,3.32,1100
2020-09-29 09:25:00.960,3.32,3900
2020-09-29 09:25:00.960,3.32,1700
2020-09-29 09:25:00.960,3.32,3300
2020-09-29 09:25:00.960,3.32,1600
2020-09-29 09:25:00.960,3.32,3200
2020-09-29 09:25:00.960,3.32,6500
2020-09-29 09:25:00.960,3.32,3200
2020-09-29 09:25:00.960,3.32,13000
2020-09-29 09:25:00.960,3.32,5000
2020-09-29 09:25:00.960,3.32,54200
2020-09-29 09:25:00.960,3.32,5800
2020-09-29 09:25:00.960,3.32,5000
2020-09-29 09:25:00.960,3.32,50000
2020-09-29 09:25:00.960,3.32,200
2020-09-29 09:25:00.960,3.32,20000
2020-09-29 09:25:00.960,3.32,500
2020-09-29 09:25:00.960,3.32,100
2020-09-29 09:25:00.960,3.32,1000
2020-09-29 09:25:00.960,3.32,100
2020-09-29 09:25:00.960,3.32,300
2020-09-29 09:25:00.960,3.32,100
2020-09-29 09:25:00.960,3.32,500
2020-09-29 09:25:00.960,3.32,30000
2020-09-29 09:25:00.960,3.32,20000
2020-09-29 09:25:00.960,3.32,1000
2020-09-29 09:25:00.960,3.32,2000
2020-09-29 09:25:00.960,3.32,2000
2020-09-29 09:25:00.960,3.32,100
2020-09-29 09:25:00.960,3.32,1000
2020-09-29 09:25:00.960,3.32,7700
2020-09-29 09:25:00.960,3.32,100
2020-09-29 09:25:00.960,3.32,1000
2020-09-29 09:25:00.960,3.32,100
2020-09-29 09:25:00.960,3.32,200
2020-09-29 09:25:00.960,3.32,100
2020-09-29 09:25:00.960,3.32,1000
2020-09-29 09:25:00.960,3.32,100
2020-09-29 09:25:00.960,3.32,100
2020-09-29 09:25:00.960,3.32,100
2020-09-29 09:25:00.960,3.32,1000
2020-09-29 09:25:00.960,3.32,300
2020-09-29 09:25:00.960,3.32,900
2020-09-29 09:25:00.960,3.32,8800
2020-09-29 09:25:00.960,3.32,100
2020-09-29 09:25:00.960,3.32,100
2020-09-29 09:25:00.960,3.32,1000
2020-09-29 09:25:00.960,3.32,100
2020-09-29 09:25:00.960,3.32,10000
2020-09-29 09:25:00.960,3.32,2000
2020-09-29 09:25:00.960,3.32,100
2020-09-29 09:25:00.960,3.32,6000
2020-09-29 09:25:00.960,3.32,4000
2020-09-29 09:25:00.960,3.32,100
2020-09-29 09:25:00.960,3.32,1000
2020-09-29 09:25:00.960,3.32,4900
2020-09-29 09:25:00.960,3.32,5100
2020-09-29 09:25:00.960,3.32,9400
2020-09-29 09:25:00.960,3.32,600
2020-09-29 09:25:00.960,3.32,200
2020-09-29 09:25:00.960,3.32,2000
2020-09-29 09:25:00.960,3.32,100
2020-09-29 09:25:00.960,3.32,100
2020-09-29 09:25:00.960,3.32,900
2020-09-29 09:25:00.960,3.32,300
2020-09-29 09:25:00.960,3.32,15000
2020-09-29 09:25:00.960,3.32,1000
2020-09-29 09:25:00.960,3.32,100
2020-09-29 09:25:00.960,3.32,600
2020-09-29 09:25:00.960,3.32,9300
2020-09-29 09:25:00.960,3.32,500
2020-09-29 09:25:00.960,3.32,2500
2020-09-29 09:25:00.960,3.32,468
2020-09-29 09:25:00.960,3.32,2232
2020-09-29 09:25:00.960,3.32,200
2020-09-29 09:25:00.960,3.32,1600
2020-09-29 09:25:00.960,3.32,4068
2020-09-29 09:25:00.960,3.32,1000
2020-09-29 09:25:00.960,3.32,100
2020-09-29 09:25:00.960,3.32,32
2020-09-29 09:25:00.960,3.32,968
2020-09-29 09:25:00.960,3.32,1032
2020-09-29 09:25:00.960,3.32,1968
2020-09-29 09:25:00.960,3.32,500
2020-09-29 09:25:00.960,3.32,100
2020-09-29 09:25:00.960,3.32,1000
2020-09-29 09:25:00.960,3.32,100
2020-09-29 09:25:00.960,3.32,7032
2020-09-29 09:25:00.960,3.32,2968
2020-09-29 09:25:00.960,3.32,9832
2020-09-29 09:25:00.960,3.32,168
2020-09-29 09:25:00.960,3.32,8932
2020-09-29 09:25:00.960,3.32,2068
2020-09-29 09:25:00.960,3.32,100
2020-09-29 09:25:00.960,3.32,832
2020-09-29 09:25:00.960,3.32,168
2020-09-29 09:25:00.960,3.32,2000
2020-09-29 09:25:00.960,3.32,1000
2020-09-29 09:25:00.960,3.32,2000
2020-09-29 09:25:00.960,3.32,2000
2020-09-29 09:25:00.960,3.32,300
2020-09-29 09:25:00.960,3.32,200
2020-09-29 09:25:00.960,3.32,2000
2020-09-29 09:25:00.960,3.32,200
2020-09-29 09:25:00.960,3.32,300
2020-09-29 09:25:00.960,3.32,200
2020-09-29 09:25:00.960,3.32,10000
2020-09-29 09:25:00.960,3.32,100
2020-09-29 09:25:00.960,3.32,1000
2020-09-29 09:25:00.960,3.32,5000
2020-09-29 09:25:00.960,3.32,8000
2020-09-29 09:25:00.960,3.32,6000
2020-09-29 09:25:00.960,3.32,1200
2020-09-29 09:25:00.960,3.32,500
2020-09-29 09:25:00.960,3.32,2000
2020-09-29 09:25:00.960,3.32,3000
2020-09-29 09:25:00.960,3.32,100
2020-09-29 09:25:00.960,3.32,1000
2020-09-29 09:25:00.960,3.32,100
2020-09-29 09:25:00.960,3.32,1632
2020-09-29 09:25:00.960,3.32,868
2020-09-29 09:25:00.960,3.32,4500
2020-09-29 09:25:00.960,3.32,100
2020-09-29 09:25:00.960,3.32,4000
2020-09-29 09:25:00.960,3.32,1000
2020-09-29 09:25:00.960,3.32,3000
2020-09-29 09:25:00.960,3.32,1000
2020-09-29 09:25:00.960,3.32,3400
2020-09-29 09:25:00.960,3.32,100
2020-09-29 09:25:00.960,3.32,100
2020-09-29 09:25:00.960,3.32,100
2020-09-29 09:25:00.960,3.32,1000
2020-09-29 09:25:00.960,3.32,1000
2020-09-29 09:25:00.960,3.32,4800
2020-09-29 09:25:00.960,3.32,500
2020-09-29 09:25:00.960,3.32,2600
2020-09-29 09:25:00.960,3.32,11300
2020-09-29 09:25:00.960,3.32,30000
2020-09-29 09:25:00.960,3.32,7000
2020-09-29 09:25:00.960,3.32,15132
2020-09-29 09:25:00.960,3.32,4868
2020-09-29 09:25:00.960,3.32,6000
2020-09-29 09:25:00.960,3.32,9832
2020-09-29 09:25:00.960,3.32,14600
2020-09-29 09:25:00.960,3.32,10500
2020-09-29 09:25:00.960,3.32,14700
2020-09-29 09:25:00.960,3.32,11100
2020-09-29 09:25:00.960,3.32,60000
2020-09-29 09:25:00.960,3.32,4000
2020-09-29 09:25:00.960,3.32,1600
2020-09-29 09:25:00.960,3.32,4500
2020-09-29 09:25:00.960,3.32,1800
2020-09-29 09:25:00.960,3.32,500
2020-09-29 09:25:00.960,3.32,20000
2020-09-29 09:25:00.960,3.32,27268
2020-09-29 09:25:00.960,3.32,2200
2020-09-29 09:25:00.960,3.32,9900
2020-09-29 09:25:00.960,3.32,50000
2020-09-29 09:25:00.960,3.32,100
2020-09-29 09:25:00.960,3.32,2000
2020-09-29 09:25:00.960,3.32,100
2020-09-29 09:25:00.960,3.32,1000
2020-09-29 09:25:00.960,3.32,10000
2020-09-29 09:25:00.960,3.32,10000
2020-09-29 09:25:00.960,3.32,10000
2020-09-29 09:25:00.960,3.32,300
2020-09-29 09:25:00.960,3.32,50000
2020-09-29 09:25:00.960,3.32,5000
2020-09-29 09:25:00.960,3.32,5000
2020-09-29 09:25:00.960,3.32,400
2020-09-29 09:25:00.960,3.32,600
2020-09-29 09:25:00.960,3.32,10000
2020-09-29 09:25:00.960,3.32,2000
2020-09-29 09:25:00.960,3.32,1000
2020-09-29 09:25:00.960,3.32,3300
2020-09-29 09:25:00.960,3.32,48500
2020-09-29 09:25:00.960,3.32,2000
2020-09-29 09:25:00.960,3.32,1000
2020-09-29 09:25:00.960,3.32,300
2020-09-29 09:25:00.960,3.32,1000
2020-09-29 09:25:00.960,3.32,12500
2020-09-29 09:25:00.960,3.32,34532
2020-09-29 09:25:00.960,3.32,15000
2020-09-29 09:25:00.960,3.32,13168
2020-09-29 09:25:00.960,3.32,6732
2020-09-29 09:25:00.960,3.32,3268
2020-09-29 09:25:00.960,3.32,11332
2020-09-29 09:25:00.960,3.32,2000
2020-09-29 09:25:00.960,3.32,46668
2020-09-29 09:25:00.960,3.32,1500
2020-09-29 09:25:00.960,3.32,100
2020-09-29 09:25:00.960,3.32,500
2020-09-29 09:25:00.960,3.32,5000
2020-09-29 09:25:00.960,3.32,3000
2020-09-29 09:25:00.960,3.32,12000
2020-09-29 09:25:00.960,3.32,3100
2020-09-29 09:25:00.960,3.32,500
2020-09-29 09:25:00.960,3.32,2000
2020-09-29 09:25:00.960,3.32,5000
2020-09-29 09:25:00.960,3.32,200
2020-09-29 09:25:00.960,3.32,30000
2020-09-29 09:25:00.960,3.32,100
2020-09-29 09:25:00.960,3.32,10000
2020-09-29 09:25:00.960,3.32,100
2020-09-29 09:25:00.960,3.32,5000
2020-09-29 09:25:00.960,3.32,1000
2020-09-29 09:25:00.960,3.32,2000
2020-09-29 09:25:00.960,3.32,300
2020-09-29 09:25:00.960,3.32,10000
2020-09-29 09:25:00.960,3.32,7700
2020-09-29 09:25:00.960,3.32,20000
2020-09-29 09:25:00.960,3.32,10000
2020-09-29 09:25:00.960,3.32,1000
2020-09-29 09:25:00.960,3.32,108600
2020-09-29 09:25:00.960,3.32,10000
2020-09-29 09:25:00.960,3.32,9100
2020-09-29 09:25:00.960,3.32,100
2020-09-29 09:25:00.960,3.32,3300
2020-09-29 09:25:00.960,3.32,10000
2020-09-29 09:25:00.960,3.32,7000
2020-09-29 09:25:00.960,3.32,1000
2020-09-29 09:25:00.960,3.32,100
2020-09-29 09:25:00.960,3.32,10000
2020-09-29 09:25:00.960,3.32,100
2020-09-29 09:25:00.960,3.32,1000
2020-09-29 09:25:00.960,3.32,1200
2020-09-29 09:25:00.960,3.32,2000
2020-09-29 09:25:00.960,3.32,100
2020-09-29 09:25:00.960,3.32,6000
2020-09-29 09:25:00.960,3.32,10000
2020-09-29 09:25:00.960,3.32,1000
2020-09-29 09:25:00.960,3.32,500
2020-09-29 09:25:00.960,3.32,3500
2020-09-29 09:25:00.960,3.32,10000
2020-09-29 09:25:00.960,3.32,5100
2020-09-29 09:25:00.960,3.32,3100
2020-09-29 09:25:00.960,3.32,200
2020-09-29 09:25:00.960,3.32,300
2020-09-29 09:25:00.960,3.32,11000
2020-09-29 09:25:00.960,3.32,200
2020-09-29 09:25:00.960,3.32,10000
2020-09-29 09:25:00.960,3.32,5000
2020-09-29 09:25:00.960,3.32,200
2020-09-29 09:25:00.960,3.32,100
2020-09-29 09:25:00.960,3.32,900
2020-09-29 09:25:00.960,3.32,100
2020-09-29 09:25:00.960,3.32,200
2020-09-29 09:25:00.960,3.32,1500
2020-09-29 09:25:00.960,3.32,100
2020-09-29 09:25:00.960,3.32,100
2020-09-29 09:25:00.960,3.32,4000
2020-09-29 09:25:00.960,3.32,1000
2020-09-29 09:25:00.960,3.32,6800
2020-09-29 09:25:00.960,3.32,10000
2020-09-29 09:25:00.960,3.32,1500
2020-09-29 09:25:00.960,3.32,10000
2020-09-29 09:25:00.960,3.32,1600
2020-09-29 09:25:00.960,3.32,100
2020-09-29 09:25:00.960,3.32,20000
2020-09-29 09:25:00.960,3.32,2000
2020-09-29 09:25:00.960,3.32,7000
2020-09-29 09:25:00.960,3.32,2000
2020-09-29 09:25:00.960,3.32,3500
2020-09-29 09:25:00.960,3.32,3000
2020-09-29 09:25:00.960,3.32,1500
2020-09-29 09:25:00.960,3.32,10000
2020-09-29 09:25:00.960,3.32,100
2020-09-29 09:25:00.960,3.32,500
2020-09-29 09:25:00.960,3.32,10000
2020-09-29 09:25:00.960,3.32,3000
2020-09-29 09:25:00.960,3.32,10000
2020-09-29 09:25:00.960,3.32,7000
2020-09-29 09:25:00.960,3.32,1000
2020-09-29 09:25:00.960,3.32,1000
2020-09-29 09:25:00.960,3.32,3000
2020-09-29 09:25:00.960,3.32,100
2020-09-29 09:25:00.960,3.32,2500
2020-09-29 09:25:00.960,3.32,2000
2020-09-29 09:25:00.960,3.32,20000
2020-09-29 09:25:00.960,3.32,100
2020-09-29 09:25:00.960,3.32,5000
2020-09-29 09:25:00.960,3.32,12000
2020-09-29 09:25:00.960,3.32,12000
2020-09-29 09:30:00.210,3.32,300000
2020-09-29 09:30:00.210,3.32,100
2020-09-29 09:30:00.250,3.321,1400
2020-09-29 09:30:00.250,3.321,100
2020-09-29 09:30:00.250,3.321,100
2020-09-29 09:30:00.250,3.321,3400
2020-09-29 09:30:00.310,3.321,2500
2020-09-29 09:30:00.310,3.321,300
2020-09-29 09:30:00.310,3.321,1000
2020-09-29 09:30:00.310,3.321,5000
2020-09-29 09:30:00.310,3.321,3000
2020-09-29 09:30:00.310,3.321,600
2020-09-29 09:30:00.310,3.321,200
2020-09-29 09:30:00.310,3.321,300
2020-09-29 09:30:00.350,3.32,17132
2020-09-29 09:30:00.350,3.319,13368
2020-09-29 09:30:00.450,3.32,200
2020-09-29 09:30:00.450,3.32,2500
2020-09-29 09:30:00.450,3.321,2700
2020-09-29 09:30:00.450,3.321,3600
2020-09-29 09:30:00.650,3.32,5000
2020-09-29 09:30:00.650,3.32,500
2020-09-29 09:30:00.650,3.32,10500
2020-09-29 09:30:00.650,3.32,4000
2020-09-29 09:30:00.650,3.32,30000
2020-09-29 09:30:00.650,3.321,11400
2020-09-29 09:30:00.650,3.321,200
2020-09-29 09:30:00.650,3.321,12000
2020-09-29 09:30:00.650,3.321,13000
2020-09-29 09:30:00.650,3.321,1600
2020-09-29 09:30:00.650,3.321,1100
2020-09-29 09:30:00.650,3.322,11000
2020-09-29 09:30:00.650,3.322,200
2020-09-29 09:30:00.650,3.322,1000
2020-09-29 09:30:00.650,3.322,200
2020-09-29 09:30:00.650,3.322,100
2020-09-29 09:30:00.650,3.322,5000
2020-09-29 09:30:00.650,3.322,5000
2020-09-29 09:30:00.650,3.322,100
2020-09-29 09:30:00.650,3.322,1000
2020-09-29 09:30:00.650,3.322,1000
2020-09-29 09:30:00.650,3.322,6000
2020-09-29 09:30:00.650,3.322,200000
2020-09-29 09:30:00.650,3.322,10000
2020-09-29 09:30:00.650,3.322,1000
2020-09-29 09:30:00.650,3.322,7100
2020-09-29 09:30:00.650,3.322,41700
2020-09-29 09:30:00.650,3.322,1000
2020-09-29 09:30:00.650,3.322,100
2020-09-29 09:30:00.650,3.322,20000
2020-09-29 09:30:00.650,3.322,12000
2020-09-29 09:30:00.650,3.322,14000
2020-09-29 09:30:00.650,3.322,13300
2020-09-29 09:30:00.650,3.322,60300
2020-09-29 09:30:00.650,3.322,3000
2020-09-29 09:30:00.650,3.322,5000
2020-09-29 09:30:00.740,3.322,3000
2020-09-29 09:30:00.970,3.322,4600
2020-09-29 09:30:00.970,3.321,400
2020-09-29 09:30:00.970,3.321,1000
2020-09-29 09:30:00.970,3.321,600
2020-09-29 09:30:00.970,3.321,500
2020-09-29 09:30:00.970,3.32,1200
2020-09-29 09:30:00.970,3.319,500
2020-09-29 09:30:01.030,3.32,900
2020-09-29 09:30:01.030,3.32,1000
2020-09-29 09:30:01.030,3.32,1500
2020-09-29 09:30:01.030,3.32,5000
2020-09-29 09:30:01.030,3.319,9500
2020-09-29 09:30:01.030,3.32,1000
2020-09-29 09:30:01.030,3.32,600
2020-09-29 09:30:01.030,3.32,400
2020-09-29 09:30:01.100,3.32,100
2020-09-29 09:30:01.100,3.32,2900
2020-09-29 09:30:01.100,3.32,100
2020-09-29 09:30:01.100,3.32,400
2020-09-29 09:30:01.100,3.32,1600
2020-09-29 09:30:01.100,3.319,6500
2020-09-29 09:30:01.100,3.319,600
2020-09-29 09:30:01.100,3.319,1000
2020-09-29 09:30:01.100,3.318,12000
2020-09-29 09:30:01.200,3.319,3000
2020-09-29 09:30:01.240,3.318,2800
2020-09-29 09:30:01.290,3.319,900
2020-09-29 09:30:01.290,3.32,1100
2020-09-29 09:30:01.290,3.32,300
2020-09-29 09:30:01.290,3.32,100
2020-09-29 09:30:01.290,3.32,100
2020-09-29 09:30:01.290,3.32,9900
2020-09-29 09:30:01.290,3.32,1800
2020-09-29 09:30:01.370,3.32,61100
2020-09-29 09:30:01.370,3.32,5000
2020-09-29 09:30:01.370,3.32,2000
2020-09-29 09:30:01.500,3.318,1200
2020-09-29 09:30:01.500,3.318,3800
2020-09-29 09:30:01.500,3.32,200
2020-09-29 09:30:01.500,3.32,2300
2020-09-29 09:30:01.500,3.32,1000
2020-09-29 09:30:01.500,3.32,4000
2020-09-29 09:30:01.500,3.32,2800
2020-09-29 09:30:01.500,3.32,4000
2020-09-29 09:30:01.500,3.32,100
2020-09-29 09:30:01.500,3.32,5300
2020-09-29 09:30:01.500,3.32,9000
2020-09-29 09:30:01.500,3.32,48500
2020-09-29 09:30:01.500,3.32,15000
2020-09-29 09:30:01.500,3.32,5000
2020-09-29 09:30:01.620,3.321,200
2020-09-29 09:30:01.620,3.321,500
2020-09-29 09:30:01.620,3.321,20000
2020-09-29 09:30:01.620,3.321,5000
2020-09-29 09:30:01.620,3.321,1000
2020-09-29 09:30:01.620,3.321,1200
2020-09-29 09:30:01.620,3.321,4300
2020-09-29 09:30:01.620,3.321,9500
2020-09-29 09:30:01.620,3.321,1000
2020-09-29 09:30:01.620,3.32,4000
2020-09-29 09:30:01.740,3.32,6000
2020-09-29 09:30:01.740,3.32,100
2020-09-29 09:30:01.740,3.32,10000
2020-09-29 09:30:01.740,3.321,500
2020-09-29 09:30:01.740,3.32,40000
2020-09-29 09:30:01.740,3.32,12900
2020-09-29 09:30:01.740,3.32,100000
2020-09-29 09:30:01.740,3.32,3200
2020-09-29 09:30:01.900,3.32,8000
2020-09-29 09:30:01.900,3.32,55900
2020-09-29 09:30:01.900,3.32,5000
2020-09-29 09:30:01.900,3.321,39100
2020-09-29 09:30:01.900,3.319,9400
2020-09-29 09:30:02.020,3.319,3800
2020-09-29 09:30:02.020,3.319,200
2020-09-29 09:30:02.020,3.319,15000
2020-09-29 09:30:02.020,3.319,1500
2020-09-29 09:30:02.020,3.319,100
2020-09-29 09:30:02.020,3.32,600
2020-09-29 09:30:02.020,3.32,4000
2020-09-29 09:30:02.150,3.32,400
2020-09-29 09:30:02.150,3.32,20000
2020-09-29 09:30:02.150,3.32,400
2020-09-29 09:30:02.150,3.32,6000
2020-09-29 09:30:02.150,3.32,100
2020-09-29 09:30:02.150,3.32,2600
2020-09-29 09:30:02.150,3.32,2600
2020-09-29 09:30:02.150,3.32,2400
2020-09-29 09:30:02.150,3.321,145600
2020-09-29 09:30:02.150,3.321,1000
2020-09-29 09:30:02.150,3.321,10000
2020-09-29 09:30:02.150,3.321,6000
2020-09-29 09:30:02.150,3.321,10000
2020-09-29 09:30:02.150,3.321,30000
2020-09-29 09:30:02.150,3.321,1000
2020-09-29 09:30:02.150,3.321,3800
2020-09-29 09:30:02.150,3.321,500
2020-09-29 09:30:02.150,3.321,10000
2020-09-29 09:30:02.150,3.321,900
2020-09-29 09:30:02.150,3.321,5000
2020-09-29 09:30:02.150,3.321,100
2020-09-29 09:30:02.150,3.321,5000
2020-09-29 09:30:02.150,3.321,4000
2020-09-29 09:30:02.150,3.321,6000
2020-09-29 09:30:02.150,3.321,76500
2020-09-29 09:30:02.150,3.321,2000
2020-09-29 09:30:02.150,3.322,148100
2020-09-29 09:30:02.150,3.32,12100
2020-09-29 09:30:02.280,3.321,2900
2020-09-29 09:30:02.280,3.32,100
2020-09-29 09:30:02.280,3.322,4900
2020-09-29 09:30:02.280,3.321,1000
2020-09-29 09:30:02.280,3.321,2800
2020-09-29 09:30:02.280,3.321,7200
2020-09-29 09:30:02.370,3.321,1000
2020-09-29 09:30:02.420,3.321,1800
2020-09-29 09:30:02.420,3.321,2000
2020-09-29 09:30:02.490,3.321,4000
2020-09-29 09:30:02.490,3.321,3000
2020-09-29 09:30:02.490,3.321,10000
2020-09-29 09:30:02.490,3.32,2100
2020-09-29 09:30:02.490,3.32,900
2020-09-29 09:30:02.490,3.322,10000
2020-09-29 09:30:02.610,3.32,1000
2020-09-29 09:30:02.610,3.32,100
2020-09-29 09:30:02.610,3.321,26300
2020-09-29 09:30:02.660,3.321,3600
2020-09-29 09:30:02.660,3.321,2000
2020-09-29 09:30:02.660,3.321,3000
2020-09-29 09:30:02.720,3.321,1000
2020-09-29 09:30:02.830,3.321,1000
2020-09-29 09:30:02.880,3.321,15000
2020-09-29 09:30:02.880,3.321,100
2020-09-29 09:30:02.960,3.321,18000
2020-09-29 09:30:02.960,3.322,32200
2020-09-29 09:30:02.960,3.321,10000
2020-09-29 09:30:02.960,3.321,1000
2020-09-29 09:30:02.960,3.321,3000
2020-09-29 09:30:03.030,3.321,300
2020-09-29 09:30:03.080,3.321,3000
2020-09-29 09:30:03.130,3.321,300
2020-09-29 09:30:03.170,3.321,5000
2020-09-29 09:30:03.170,3.321,1400
2020-09-29 09:30:03.170,3.321,1500
2020-09-29 09:30:03.170,3.321,1500
2020-09-29 09:30:03.170,3.321,200
2020-09-29 09:30:03.170,3.321,3000
2020-09-29 09:30:03.170,3.321,3100
2020-09-29 09:30:03.170,3.321,1500
2020-09-29 09:30:03.170,3.321,1400
2020-09-29 09:30:03.170,3.321,1100
2020-09-29 09:30:03.170,3.321,200
2020-09-29 09:30:03.170,3.321,1700
2020-09-29 09:30:03.170,3.321,4000
2020-09-29 09:30:03.170,3.321,800
2020-09-29 09:30:03.210,3.322,1500
2020-09-29 09:30:03.210,3.322,3300
2020-09-29 09:30:03.210,3.322,500
2020-09-29 09:30:03.210,3.322,10000
2020-09-29 09:30:03.210,3.322,3000
2020-09-29 09:30:03.210,3.322,3000
2020-09-29 09:30:03.210,3.322,100
2020-09-29 09:30:03.210,3.322,1500
2020-09-29 09:30:03.210,3.323,11200
2020-09-29 09:30:03.210,3.323,100
2020-09-29 09:30:03.210,3.323,100
2020-09-29 09:30:03.210,3.323,1000
2020-09-29 09:30:03.210,3.323,1000
2020-09-29 09:30:03.210,3.323,100
2020-09-29 09:30:03.210,3.323,6700
2020-09-29 09:30:03.270,3.321,5200
2020-09-29 09:30:03.270,3.321,900
2020-09-29 09:30:03.270,3.321,900
2020-09-29 09:30:03.270,3.32,1100
2020-09-29 09:30:03.270,3.32,10000
2020-09-29 09:30:03.270,3.32,1500
2020-09-29 09:30:03.270,3.32,400
2020-09-29 09:30:03.270,3.32,500
2020-09-29 09:30:03.270,3.321,600
2020-09-29 09:30:03.330,3.321,200
2020-09-29 09:30:03.330,3.321,1000
2020-09-29 09:30:03.380,3.321,3800
2020-09-29 09:30:03.440,3.323,11800
2020-09-29 09:30:03.440,3.323,2000
2020-09-29 09:30:03.440,3.323,300
2020-09-29 09:30:03.440,3.323,700
2020-09-29 09:30:03.440,3.323,6000
2020-09-29 09:30:03.440,3.323,15000
2020-09-29 09:30:03.440,3.323,3000
2020-09-29 09:30:03.440,3.323,3500
2020-09-29 09:30:03.440,3.323,2700
2020-09-29 09:30:03.480,3.322,3600
2020-09-29 09:30:03.570,3.322,11500
2020-09-29 09:30:03.570,3.321,900
2020-09-29 09:30:03.570,3.321,100
2020-09-29 09:30:03.650,3.32,100
2020-09-29 09:30:03.690,3.32,200
2020-09-29 09:30:03.730,3.321,9000
2020-09-29 09:30:03.810,3.321,700
2020-09-29 09:30:03.850,3.32,8800
2020-09-29 09:30:03.850,3.32,1300
2020-09-29 09:30:03.900,3.321,500
2020-09-29 09:30:03.930,3.321,1000
2020-09-29 09:30:03.930,3.32,1000
2020-09-29 09:30:04.010,3.32,2700
2020-09-29 09:30:04.010,3.32,400
2020-09-29 09:30:04.010,3.32,400
2020-09-29 09:30:04.010,3.32,300
2020-09-29 09:30:04.010,3.32,1300
2020-09-29 09:30:04.010,3.32,300
2020-09-29 09:30:04.190,3.32,100
2020-09-29 09:30:04.220,3.32,500
2020-09-29 09:30:04.350,3.32,5000
2020-09-29 09:30:04.350,3.32,10000
2020-09-29 09:30:04.350,3.32,7600
2020-09-29 09:30:04.350,3.32,2400
2020-09-29 09:30:04.380,3.32,300
2020-09-29 09:30:04.380,3.32,12200
2020-09-29 09:30:04.420,3.32,3000
2020-09-29 09:30:04.780,3.32,3000
2020-09-29 09:30:05.010,3.32,300
2020-09-29 09:30:05.170,3.319,2500
2020-09-29 09:30:05.250,3.32,600
2020-09-29 09:30:05.340,3.32,10000
2020-09-29 09:30:05.450,3.319,1100
2020-09-29 09:30:05.450,3.319,3900
2020-09-29 09:30:05.540,3.32,5800
2020-09-29 09:30:05.540,3.32,10000
2020-09-29 09:30:05.540,3.32,200
2020-09-29 09:30:05.580,3.32,2200
2020-09-29 09:30:05.580,3.32,9800
2020-09-29 09:30:05.620,3.32,1500
2020-09-29 09:30:05.620,3.32,200
2020-09-29 09:30:05.620,3.32,800
2020-09-29 09:30:05.620,3.32,300
2020-09-29 09:30:05.620,3.32,1200
2020-09-29 09:30:05.620,3.32,300
2020-09-29 09:30:05.620,3.32,1600
2020-09-29 09:30:05.660,3.32,1500
2020-09-29 09:30:05.990,3.32,4600
2020-09-29 09:30:05.990,3.319,100
2020-09-29 09:30:06.200,3.32,100
2020-09-29 09:30:06.390,3.319,1000
2020-09-29 09:30:06.390,3.319,4000
2020-09-29 09:30:06.530,3.319,5000
2020-09-29 09:30:06.650,3.32,7200
2020-09-29 09:30:06.650,3.32,2000
2020-09-29 09:30:06.650,3.32,500
2020-09-29 09:30:06.650,3.32,200
2020-09-29 09:30:06.650,3.32,300
2020-09-29 09:30:06.650,3.32,100
2020-09-29 09:30:06.650,3.32,2600
2020-09-29 09:30:06.650,3.32,2100
2020-09-29 09:30:06.690,3.32,87900
2020-09-29 09:30:06.690,3.32,2100
2020-09-29 09:30:06.690,3.32,3800
2020-09-29 09:30:06.690,3.32,1000
2020-09-29 09:30:06.690,3.32,1700
2020-09-29 09:30:06.790,3.319,7000
2020-09-29 09:30:06.790,3.319,6000
2020-09-29 09:30:06.790,3.319,1500
2020-09-29 09:30:06.790,3.32,300
2020-09-29 09:30:06.920,3.32,3000
2020-09-29 09:30:06.920,3.32,5000
2020-09-29 09:30:06.970,3.32,100
2020-09-29 09:30:07.000,3.32,15100
2020-09-29 09:30:07.140,3.32,3800
2020-09-29 09:30:07.180,3.32,200
2020-09-29 09:30:07.300,3.32,2400
2020-09-29 09:30:07.330,3.32,1100
2020-09-29 09:30:07.330,3.32,600
2020-09-29 09:30:07.330,3.32,900
2020-09-29 09:30:07.360,3.32,400
2020-09-29 09:30:07.480,3.32,500
2020-09-29 09:30:08.590,3.319,3000
2020-09-29 09:30:09.340,3.319,100
2020-09-29 09:30:09.430,3.319,600
2020-09-29 09:30:09.840,3.319,25200
2020-09-29 09:30:11.040,3.32,3000
2020-09-29 09:30:11.740,3.32,6400
2020-09-29 09:30:13.510,3.32,100
2020-09-29 09:30:13.630,3.32,17700
2020-09-29 09:30:14.480,3.32,800
2020-09-29 09:30:14.650,3.32,1000
2020-09-29 09:30:15.290,3.32,10000
2020-09-29 09:30:15.320,3.32,10000
2020-09-29 09:30:15.640,3.32,1500
2020-09-29 09:30:15.960,3.32,10500
2020-09-29 09:30:16.020,3.319,500
2020-09-29 09:30:16.020,3.319,9500
2020-09-29 09:30:16.020,3.319,300
2020-09-29 09:30:16.020,3.319,5000
2020-09-29 09:30:16.760,3.319,200000
2020-09-29 09:30:17.270,3.319,2000
2020-09-29 09:30:17.390,3.319,100
2020-09-29 09:30:17.780,3.319,700
2020-09-29 09:30:18.670,3.319,3700
2020-09-29 09:30:19.410,3.319,3200
2020-09-29 09:30:19.540,3.319,2000
2020-09-29 09:30:21.390,3.318,6200
2020-09-29 09:30:21.390,3.318,800
2020-09-29 09:30:21.920,3.318,5200
2020-09-29 09:30:23.130,3.319,10600
2020-09-29 09:30:24.170,3.319,600
2020-09-29 09:30:24.740,3.319,6200
2020-09-29 09:30:24.860,3.319,25000
2020-09-29 09:30:25.240,3.318,10000
2020-09-29 09:30:25.900,3.318,400
2020-09-29 09:30:26.190,3.318,16300
2020-09-29 09:30:26.450,3.319,1500
2020-09-29 09:30:27.080,3.319,1600
2020-09-29 09:30:27.730,3.318,5000
2020-09-29 09:30:27.860,3.318,12300
2020-09-29 09:30:27.860,3.318,100
2020-09-29 09:30:27.860,3.318,1600
2020-09-29 09:30:27.860,3.318,200
2020-09-29 09:30:27.860,3.318,500
2020-09-29 09:30:27.860,3.318,500
2020-09-29 09:30:27.860,3.318,1400
2020-09-29 09:30:27.860,3.318,10000
2020-09-29 09:30:27.860,3.318,6000
2020-09-29 09:30:27.860,3.318,1000
2020-09-29 09:30:27.860,3.318,66400
2020-09-29 09:30:28.480,3.318,200
2020-09-29 09:30:28.840,3.318,100
2020-09-29 09:30:29.020,3.318,3000
2020-09-29 09:30:29.210,3.318,100
2020-09-29 09:30:29.210,3.318,8900
2020-09-29 09:30:29.690,3.318,1400
2020-09-29 09:30:29.890,3.318,2200
2020-09-29 09:30:29.890,3.318,8400
2020-09-29 09:30:30.370,3.318,9300
2020-09-29 09:30:30.370,3.318,3100
2020-09-29 09:30:30.370,3.318,56900
2020-09-29 09:30:30.370,3.318,1000
2020-09-29 09:30:30.370,3.318,150000
2020-09-29 09:30:30.370,3.318,1500
2020-09-29 09:30:30.370,3.318,40000
2020-09-29 09:30:30.370,3.317,100
2020-09-29 09:30:30.370,3.317,100
2020-09-29 09:30:30.370,3.317,65800
2020-09-29 09:30:30.370,3.317,1000
2020-09-29 09:30:30.370,3.317,200
2020-09-29 09:30:30.370,3.317,3000
2020-09-29 09:30:30.370,3.317,2000
2020-09-29 09:30:30.370,3.317,100
2020-09-29 09:30:30.370,3.317,4000
2020-09-29 09:30:30.370,3.317,1200
2020-09-29 09:30:30.370,3.317,1500
2020-09-29 09:30:30.370,3.317,1000
2020-09-29 09:30:30.370,3.317,1000
2020-09-29 09:30:30.370,3.317,1000
2020-09-29 09:30:30.370,3.317,100
2020-09-29 09:30:30.370,3.317,2000
2020-09-29 09:30:30.370,3.317,500
2020-09-29 09:30:30.370,3.317,302600
2020-09-29 09:30:30.370,3.317,15000
2020-09-29 09:30:30.370,3.317,100
2020-09-29 09:30:30.370,3.317,300
2020-09-29 09:30:30.370,3.317,2000
2020-09-29 09:30:30.370,3.317,60200
2020-09-29 09:30:30.370,3.317,3000
2020-09-29 09:30:30.370,3.317,100
2020-09-29 09:30:30.370,3.317,6000
2020-09-29 09:30:30.370,3.317,35000
2020-09-29 09:30:30.370,3.317,133001
2020-09-29 09:30:30.950,3.318,5000
2020-09-29 09:30:30.950,3.318,2700
2020-09-29 09:30:30.950,3.318,17300
2020-09-29 09:30:30.970,3.318,40700
2020-09-29 09:30:31.080,3.318,30000
2020-09-29 09:30:31.110,3.318,10000
2020-09-29 09:30:31.410,3.319,1000
2020-09-29 09:30:31.690,3.318,6000
2020-09-29 09:30:32.490,3.318,2600
2020-09-29 09:30:32.490,3.318,7200
2020-09-29 09:30:32.540,3.318,200
2020-09-29 09:30:32.920,3.318,12100
2020-09-29 09:30:33.030,3.318,235300
2020-09-29 09:30:33.110,3.319,2000
2020-09-29 09:30:33.160,3.319,25000
2020-09-29 09:30:33.160,3.319,5000
2020-09-29 09:30:33.160,3.319,1500
2020-09-29 09:30:33.160,3.319,4100
2020-09-29 09:30:33.440,3.318,3500
2020-09-29 09:30:33.670,3.318,1000
2020-09-29 09:30:33.690,3.318,3000
2020-09-29 09:30:33.980,3.318,100
2020-09-29 09:30:34.310,3.318,4300
2020-09-29 09:30:34.580,3.318,24400
2020-09-29 09:30:34.950,3.318,1500
2020-09-29 09:30:35.080,3.318,4800
2020-09-29 09:30:35.080,3.318,40000
2020-09-29 09:30:35.080,3.318,10000
2020-09-29 09:30:35.080,3.318,166900
2020-09-29 09:30:35.540,3.318,3800
2020-09-29 09:30:35.650,3.318,300000
2020-09-29 09:30:35.650,3.317,149099
2020-09-29 09:30:35.650,3.317,4000
2020-09-29 09:30:35.650,3.317,3000
2020-09-29 09:30:35.650,3.317,100
2020-09-29 09:30:35.650,3.317,60300
2020-09-29 09:30:35.650,3.317,40000
2020-09-29 09:30:35.650,3.317,12000
2020-09-29 09:30:35.650,3.317,20000
2020-09-29 09:30:36.000,3.317,400
2020-09-29 09:30:36.460,3.317,300000
2020-09-29 09:30:36.970,3.317,100
2020-09-29 09:30:37.330,3.317,84500
2020-09-29 09:30:37.530,3.317,226501
2020-09-29 09:30:37.530,3.317,36700
2020-09-29 09:30:38.140,3.318,500
2020-09-29 09:30:38.670,3.317,9000
2020-09-29 09:30:38.860,3.318,40000
2020-09-29 09:30:39.060,3.317,4500
2020-09-29 09:30:39.310,3.318,5000
2020-09-29 09:30:39.450,3.318,800
2020-09-29 09:30:39.570,3.317,16900
2020-09-29 09:30:41.320,3.318,200
2020-09-29 09:30:41.320,3.317,6399
2020-09-29 09:30:41.320,3.317,3601
2020-09-29 09:30:41.780,3.318,300
2020-09-29 09:30:41.810,3.318,40000
2020-09-29 09:30:42.140,3.317,1100
2020-09-29 09:30:42.400,3.317,5000
2020-09-29 09:30:43.200,3.317,6000
2020-09-29 09:30:43.540,3.317,284299
2020-09-29 09:30:43.540,3.317,15701
2020-09-29 09:30:43.760,3.317,4299
2020-09-29 09:30:43.760,3.317,15701
2020-09-29 09:30:43.870,3.317,200
2020-09-29 09:30:44.280,3.318,59500
2020-09-29 09:30:44.280,3.318,8000
2020-09-29 09:30:44.280,3.318,18800
2020-09-29 09:30:44.280,3.318,10000
2020-09-29 09:30:44.280,3.318,5000
2020-09-29 09:30:44.280,3.318,3000
2020-09-29 09:30:44.280,3.318,20000
2020-09-29 09:30:44.280,3.318,4000
2020-09-29 09:30:44.280,3.318,10000
2020-09-29 09:30:44.280,3.318,5000
2020-09-29 09:30:44.280,3.318,500
2020-09-29 09:30:44.760,3.318,1100
2020-09-29 09:30:44.760,3.318,5000
2020-09-29 09:30:44.810,3.318,200
2020-09-29 09:30:44.840,3.318,200
2020-09-29 09:30:45.970,3.317,8200
2020-09-29 09:30:46.160,3.317,13600
2020-09-29 09:30:46.180,3.317,2299
2020-09-29 09:30:46.180,3.317,2501
2020-09-29 09:30:47.980,3.317,900
2020-09-29 09:30:48.290,3.317,500
2020-09-29 09:30:48.310,3.318,54200
2020-09-29 09:30:48.310,3.318,100
2020-09-29 09:30:48.310,3.318,2000
2020-09-29 09:30:48.310,3.318,2400
2020-09-29 09:30:48.310,3.318,8700
2020-09-29 09:30:48.310,3.318,20800
2020-09-29 09:30:48.410,3.318,11000
2020-09-29 09:30:48.900,3.318,200
2020-09-29 09:30:49.610,3.318,5000
2020-09-29 09:30:49.750,3.318,195600
2020-09-29 09:30:49.750,3.318,6100
2020-09-29 09:30:49.750,3.318,1500
2020-09-29 09:30:49.750,3.318,1000
2020-09-29 09:30:49.750,3.317,18600
2020-09-29 09:30:49.750,3.317,1000
2020-09-29 09:30:49.750,3.317,10500
2020-09-29 09:30:49.860,3.317,9500
2020-09-29 09:30:49.860,3.317,5000
2020-09-29 09:30:50.940,3.317,5000
2020-09-29 09:30:51.960,3.318,1000
2020-09-29 09:30:51.960,3.318,2000
2020-09-29 09:30:51.960,3.317,12300
2020-09-29 09:30:53.170,3.318,5000
2020-09-29 09:30:53.170,3.319,1000
2020-09-29 09:30:53.170,3.319,14000
2020-09-29 09:30:53.170,3.319,100
2020-09-29 09:30:53.170,3.319,100
2020-09-29 09:30:53.170,3.319,2000
2020-09-29 09:30:53.170,3.319,9400
2020-09-29 09:30:53.630,3.319,10600
2020-09-29 09:30:53.630,3.319,1500
2020-09-29 09:30:53.630,3.319,10000
2020-09-29 09:30:53.630,3.319,47900
2020-09-29 09:30:55.030,3.318,1200
2020-09-29 09:30:57.040,3.317,4600
2020-09-29 09:30:57.040,3.317,100
2020-09-29 09:30:57.040,3.317,15300
2020-09-29 09:30:57.880,3.317,5100
2020-09-29 09:30:58.160,3.317,100
2020-09-29 09:30:58.210,3.317,6000
2020-09-29 09:30:58.400,3.317,5000
2020-09-29 09:30:58.400,3.317,200
2020-09-29 09:30:59.510,3.317,400
2020-09-29 09:31:01.000,3.317,400
2020-09-29 09:31:01.850,3.317,167700
2020-09-29 09:31:01.850,3.317,4000
2020-09-29 09:31:01.850,3.317,3500
2020-09-29 09:31:01.850,3.317,1000
2020-09-29 09:31:01.850,3.317,3000
2020-09-29 09:31:03.240,3.317,53400
2020-09-29 09:31:05.860,3.316,5000
2020-09-29 09:31:05.860,3.316,1000
2020-09-29 09:31:05.860,3.316,8800
2020-09-29 09:31:05.860,3.316,12000
2020-09-29 09:31:05.860,3.316,20000
2020-09-29 09:31:05.860,3.316,100
2020-09-29 09:31:05.860,3.315,20000
2020-09-29 09:31:05.860,3.315,300
2020-09-29 09:31:05.860,3.315,400
2020-09-29 09:31:05.860,3.315,3100
2020-09-29 09:31:05.860,3.315,1000
2020-09-29 09:31:05.860,3.315,700
2020-09-29 09:31:05.860,3.315,1500
2020-09-29 09:31:05.860,3.315,100
2020-09-29 09:31:05.860,3.315,800
2020-09-29 09:31:05.860,3.315,3000
2020-09-29 09:31:05.860,3.315,100
2020-09-29 09:31:05.860,3.315,100
2020-09-29 09:31:05.860,3.315,12000
2020-09-29 09:31:05.860,3.315,10000
2020-09-29 09:31:05.860,3.315,20000
2020-09-29 09:31:05.860,3.315,11200
2020-09-29 09:31:06.440,3.315,100
2020-09-29 09:31:08.990,3.316,2000
2020-09-29 09:31:08.990,3.316,20000
2020-09-29 09:31:09.300,3.317,30000
2020-09-29 09:31:09.610,3.317,5000
2020-09-29 09:31:09.670,3.317,2500
2020-09-29 09:31:12.840,3.316,800
2020-09-29 09:31:13.010,3.316,2200
2020-09-29 09:31:13.010,3.316,3000
2020-09-29 09:31:13.010,3.316,1900
2020-09-29 09:31:13.010,3.317,9900
2020-09-29 09:31:13.010,3.317,28100
2020-09-29 09:31:13.230,3.316,8400
2020-09-29 09:31:13.330,3.317,1300
2020-09-29 09:31:13.330,3.317,298700
2020-09-29 09:31:13.730,3.316,10000
2020-09-29 09:31:13.810,3.317,300
2020-09-29 09:31:14.920,3.316,1600
2020-09-29 09:31:14.920,3.316,3400
2020-09-29 09:31:15.080,3.316,10000
2020-09-29 09:31:16.670,3.316,37000
2020-09-29 09:31:17.000,3.317,1000
2020-09-29 09:31:17.000,3.317,3000
2020-09-29 09:31:17.000,3.317,5000
2020-09-29 09:31:17.000,3.317,41000
2020-09-29 09:31:18.540,3.317,1900
2020-09-29 09:31:18.950,3.316,10000
2020-09-29 09:31:19.650,3.317,1400
2020-09-29 09:31:19.760,3.316,30000
2020-09-29 09:31:20.490,3.317,100
2020-09-29 09:31:21.340,3.317,1500
2020-09-29 09:31:21.420,3.317,3400
2020-09-29 09:31:21.580,3.316,1000
2020-09-29 09:31:21.580,3.316,700
2020-09-29 09:31:22.100,3.316,400
2020-09-29 09:31:22.160,3.315,100
2020-09-29 09:31:22.650,3.316,1500
2020-09-29 09:31:23.270,3.316,26400
2020-09-29 09:31:23.270,3.316,5300
2020-09-29 09:31:23.980,3.316,4000
2020-09-29 09:31:24.540,3.316,3000
2020-09-29 09:31:24.540,3.316,1100
2020-09-29 09:31:24.540,3.316,3400
2020-09-29 09:31:24.620,3.316,32800
2020-09-29 09:31:24.860,3.316,100
2020-09-29 09:31:24.940,3.316,2000
2020-09-29 09:31:25.480,3.316,6700
2020-09-29 09:31:26.720,3.316,2100
2020-09-29 09:31:27.030,3.316,9000
2020-09-29 09:31:27.390,3.316,500
2020-09-29 09:31:28.400,3.316,4000
2020-09-29 09:31:29.280,3.316,2400
2020-09-29 09:31:31.610,3.315,4900
2020-09-29 09:31:31.650,3.316,10000
2020-09-29 09:31:32.110,3.315,100
2020-09-29 09:31:32.110,3.315,600
2020-09-29 09:31:33.180,3.315,4400
2020-09-29 09:31:33.180,3.315,3000
2020-09-29 09:31:33.180,3.315,500
2020-09-29 09:31:33.240,3.315,1500
2020-09-29 09:31:33.260,3.315,5800
2020-09-29 09:31:33.260,3.316,47700
2020-09-29 09:31:34.730,3.315,500
2020-09-29 09:31:34.730,3.315,100
2020-09-29 09:31:34.730,3.316,900
2020-09-29 09:31:35.090,3.316,1700
2020-09-29 09:31:35.260,3.314,300
2020-09-29 09:31:35.260,3.314,1000
2020-09-29 09:31:35.260,3.314,100
2020-09-29 09:31:35.260,3.314,5000
2020-09-29 09:31:35.260,3.314,12000
2020-09-29 09:31:35.260,3.314,13600
2020-09-29 09:31:35.260,3.314,3300
2020-09-29 09:31:36.400,3.314,10000
2020-09-29 09:31:37.290,3.316,1500
2020-09-29 09:31:37.720,3.316,200
2020-09-29 09:31:40.080,3.316,10000
2020-09-29 09:31:40.450,3.314,6700
2020-09-29 09:31:40.450,3.314,22700
2020-09-29 09:31:40.710,3.314,4000
2020-09-29 09:31:40.770,3.316,100
2020-09-29 09:31:40.820,3.314,10000
2020-09-29 09:31:41.460,3.316,1500
2020-09-29 09:31:42.460,3.314,1000
2020-09-29 09:31:42.460,3.314,2000
2020-09-29 09:31:42.980,3.314,38000
2020-09-29 09:31:42.980,3.314,2200
2020-09-29 09:31:43.190,3.314,300
2020-09-29 09:31:43.530,3.313,600
2020-09-29 09:31:43.530,3.313,15000
2020-09-29 09:31:43.530,3.313,1000
2020-09-29 09:31:43.530,3.313,100
2020-09-29 09:31:43.530,3.313,100
2020-09-29 09:31:43.530,3.313,300
2020-09-29 09:31:43.530,3.313,300
2020-09-29 09:31:43.530,3.313,12000
2020-09-29 09:31:43.530,3.313,59800
2020-09-29 09:31:46.460,3.313,1000
2020-09-29 09:31:46.870,3.313,200
2020-09-29 09:31:49.470,3.313,2500
2020-09-29 09:31:51.820,3.313,1500
2020-09-29 09:31:52.660,3.314,1800
2020-09-29 09:31:53.130,3.314,31700
2020-09-29 09:31:53.270,3.314,51000
2020-09-29 09:31:53.270,3.314,9000
2020-09-29 09:31:53.270,3.314,1000
2020-09-29 09:31:53.270,3.314,1400
2020-09-29 09:31:53.650,3.313,500
2020-09-29 09:31:53.770,3.313,1000
2020-09-29 09:31:54.020,3.313,300
2020-09-29 09:31:54.900,3.313,2700
2020-09-29 09:31:54.900,3.313,2300
2020-09-29 09:31:55.620,3.313,29800
2020-09-29 09:31:56.630,3.314,1600
2020-09-29 09:31:56.630,3.314,300
2020-09-29 09:31:56.630,3.314,400
2020-09-29 09:31:56.820,3.315,2000
2020-09-29 09:31:56.820,3.315,17000
2020-09-29 09:31:57.130,3.314,200
2020-09-29 09:31:58.490,3.314,300
2020-09-29 09:31:59.720,3.314,1200
2020-09-29 09:31:59.720,3.314,2700
2020-09-29 09:32:00.050,3.314,3500
2020-09-29 09:32:00.050,3.314,8000
2020-09-29 09:32:00.050,3.314,20000
2020-09-29 09:32:00.050,3.314,10000
2020-09-29 09:32:00.050,3.313,17900
2020-09-29 09:32:00.050,3.313,500
2020-09-29 09:32:00.050,3.313,40000
2020-09-29 09:32:00.050,3.313,20000
2020-09-29 09:32:00.050,3.313,100
2020-09-29 09:32:00.350,3.313,400
2020-09-29 09:32:00.510,3.313,3800
2020-09-29 09:32:00.620,3.313,12500
2020-09-29 09:32:00.770,3.313,500
2020-09-29 09:32:01.360,3.313,100
2020-09-29 09:32:01.470,3.313,17000
2020-09-29 09:32:02.210,3.313,116800
2020-09-29 09:32:02.950,3.314,800
2020-09-29 09:32:02.950,3.313,700
2020-09-29 09:32:03.370,3.314,8200
2020-09-29 09:32:03.370,3.314,2000
2020-09-29 09:32:03.370,3.314,10000
2020-09-29 09:32:03.370,3.314,1000
2020-09-29 09:32:04.910,3.314,100
2020-09-29 09:32:04.910,3.313,2200
2020-09-29 09:32:05.670,3.314,2000
2020-09-29 09:32:05.800,3.315,2000
2020-09-29 09:32:05.830,3.315,3000
2020-09-29 09:32:06.330,3.315,5000
2020-09-29 09:32:06.330,3.315,10000
2020-09-29 09:32:06.330,3.314,38000
2020-09-29 09:32:06.330,3.314,10000
2020-09-29 09:32:06.330,3.313,16000
2020-09-29 09:32:06.620,3.314,20000
2020-09-29 09:32:06.920,3.313,5000
2020-09-29 09:32:07.350,3.313,8700
2020-09-29 09:32:07.690,3.314,5000
2020-09-29 09:32:08.290,3.314,12000
2020-09-29 09:32:10.990,3.314,3000
2020-09-29 09:32:10.990,3.314,10000
2020-09-29 09:32:10.990,3.314,2000
2020-09-29 09:32:10.990,3.314,6500
2020-09-29 09:32:10.990,3.314,18500
2020-09-29 09:32:12.140,3.314,9000
2020-09-29 09:32:13.360,3.315,500
2020-09-29 09:32:13.360,3.315,1200
2020-09-29 09:32:13.360,3.315,300
2020-09-29 09:32:13.360,3.316,300
2020-09-29 09:32:13.360,3.316,6700
2020-09-29 09:32:13.360,3.316,800
2020-09-29 09:32:13.360,3.316,4000
2020-09-29 09:32:13.360,3.316,12000
2020-09-29 09:32:13.360,3.316,100
2020-09-29 09:32:13.360,3.316,1000
2020-09-29 09:32:13.360,3.316,44400
2020-09-29 09:32:14.280,3.314,300
2020-09-29 09:32:15.380,3.315,20000
2020-09-29 09:32:15.380,3.315,1600
2020-09-29 09:32:16.590,3.314,800
2020-09-29 09:32:17.310,3.315,10000
2020-09-29 09:32:17.600,3.315,13200
2020-09-29 09:32:18.500,3.314,8900
2020-09-29 09:32:18.500,3.314,400
2020-09-29 09:32:19.950,3.313,8100
2020-09-29 09:32:19.950,3.313,11900
2020-09-29 09:32:20.950,3.314,400
2020-09-29 09:32:21.440,3.314,2500
2020-09-29 09:32:23.490,3.314,3100
2020-09-29 09:32:24.980,3.314,2000
2020-09-29 09:32:25.310,3.314,12700
2020-09-29 09:32:25.310,3.314,5000
2020-09-29 09:32:25.310,3.314,1500
2020-09-29 09:32:25.310,3.314,3000
2020-09-29 09:32:25.310,3.315,6700
2020-09-29 09:32:25.310,3.315,400
2020-09-29 09:32:25.310,3.316,2400
2020-09-29 09:32:25.570,3.314,100
2020-09-29 09:32:26.360,3.314,1000
2020-09-29 09:32:28.130,3.314,900
2020-09-29 09:32:28.300,3.314,1500
2020-09-29 09:32:31.320,3.314,100
2020-09-29 09:32:31.560,3.314,300
2020-09-29 09:32:31.560,3.314,300
2020-09-29 09:32:32.100,3.315,1500
2020-09-29 09:32:32.930,3.315,100
2020-09-29 09:32:33.690,3.314,3100
2020-09-29 09:32:35.360,3.315,1500
2020-09-29 09:32:35.490,3.314,1100
2020-09-29 09:32:37.850,3.315,6000
2020-09-29 09:32:38.170,3.314,14900
2020-09-29 09:32:38.760,3.315,400
2020-09-29 09:32:40.300,3.315,3500
2020-09-29 09:32:40.410,3.314,280600
2020-09-29 09:32:40.410,3.314,4000
2020-09-29 09:32:40.410,3.314,15400
2020-09-29 09:32:40.540,3.314,4100
2020-09-29 09:32:41.590,3.314,25000
2020-09-29 09:32:42.040,3.314,300000
2020-09-29 09:32:42.430,3.315,200
2020-09-29 09:32:42.650,3.315,5800
2020-09-29 09:32:43.140,3.314,18800
2020-09-29 09:32:44.290,3.314,40000
2020-09-29 09:32:45.060,3.314,900
2020-09-29 09:32:45.170,3.314,5000
2020-09-29 09:32:45.170,3.315,53500
2020-09-29 09:32:45.550,3.315,30000
2020-09-29 09:32:46.630,3.314,6100
2020-09-29 09:32:47.190,3.315,3000
2020-09-29 09:32:47.930,3.315,3000
2020-09-29 09:32:47.980,3.315,500
2020-09-29 09:32:48.140,3.314,5000
2020-09-29 09:32:48.640,3.314,3700
2020-09-29 09:32:48.850,3.314,6300
2020-09-29 09:32:48.930,3.314,3100
2020-09-29 09:32:49.040,3.314,6900
2020-09-29 09:32:49.120,3.315,2200
2020-09-29 09:32:49.150,3.314,1400
2020-09-29 09:32:49.190,3.314,8600
2020-09-29 09:32:49.300,3.314,2000
2020-09-29 09:32:49.440,3.314,8000
2020-09-29 09:32:49.460,3.314,54600
2020-09-29 09:32:49.540,3.314,3500
2020-09-29 09:32:49.640,3.314,6500
2020-09-29 09:32:49.700,3.314,3200
2020-09-29 09:32:49.780,3.314,6800
2020-09-29 09:32:49.830,3.314,4700
2020-09-29 09:32:49.940,3.314,5300
2020-09-29 09:32:50.030,3.314,4900
2020-09-29 09:32:50.090,3.314,5100
2020-09-29 09:32:50.200,3.314,500
2020-09-29 09:32:50.290,3.314,9500
2020-09-29 09:32:50.390,3.314,2400
2020-09-29 09:32:50.390,3.315,1000
2020-09-29 09:32:50.510,3.314,7600
2020-09-29 09:32:50.590,3.314,300
2020-09-29 09:32:50.640,3.314,9700
2020-09-29 09:32:50.750,3.314,4000
2020-09-29 09:32:50.800,3.314,6000
2020-09-29 09:32:50.970,3.315,60300
2020-09-29 09:32:50.990,3.314,2000
2020-09-29 09:32:51.070,3.314,2100
2020-09-29 09:32:51.300,3.314,7900
2020-09-29 09:32:51.330,3.314,700
2020-09-29 09:32:51.460,3.314,9300
2020-09-29 09:32:51.540,3.314,4200
2020-09-29 09:32:51.600,3.314,5800
2020-09-29 09:32:51.680,3.314,4500
2020-09-29 09:32:51.730,3.314,5500
2020-09-29 09:32:52.130,3.314,400
2020-09-29 09:32:52.180,3.314,9600
2020-09-29 09:32:52.280,3.315,1000
2020-09-29 09:32:52.300,3.314,3600
2020-09-29 09:32:52.380,3.314,6400
2020-09-29 09:32:52.440,3.314,4300
2020-09-29 09:32:52.520,3.314,5700
2020-09-29 09:32:52.550,3.314,134200
2020-09-29 09:32:52.680,3.314,100
2020-09-29 09:32:52.770,3.314,9900
2020-09-29 09:32:52.850,3.314,2800
2020-09-29 09:32:52.970,3.314,7200
2020-09-29 09:32:52.970,3.315,4000
2020-09-29 09:32:53.050,3.314,2200
2020-09-29 09:32:53.080,3.314,7800
2020-09-29 09:32:53.160,3.315,31700
2020-09-29 09:32:53.190,3.314,900
2020-09-29 09:32:53.250,3.315,1000
2020-09-29 09:32:53.320,3.314,9100
2020-09-29 09:32:53.320,3.315,1000
2020-09-29 09:32:53.350,3.314,1800
2020-09-29 09:32:53.480,3.314,8200
2020-09-29 09:32:53.540,3.314,4700
2020-09-29 09:32:53.590,3.314,4400
2020-09-29 09:32:53.700,3.314,5600
2020-09-29 09:32:53.780,3.314,2700
2020-09-29 09:32:53.830,3.314,7300
2020-09-29 09:32:53.950,3.314,3000
2020-09-29 09:32:53.980,3.315,5000
2020-09-29 09:32:54.070,3.314,7000
2020-09-29 09:32:54.100,3.315,10200
2020-09-29 09:32:54.150,3.314,1000
2020-09-29 09:32:54.300,3.314,9000
2020-09-29 09:32:54.350,3.315,10000
2020-09-29 09:32:54.440,3.314,3300
2020-09-29 09:32:54.540,3.314,6700
2020-09-29 09:32:54.600,3.314,600
2020-09-29 09:32:54.680,3.314,9400
2020-09-29 09:32:54.730,3.314,2500
2020-09-29 09:32:54.860,3.314,7500
2020-09-29 09:32:54.910,3.314,3800
2020-09-29 09:32:54.990,3.314,38600
2020-09-29 09:32:55.070,3.314,6200
2020-09-29 09:32:55.070,3.314,10000
2020-09-29 09:32:55.150,3.314,3400
2020-09-29 09:32:55.550,3.315,11800
2020-09-29 09:32:56.530,3.314,2000
2020-09-29 09:32:56.720,3.314,3000
2020-09-29 09:32:56.900,3.315,2000
2020-09-29 09:32:57.480,3.314,7100
2020-09-29 09:32:57.480,3.314,1000
2020-09-29 09:32:57.480,3.314,2000
2020-09-29 09:32:58.320,3.314,3100
2020-09-29 09:32:59.750,3.314,5000
2020-09-29 09:33:00.630,3.315,2000
2020-09-29 09:33:00.690,3.315,1000
2020-09-29 09:33:00.980,3.315,1000
2020-09-29 09:33:02.120,3.315,45800
2020-09-29 09:33:02.120,3.315,2000
2020-09-29 09:33:02.120,3.315,200
2020-09-29 09:33:02.120,3.315,300
2020-09-29 09:33:02.120,3.315,1000
2020-09-29 09:33:02.120,3.315,3000
2020-09-29 09:33:02.120,3.315,38000
2020-09-29 09:33:02.120,3.315,809700
2020-09-29 09:33:02.120,3.315,4900
2020-09-29 09:33:02.410,3.314,10100
2020-09-29 09:33:02.410,3.314,8000
2020-09-29 09:33:02.410,3.314,2000
2020-09-29 09:33:02.410,3.314,6000
2020-09-29 09:33:02.410,3.314,1500
2020-09-29 09:33:02.410,3.314,20000
2020-09-29 09:33:02.410,3.314,2400
2020-09-29 09:33:02.770,3.314,500
2020-09-29 09:33:02.770,3.314,1500
2020-09-29 09:33:02.820,3.315,9200
2020-09-29 09:33:03.430,3.314,1500
2020-09-29 09:33:03.430,3.314,30000
2020-09-29 09:33:03.430,3.314,300
2020-09-29 09:33:03.430,3.314,500
2020-09-29 09:33:03.430,3.314,5000
2020-09-29 09:33:04.250,3.314,100
2020-09-29 09:33:05.840,3.314,3000
2020-09-29 09:33:05.950,3.314,300
2020-09-29 09:33:07.830,3.314,1400
2020-09-29 09:33:08.240,3.314,2900
2020-09-29 09:33:08.490,3.314,300
2020-09-29 09:33:08.810,3.313,3000
2020-09-29 09:33:09.160,3.314,5000
2020-09-29 09:33:10.570,3.314,300
2020-09-29 09:33:11.520,3.313,1600
2020-09-29 09:33:11.900,3.313,7700
2020-09-29 09:33:12.560,3.313,200
2020-09-29 09:33:13.260,3.314,300
2020-09-29 09:33:13.420,3.313,7400
2020-09-29 09:33:14.040,3.314,3000
2020-09-29 09:33:14.200,3.313,2000
2020-09-29 09:33:14.460,3.313,300
2020-09-29 09:33:15.180,3.313,7800
2020-09-29 09:33:15.180,3.313,200
2020-09-29 09:33:15.180,3.313,10000
2020-09-29 09:33:15.180,3.313,2000
2020-09-29 09:33:15.180,3.313,200
2020-09-29 09:33:15.180,3.313,30000
2020-09-29 09:33:15.180,3.313,10000
2020-09-29 09:33:15.180,3.313,4000
2020-09-29 09:33:15.180,3.313,4900
2020-09-29 09:33:15.180,3.313,7100
2020-09-29 09:33:15.440,3.314,4900
2020-09-29 09:33:15.840,3.313,8500
2020-09-29 09:33:15.840,3.313,6100
2020-09-29 09:33:15.840,3.313,5000
2020-09-29 09:33:15.840,3.313,6800
2020-09-29 09:33:15.840,3.313,500
2020-09-29 09:33:15.840,3.313,26000
2020-09-29 09:33:16.730,3.314,100000
2020-09-29 09:33:17.510,3.314,300000
2020-09-29 09:33:17.560,3.313,3400
2020-09-29 09:33:18.410,3.313,50000
2020-09-29 09:33:19.030,3.314,500
2020-09-29 09:33:20.130,3.313,100
2020-09-29 09:33:20.910,3.313,3000
2020-09-29 09:33:21.040,3.314,15000
2020-09-29 09:33:22.530,3.313,5100
2020-09-29 09:33:23.000,3.313,12400
2020-09-29 09:33:23.000,3.313,2600
2020-09-29 09:33:23.780,3.314,1500
2020-09-29 09:33:24.760,3.314,3000
2020-09-29 09:33:25.380,3.314,71300
2020-09-29 09:33:27.130,3.314,700
2020-09-29 09:33:28.270,3.313,1000
2020-09-29 09:33:28.270,3.313,60000
2020-09-29 09:33:28.270,3.313,1800
2020-09-29 09:33:28.270,3.313,1000
2020-09-29 09:33:28.270,3.313,15000
2020-09-29 09:33:28.270,3.313,300
2020-09-29 09:33:29.310,3.314,349200
2020-09-29 09:33:29.310,3.314,13900
2020-09-29 09:33:29.310,3.314,900
2020-09-29 09:33:29.310,3.314,85600
2020-09-29 09:33:29.310,3.314,100
2020-09-29 09:33:29.310,3.314,5000
2020-09-29 09:33:29.310,3.314,29600
2020-09-29 09:33:29.310,3.314,10000
2020-09-29 09:33:29.310,3.314,5000
2020-09-29 09:33:29.310,3.314,4600
2020-09-29 09:33:29.310,3.314,15500
2020-09-29 09:33:29.310,3.314,1500
2020-09-29 09:33:29.310,3.314,11000
2020-09-29 09:33:30.320,3.314,20000
2020-09-29 09:33:31.490,3.314,50900
2020-09-29 09:33:31.800,3.313,700
2020-09-29 09:33:31.800,3.313,1000
2020-09-29 09:33:31.800,3.313,5000
2020-09-29 09:33:31.800,3.313,600
2020-09-29 09:33:33.180,3.314,42200
2020-09-29 09:33:34.450,3.313,400
2020-09-29 09:33:34.450,3.313,3000
2020-09-29 09:33:36.230,3.314,600
2020-09-29 09:33:36.490,3.313,2000
2020-09-29 09:33:36.490,3.313,5000
2020-09-29 09:33:36.490,3.313,3900
2020-09-29 09:33:37.870,3.313,1100
2020-09-29 09:33:37.870,3.313,10000
2020-09-29 09:33:37.870,3.312,8900
2020-09-29 09:33:38.760,3.314,400
2020-09-29 09:33:38.760,3.314,1600
2020-09-29 09:33:40.610,3.313,92100
2020-09-29 09:33:41.000,3.313,3200
2020-09-29 09:33:41.300,3.312,30000
2020-09-29 09:33:45.680,3.313,1000
2020-09-29 09:33:46.710,3.313,400
2020-09-29 09:33:46.960,3.313,100
2020-09-29 09:33:46.960,3.313,300
2020-09-29 09:33:51.990,3.313,3000
2020-09-29 09:33:52.610,3.312,1000
2020-09-29 09:33:53.220,3.313,6700
2020-09-29 09:33:53.220,3.313,1000
2020-09-29 09:33:53.220,3.313,45800
2020-09-29 09:33:53.350,3.312,30000
2020-09-29 09:33:54.150,3.313,200
2020-09-29 09:33:54.950,3.312,3000
2020-09-29 09:33:55.920,3.313,100
2020-09-29 09:33:56.210,3.313,3000
2020-09-29 09:33:56.340,3.312,200
2020-09-29 09:33:56.890,3.312,1000
2020-09-29 09:33:58.220,3.312,1000
2020-09-29 09:33:58.730,3.313,20000
2020-09-29 09:34:00.650,3.312,800
2020-09-29 09:34:00.780,3.313,5900
2020-09-29 09:34:00.780,3.313,10000
2020-09-29 09:34:00.780,3.313,100
2020-09-29 09:34:00.780,3.313,15100
2020-09-29 09:34:00.780,3.313,32400
2020-09-29 09:34:00.780,3.313,200
2020-09-29 09:34:02.050,3.313,500
2020-09-29 09:34:02.380,3.313,35800
2020-09-29 09:34:02.380,3.313,15200
2020-09-29 09:34:02.630,3.313,500
2020-09-29 09:34:02.630,3.313,700
2020-09-29 09:34:03.160,3.313,3600
2020-09-29 09:34:03.160,3.314,31700
2020-09-29 09:34:03.510,3.313,1400
2020-09-29 09:34:03.510,3.312,3600
2020-09-29 09:34:04.040,3.313,600
2020-09-29 09:34:04.170,3.312,71500
2020-09-29 09:34:04.170,3.312,1000
2020-09-29 09:34:04.170,3.312,100
2020-09-29 09:34:04.170,3.312,100
2020-09-29 09:34:04.170,3.312,5000
2020-09-29 09:34:04.170,3.312,18700
2020-09-29 09:34:04.170,3.312,12000
2020-09-29 09:34:04.170,3.312,3700
2020-09-29 09:34:04.170,3.312,5000
2020-09-29 09:34:04.170,3.312,3000
2020-09-29 09:34:04.170,3.312,15000
2020-09-29 09:34:04.170,3.312,100
2020-09-29 09:34:04.170,3.312,2600
2020-09-29 09:34:04.170,3.312,300
2020-09-29 09:34:04.170,3.312,2000
2020-09-29 09:34:04.170,3.312,15200
2020-09-29 09:34:04.170,3.312,5000
2020-09-29 09:34:04.170,3.312,1500
2020-09-29 09:34:04.170,3.312,500
2020-09-29 09:34:04.170,3.312,29100
2020-09-29 09:34:05.130,3.313,2000
2020-09-29 09:34:05.150,3.313,300
2020-09-29 09:34:05.650,3.313,10000
2020-09-29 09:34:07.690,3.313,100
2020-09-29 09:34:07.690,3.313,100
2020-09-29 09:34:07.690,3.313,100
2020-09-29 09:34:07.690,3.313,100
2020-09-29 09:34:07.690,3.313,100
2020-09-29 09:34:07.690,3.313,100
2020-09-29 09:34:07.690,3.313,100
2020-09-29 09:34:07.750,3.313,100
2020-09-29 09:34:07.750,3.313,100
2020-09-29 09:34:07.750,3.313,100
2020-09-29 09:34:07.750,3.313,100
2020-09-29 09:34:07.800,3.313,100
2020-09-29 09:34:07.800,3.313,100
2020-09-29 09:34:07.800,3.313,100
2020-09-29 09:34:07.800,3.313,100
2020-09-29 09:34:07.800,3.313,100
2020-09-29 09:34:07.800,3.313,100
2020-09-29 09:34:07.830,3.313,100
2020-09-29 09:34:07.830,3.313,100
2020-09-29 09:34:07.830,3.313,100
2020-09-29 09:34:07.830,3.313,100
2020-09-29 09:34:07.830,3.313,100
2020-09-29 09:34:07.830,3.313,100
2020-09-29 09:34:07.830,3.313,100
2020-09-29 09:34:07.890,3.313,100
2020-09-29 09:34:07.890,3.313,100
2020-09-29 09:34:07.890,3.313,100
2020-09-29 09:34:07.890,3.313,100
2020-09-29 09:34:08.000,3.313,100
2020-09-29 09:34:08.000,3.313,100
2020-09-29 09:34:08.000,3.313,100
2020-09-29 09:34:08.000,3.313,100
2020-09-29 09:34:08.000,3.313,100
2020-09-29 09:34:08.000,3.313,100
2020-09-29 09:34:08.030,3.313,100
2020-09-29 09:34:08.030,3.313,100
2020-09-29 09:34:08.030,3.313,100
2020-09-29 09:34:08.030,3.313,100
2020-09-29 09:34:08.030,3.313,100
2020-09-29 09:34:08.030,3.313,100
2020-09-29 09:34:08.030,3.313,100
2020-09-29 09:34:08.030,3.313,100
2020-09-29 09:34:08.090,3.313,100
2020-09-29 09:34:08.090,3.313,100
2020-09-29 09:34:08.090,3.313,100
2020-09-29 09:34:08.090,3.313,100
2020-09-29 09:34:08.090,3.313,100
2020-09-29 09:34:08.090,3.313,100
2020-09-29 09:34:08.090,3.313,100
2020-09-29 09:34:08.140,3.313,100
2020-09-29 09:34:08.140,3.313,100
2020-09-29 09:34:08.140,3.313,100
2020-09-29 09:34:08.140,3.313,100
2020-09-29 09:34:08.220,3.313,100
2020-09-29 09:34:08.220,3.313,100
2020-09-29 09:34:08.220,3.313,100
2020-09-29 09:34:08.220,3.313,100
2020-09-29 09:34:08.220,3.313,100
2020-09-29 09:34:08.220,3.313,100
2020-09-29 09:34:08.220,3.313,100
2020-09-29 09:34:08.220,3.313,100
2020-09-29 09:34:08.220,3.313,100
2020-09-29 09:34:08.310,3.313,100
2020-09-29 09:34:08.310,3.313,100
2020-09-29 09:34:08.310,3.313,100
2020-09-29 09:34:08.330,3.313,100
2020-09-29 09:34:08.330,3.313,100
2020-09-29 09:34:08.330,3.313,100
2020-09-29 09:34:08.330,3.313,100
2020-09-29 09:34:08.390,3.312,120900
2020-09-29 09:34:08.390,3.312,3500
2020-09-29 09:34:08.390,3.312,300
2020-09-29 09:34:08.390,3.312,1000
2020-09-29 09:34:08.390,3.312,300
2020-09-29 09:34:08.390,3.312,6000
2020-09-29 09:34:08.390,3.312,12400
2020-09-29 09:34:08.390,3.312,16000
2020-09-29 09:34:08.480,3.312,100
2020-09-29 09:34:08.480,3.312,100
2020-09-29 09:34:08.480,3.312,100
2020-09-29 09:34:08.480,3.312,100
2020-09-29 09:34:08.480,3.312,100
2020-09-29 09:34:08.480,3.312,100
2020-09-29 09:34:08.480,3.312,100
2020-09-29 09:34:08.480,3.312,100
2020-09-29 09:34:08.480,3.312,100
2020-09-29 09:34:08.480,3.312,100
2020-09-29 09:34:08.480,3.312,100
2020-09-29 09:34:08.480,3.312,100
2020-09-29 09:34:08.480,3.312,100
2020-09-29 09:34:08.480,3.312,100
2020-09-29 09:34:08.480,3.312,100
2020-09-29 09:34:08.480,3.312,100
2020-09-29 09:34:08.480,3.312,100
2020-09-29 09:34:08.480,3.312,100
2020-09-29 09:34:08.480,3.312,100
2020-09-29 09:34:08.480,3.312,100
2020-09-29 09:34:08.480,3.312,100
2020-09-29 09:34:08.610,3.312,9000
2020-09-29 09:34:09.830,3.312,100
2020-09-29 09:34:11.440,3.312,1000
2020-09-29 09:34:12.150,3.312,2800
2020-09-29 09:34:13.000,3.312,5000
2020-09-29 09:34:13.300,3.311,1000
2020-09-29 09:34:13.300,3.311,5000
2020-09-29 09:34:13.300,3.311,1300
2020-09-29 09:34:13.880,3.311,98700
2020-09-29 09:34:13.880,3.311,1000
2020-09-29 09:34:13.880,3.311,100
2020-09-29 09:34:13.880,3.311,10000
2020-09-29 09:34:13.880,3.311,1000
2020-09-29 09:34:13.880,3.311,5000
2020-09-29 09:34:13.880,3.311,20000
2020-09-29 09:34:13.880,3.311,10000
2020-09-29 09:34:13.880,3.311,5000
2020-09-29 09:34:13.880,3.311,12000
2020-09-29 09:34:13.880,3.311,200000
2020-09-29 09:34:13.880,3.311,100
2020-09-29 09:34:13.880,3.311,5000
2020-09-29 09:34:13.880,3.311,20000
2020-09-29 09:34:13.880,3.311,10000
2020-09-29 09:34:13.930,3.311,1000
2020-09-29 09:34:17.930,3.311,500
2020-09-29 09:34:18.260,3.311,100
2020-09-29 09:34:22.530,3.31,7400
2020-09-29 09:34:23.130,3.311,53500
2020-09-29 09:34:23.800,3.31,4700
2020-09-29 09:34:24.190,3.311,4000
2020-09-29 09:34:26.020,3.31,10000
2020-09-29 09:34:26.800,3.31,100
2020-09-29 09:34:26.910,3.31,100
2020-09-29 09:34:27.590,3.31,5000
2020-09-29 09:34:28.410,3.311,1500
2020-09-29 09:34:29.660,3.311,200
2020-09-29 09:34:30.640,3.31,5000
2020-09-29 09:34:30.770,3.311,100
2020-09-29 09:34:31.100,3.31,2000
2020-09-29 09:34:31.250,3.31,58900
2020-09-29 09:34:31.250,3.31,150000
2020-09-29 09:34:31.250,3.31,13500
2020-09-29 09:34:31.250,3.31,2000
2020-09-29 09:34:31.250,3.31,1000
2020-09-29 09:34:31.250,3.31,4000
2020-09-29 09:34:31.250,3.31,500
2020-09-29 09:34:31.250,3.31,100
2020-09-29 09:34:31.250,3.31,600
2020-09-29 09:34:31.250,3.31,10000
2020-09-29 09:34:31.250,3.31,1000
2020-09-29 09:34:31.250,3.31,2500
2020-09-29 09:34:31.250,3.31,100
2020-09-29 09:34:31.250,3.31,500
2020-09-29 09:34:31.250,3.31,100
2020-09-29 09:34:31.250,3.31,500
2020-09-29 09:34:31.250,3.31,6000
2020-09-29 09:34:31.250,3.31,15000
2020-09-29 09:34:31.250,3.31,1000
2020-09-29 09:34:31.250,3.31,10000
2020-09-29 09:34:31.250,3.31,5000
2020-09-29 09:34:31.250,3.31,10000
2020-09-29 09:34:31.250,3.31,1000
2020-09-29 09:34:31.250,3.31,1000
2020-09-29 09:34:31.250,3.31,12000
2020-09-29 09:34:31.250,3.31,32400
2020-09-29 09:34:31.250,3.31,10000
2020-09-29 09:34:31.250,3.31,3000
2020-09-29 09:34:31.250,3.31,300
2020-09-29 09:34:31.250,3.31,300
2020-09-29 09:34:31.250,3.31,900
2020-09-29 09:34:31.250,3.31,100
2020-09-29 09:34:31.250,3.31,16300
2020-09-29 09:34:31.850,3.309,7600
2020-09-29 09:34:31.850,3.309,1000
2020-09-29 09:34:31.850,3.309,100
2020-09-29 09:34:31.850,3.309,3000
2020-09-29 09:34:31.850,3.309,100
2020-09-29 09:34:31.850,3.309,8200
2020-09-29 09:34:32.720,3.31,100
2020-09-29 09:34:33.060,3.31,4000
2020-09-29 09:34:33.180,3.31,31800
2020-09-29 09:34:33.260,3.31,79400
2020-09-29 09:34:33.260,3.311,211900
2020-09-29 09:34:35.880,3.31,3000
2020-09-29 09:34:35.910,3.309,3800
2020-09-29 09:34:35.910,3.309,1200
2020-09-29 09:34:36.340,3.31,300
2020-09-29 09:34:36.640,3.31,20000
2020-09-29 09:34:36.640,3.31,20000
2020-09-29 09:34:36.690,3.31,30400
2020-09-29 09:34:36.800,3.31,9600
2020-09-29 09:34:36.800,3.309,400
2020-09-29 09:34:36.800,3.309,3000
2020-09-29 09:34:37.610,3.31,7900
2020-09-29 09:34:37.610,3.311,25100
2020-09-29 09:34:37.760,3.31,3000
2020-09-29 09:34:37.760,3.311,197000
2020-09-29 09:34:37.840,3.311,3000
2020-09-29 09:34:37.980,3.31,14700
2020-09-29 09:34:39.470,3.311,4200
2020-09-29 09:34:39.470,3.311,12900
2020-09-29 09:34:40.620,3.311,1000
2020-09-29 09:34:42.280,3.31,5300
2020-09-29 09:34:42.280,3.31,5000
2020-09-29 09:34:42.280,3.31,20000
2020-09-29 09:34:42.280,3.31,40000
2020-09-29 09:34:42.890,3.31,1000
2020-09-29 09:34:44.280,3.31,200000
2020-09-29 09:34:44.280,3.31,20000
2020-09-29 09:34:44.680,3.31,300
2020-09-29 09:34:45.120,3.31,20000
2020-09-29 09:34:45.120,3.31,16500
2020-09-29 09:34:45.120,3.31,20000
2020-09-29 09:34:45.120,3.31,20000
2020-09-29 09:34:45.370,3.31,2000
2020-09-29 09:34:45.420,3.31,500000
2020-09-29 09:34:45.450,3.31,29900
2020-09-29 09:34:45.450,3.31,7000
2020-09-29 09:34:45.450,3.31,100
2020-09-29 09:34:45.450,3.31,7200
2020-09-29 09:34:45.640,3.311,40000
2020-09-29 09:34:45.960,3.31,9000
2020-09-29 09:34:47.080,3.311,20000
2020-09-29 09:34:47.190,3.31,32800
2020-09-29 09:34:47.940,3.311,20000
2020-09-29 09:34:47.990,3.311,200000
2020-09-29 09:34:48.020,3.31,214000
2020-09-29 09:34:48.020,3.31,1000
2020-09-29 09:34:48.020,3.31,35000
2020-09-29 09:34:48.650,3.31,5000
2020-09-29 09:34:48.920,3.311,6100
2020-09-29 09:34:48.920,3.311,15200
2020-09-29 09:34:48.920,3.311,1000
2020-09-29 09:34:48.920,3.311,8000
2020-09-29 09:34:48.920,3.311,5000
2020-09-29 09:34:48.920,3.311,13800
2020-09-29 09:34:48.920,3.311,2600
2020-09-29 09:34:48.920,3.311,3000
2020-09-29 09:34:49.540,3.312,20000
2020-09-29 09:34:50.350,3.311,5000
2020-09-29 09:34:50.530,3.311,200
2020-09-29 09:34:50.800,3.312,20000
2020-09-29 09:34:51.630,3.311,10100
2020-09-29 09:34:52.390,3.311,153200
2020-09-29 09:34:53.080,3.312,20000
2020-09-29 09:34:53.080,3.311,100
2020-09-29 09:34:53.120,3.312,26300
2020-09-29 09:34:53.120,3.312,15100
2020-09-29 09:34:53.120,3.312,5000
2020-09-29 09:34:53.120,3.312,7200
2020-09-29 09:34:54.180,3.311,10000
2020-09-29 09:34:55.550,3.311,9000
2020-09-29 09:34:56.140,3.312,13000
2020-09-29 09:34:57.300,3.311,20000
2020-09-29 09:34:57.300,3.311,20000
2020-09-29 09:34:57.300,3.311,5600
2020-09-29 09:34:57.300,3.311,60500
2020-09-29 09:34:57.300,3.311,100000
2020-09-29 09:34:57.300,3.311,2500
2020-09-29 09:34:58.320,3.311,100
2020-09-29 09:34:59.440,3.311,5000
2020-09-29 09:34:59.470,3.311,100
2020-09-29 09:34:59.740,3.311,20000
2020-09-29 09:34:59.740,3.311,4300
2020-09-29 09:35:00.120,3.311,5000
2020-09-29 09:35:00.590,3.311,6900
2020-09-29 09:35:00.590,3.311,3100
2020-09-29 09:35:01.030,3.311,900
2020-09-29 09:35:01.030,3.311,19100
2020-09-29 09:35:01.830,3.31,10000
2020-09-29 09:35:02.270,3.311,20000
2020-09-29 09:35:02.350,3.311,300
2020-09-29 09:35:03.260,3.311,23400
2020-09-29 09:35:03.260,3.311,400
2020-09-29 09:35:03.260,3.311,39512
2020-09-29 09:35:03.260,3.311,227988
2020-09-29 09:35:04.310,3.311,2500
2020-09-29 09:35:04.310,3.312,800
2020-09-29 09:35:04.310,3.312,500
2020-09-29 09:35:04.310,3.312,1500
2020-09-29 09:35:04.310,3.312,1000
2020-09-29 09:35:04.310,3.312,3700
2020-09-29 09:35:04.760,3.312,10000
2020-09-29 09:35:05.460,3.312,7000
2020-09-29 09:35:05.570,3.311,20000
2020-09-29 09:35:05.570,3.311,10000
2020-09-29 09:35:06.020,3.31,5000
2020-09-29 09:35:06.020,3.31,3000
2020-09-29 09:35:06.020,3.31,3000
2020-09-29 09:35:06.020,3.31,100
2020-09-29 09:35:06.020,3.31,500
2020-09-29 09:35:06.020,3.31,3400
2020-09-29 09:35:06.390,3.31,3400
2020-09-29 09:35:06.390,3.31,2300
2020-09-29 09:35:07.010,3.31,30000
2020-09-29 09:35:07.970,3.311,190400
2020-09-29 09:35:08.040,3.311,20000
2020-09-29 09:35:08.640,3.31,10000
2020-09-29 09:35:09.020,3.311,5000
2020-09-29 09:35:10.770,3.311,10000
2020-09-29 09:35:11.100,3.311,20000
2020-09-29 09:35:11.320,3.311,6000
2020-09-29 09:35:11.390,3.311,10000
2020-09-29 09:35:12.610,3.31,6500
2020-09-29 09:35:12.610,3.31,900
2020-09-29 09:35:13.140,3.311,8600
2020-09-29 09:35:13.140,3.311,10900
2020-09-29 09:35:13.140,3.312,20000
2020-09-29 09:35:14.130,3.311,5000
2020-09-29 09:35:15.870,3.311,15000
2020-09-29 09:35:15.870,3.311,10000
2020-09-29 09:35:17.090,3.311,20000
2020-09-29 09:35:18.140,3.31,3000
2020-09-29 09:35:19.090,3.311,40000
2020-09-29 09:35:19.550,3.311,10000
2020-09-29 09:35:20.020,3.311,20000
2020-09-29 09:35:20.080,3.311,10000
2020-09-29 09:35:21.600,3.311,40000
2020-09-29 09:35:21.710,3.311,500
2020-09-29 09:35:23.070,3.311,20000
2020-09-29 09:35:23.150,3.31,7400
2020-09-29 09:35:23.150,3.311,10000
2020-09-29 09:35:23.770,3.31,1000
2020-09-29 09:35:24.540,3.311,1700
2020-09-29 09:35:25.400,3.311,300
2020-09-29 09:35:25.400,3.311,400
2020-09-29 09:35:25.460,3.311,300
2020-09-29 09:35:25.700,3.31,3600
2020-09-29 09:35:25.700,3.31,2000
2020-09-29 09:35:25.700,3.31,1600
2020-09-29 09:35:25.700,3.31,700
2020-09-29 09:35:26.030,3.311,300
2020-09-29 09:35:26.080,3.312,10000
2020-09-29 09:35:29.260,3.311,500
2020-09-29 09:35:29.690,3.311,10000
2020-09-29 09:35:31.260,3.312,100
2020-09-29 09:35:31.530,3.311,6800
2020-09-29 09:35:32.440,3.311,7400
2020-09-29 09:35:33.120,3.312,19900
2020-09-29 09:35:33.120,3.312,30000
2020-09-29 09:35:33.120,3.312,3000
2020-09-29 09:35:33.120,3.312,4300
2020-09-29 09:35:33.250,3.312,291300
2020-09-29 09:35:35.320,3.312,4000
2020-09-29 09:35:36.730,3.312,500
2020-09-29 09:35:38.400,3.311,3800
2020-09-29 09:35:38.400,3.311,20000
2020-09-29 09:35:38.400,3.311,10000
2020-09-29 09:35:38.400,3.311,5000
2020-09-29 09:35:38.400,3.311,500
2020-09-29 09:35:38.400,3.311,15000
2020-09-29 09:35:38.400,3.311,2200
2020-09-29 09:35:38.400,3.311,7400
2020-09-29 09:35:38.570,3.311,100
2020-09-29 09:35:39.040,3.311,1500
2020-09-29 09:35:39.240,3.311,5000
2020-09-29 09:35:39.410,3.311,3000
2020-09-29 09:35:39.470,3.311,47000
2020-09-29 09:35:41.290,3.311,10000
2020-09-29 09:35:44.070,3.311,200
2020-09-29 09:35:47.030,3.31,100000
2020-09-29 09:35:47.030,3.31,75500
2020-09-29 09:35:47.030,3.31,10000
2020-09-29 09:35:47.030,3.31,500
2020-09-29 09:35:47.030,3.31,100
2020-09-29 09:35:47.030,3.31,3100
2020-09-29 09:35:47.030,3.31,1500
2020-09-29 09:35:47.030,3.31,100
2020-09-29 09:35:47.030,3.31,10000
2020-09-29 09:35:47.030,3.31,3000
2020-09-29 09:35:47.030,3.31,100
2020-09-29 09:35:47.030,3.31,1000
2020-09-29 09:35:47.030,3.31,5000
2020-09-29 09:35:47.030,3.31,11000
2020-09-29 09:35:47.030,3.31,100
2020-09-29 09:35:47.030,3.31,2000
2020-09-29 09:35:47.540,3.31,10000
2020-09-29 09:35:48.140,3.31,1000
2020-09-29 09:35:49.320,3.309,900
2020-09-29 09:35:49.320,3.309,100
2020-09-29 09:35:49.320,3.309,4000
2020-09-29 09:35:50.100,3.309,16000
2020-09-29 09:35:50.130,3.309,3000
2020-09-29 09:35:50.730,3.309,500
2020-09-29 09:35:51.460,3.309,24700
2020-09-29 09:35:51.550,3.309,19000
2020-09-29 09:35:52.260,3.309,10000
2020-09-29 09:35:52.280,3.309,50000
2020-09-29 09:35:52.370,3.309,700
2020-09-29 09:35:52.400,3.309,800
2020-09-29 09:35:53.150,3.309,31100
2020-09-29 09:35:53.340,3.309,4200
2020-09-29 09:35:55.470,3.308,200
2020-09-29 09:35:55.590,3.308,900
2020-09-29 09:35:55.670,3.309,1400
2020-09-29 09:35:56.080,3.309,20000
2020-09-29 09:35:56.270,3.308,13900
2020-09-29 09:35:56.270,3.308,3300
2020-09-29 09:35:56.270,3.308,1000
2020-09-29 09:35:56.270,3.308,100
2020-09-29 09:35:56.270,3.308,5000
2020-09-29 09:35:56.270,3.308,1500
2020-09-29 09:35:56.270,3.308,16500
2020-09-29 09:35:56.270,3.308,12000
2020-09-29 09:35:56.270,3.308,1000
2020-09-29 09:35:56.270,3.308,845700
2020-09-29 09:35:56.370,3.309,5000
2020-09-29 09:35:56.930,3.309,300000
2020-09-29 09:35:57.950,3.309,3100
2020-09-29 09:35:58.210,3.308,3000
2020-09-29 09:35:58.400,3.309,200
2020-09-29 09:35:59.320,3.309,4500
2020-09-29 09:35:59.660,3.308,1000
2020-09-29 09:35:59.660,3.308,150200
2020-09-29 09:35:59.660,3.308,20000
2020-09-29 09:35:59.660,3.308,40000
2020-09-29 09:35:59.660,3.308,2100
2020-09-29 09:35:59.660,3.308,40000
2020-09-29 09:35:59.800,3.307,1000
2020-09-29 09:35:59.800,3.307,4000
2020-09-29 09:36:01.030,3.308,800
2020-09-29 09:36:01.680,3.308,20000
2020-09-29 09:36:02.220,3.308,40000
2020-09-29 09:36:02.240,3.308,20000
2020-09-29 09:36:02.240,3.308,40000
2020-09-29 09:36:02.240,3.308,40000
2020-09-29 09:36:02.240,3.308,40000
2020-09-29 09:36:02.540,3.308,134200
2020-09-29 09:36:03.280,3.308,127200
2020-09-29 09:36:03.280,3.308,100
2020-09-29 09:36:03.280,3.308,90000
2020-09-29 09:36:03.280,3.308,74000
2020-09-29 09:36:03.940,3.308,1000
2020-09-29 09:36:05.070,3.308,20000
2020-09-29 09:36:05.070,3.308,40000
2020-09-29 09:36:06.040,3.308,20000
2020-09-29 09:36:06.040,3.308,40000
2020-09-29 09:36:07.550,3.308,40000
2020-09-29 09:36:08.110,3.308,20000
2020-09-29 09:36:08.110,3.308,20000
2020-09-29 09:36:08.930,3.308,40000
2020-09-29 09:36:08.930,3.308,40000
2020-09-29 09:36:10.050,3.308,10000
2020-09-29 09:36:10.050,3.308,1000
2020-09-29 09:36:10.050,3.308,9000
2020-09-29 09:36:10.110,3.307,500
2020-09-29 09:36:10.110,3.307,100
2020-09-29 09:36:10.110,3.307,9400
2020-09-29 09:36:11.120,3.308,20000
2020-09-29 09:36:11.120,3.308,7300
2020-09-29 09:36:11.380,3.307,600
2020-09-29 09:36:11.380,3.307,2200
2020-09-29 09:36:11.430,3.308,198800
2020-09-29 09:36:11.480,3.307,8000
2020-09-29 09:36:11.670,3.308,10000
2020-09-29 09:36:11.730,3.308,10000
2020-09-29 09:36:11.840,3.308,10000
2020-09-29 09:36:11.900,3.308,20000
2020-09-29 09:36:11.980,3.308,10000
2020-09-29 09:36:12.110,3.308,10000
2020-09-29 09:36:12.680,3.308,10000
2020-09-29 09:36:12.930,3.307,500
2020-09-29 09:36:13.060,3.308,40000
2020-09-29 09:36:13.090,3.308,52500
2020-09-29 09:36:13.250,3.307,1000
2020-09-29 09:36:13.850,3.307,300
2020-09-29 09:36:13.850,3.307,600
2020-09-29 09:36:14.610,3.308,7400
2020-09-29 09:36:17.010,3.308,2600
2020-09-29 09:36:17.010,3.308,2700
2020-09-29 09:36:17.280,3.308,1700
2020-09-29 09:36:19.540,3.309,5700
2020-09-29 09:36:23.780,3.309,7400
2020-09-29 09:36:26.800,3.31,1600
2020-09-29 09:36:26.800,3.311,300
2020-09-29 09:36:26.800,3.311,8100
2020-09-29 09:36:27.340,3.309,2300
2020-09-29 09:36:27.490,3.309,24600
2020-09-29 09:36:27.490,3.309,1000
2020-09-29 09:36:27.490,3.309,7100
2020-09-29 09:36:30.390,3.309,3400
2020-09-29 09:36:31.620,3.31,200
2020-09-29 09:36:33.230,3.311,11900
2020-09-29 09:36:33.230,3.311,19100
2020-09-29 09:36:33.950,3.31,100
2020-09-29 09:36:33.980,3.31,3000
2020-09-29 09:36:34.610,3.311,300000
2020-09-29 09:36:35.450,3.311,300
2020-09-29 09:36:36.430,3.31,200
2020-09-29 09:36:37.530,3.311,10000
2020-09-29 09:36:38.220,3.311,30000
2020-09-29 09:36:39.020,3.311,1300
2020-09-29 09:36:39.320,3.31,7000
2020-09-29 09:36:39.680,3.311,450000
2020-09-29 09:36:39.970,3.311,10000
2020-09-29 09:36:41.070,3.31,2000
2020-09-29 09:36:42.320,3.311,10000
2020-09-29 09:36:43.090,3.311,5900
2020-09-29 09:36:43.270,3.311,100
2020-09-29 09:36:43.340,3.311,2000
2020-09-29 09:36:45.380,3.311,61300
2020-09-29 09:36:46.330,3.311,10600
2020-09-29 09:36:49.790,3.312,5000
2020-09-29 09:36:50.250,3.311,200
2020-09-29 09:36:52.760,3.311,300000
2020-09-29 09:36:53.160,3.312,3000
2020-09-29 09:36:53.160,3.312,5000
2020-09-29 09:36:53.160,3.312,3000
2020-09-29 09:36:53.160,3.312,5000
2020-09-29 09:36:53.160,3.312,10000
2020-09-29 09:36:53.160,3.312,7000
2020-09-29 09:36:53.160,3.313,9500
2020-09-29 09:36:53.160,3.313,1000
2020-09-29 09:36:53.160,3.313,2000
2020-09-29 09:36:53.160,3.313,100
2020-09-29 09:36:53.160,3.313,2600
2020-09-29 09:36:53.160,3.313,2000
2020-09-29 09:36:53.160,3.313,1000
2020-09-29 09:36:53.160,3.313,100
2020-09-29 09:36:53.160,3.313,1100
2020-09-29 09:36:55.210,3.312,100
2020-09-29 09:36:55.260,3.312,6000
2020-09-29 09:36:55.320,3.312,9500
2020-09-29 09:36:55.830,3.312,15100
2020-09-29 09:36:56.370,3.312,700
2020-09-29 09:36:56.740,3.312,100
2020-09-29 09:36:56.740,3.312,100
2020-09-29 09:36:56.740,3.312,100
2020-09-29 09:36:56.740,3.312,100
2020-09-29 09:36:56.740,3.312,100
2020-09-29 09:36:56.790,3.312,100
2020-09-29 09:36:56.790,3.312,100
2020-09-29 09:36:56.790,3.312,100
2020-09-29 09:36:56.790,3.312,100
2020-09-29 09:36:56.790,3.312,100
2020-09-29 09:36:56.790,3.312,100
2020-09-29 09:36:56.790,3.312,100
2020-09-29 09:36:56.790,3.312,100
2020-09-29 09:36:56.790,3.312,100
2020-09-29 09:36:56.840,3.312,100
2020-09-29 09:36:56.840,3.312,100
2020-09-29 09:36:56.840,3.312,100
2020-09-29 09:36:56.840,3.312,100
2020-09-29 09:36:56.890,3.312,100
2020-09-29 09:36:56.890,3.312,100
2020-09-29 09:36:56.890,3.312,100
2020-09-29 09:36:56.890,3.312,100
2020-09-29 09:36:56.890,3.312,100
2020-09-29 09:36:56.890,3.312,100
2020-09-29 09:36:56.890,3.312,100
2020-09-29 09:36:56.890,3.312,100
2020-09-29 09:36:56.890,3.312,100
2020-09-29 09:36:56.950,3.312,100
2020-09-29 09:36:56.950,3.312,100
2020-09-29 09:36:56.950,3.312,100
2020-09-29 09:36:56.950,3.312,100
2020-09-29 09:36:56.950,3.312,100
2020-09-29 09:36:57.010,3.312,100
2020-09-29 09:36:57.010,3.312,100
2020-09-29 09:36:57.010,3.312,100
2020-09-29 09:36:57.010,3.312,100
2020-09-29 09:36:57.010,3.312,100
2020-09-29 09:36:57.010,3.312,100
2020-09-29 09:36:57.060,3.312,100
2020-09-29 09:36:57.060,3.312,100
2020-09-29 09:36:57.060,3.312,100
2020-09-29 09:36:57.060,3.312,100
2020-09-29 09:36:57.060,3.312,100
2020-09-29 09:36:57.060,3.312,100
2020-09-29 09:36:57.090,3.312,100
2020-09-29 09:36:57.090,3.312,100
2020-09-29 09:36:57.090,3.312,100
2020-09-29 09:36:57.090,3.312,100
2020-09-29 09:36:57.090,3.312,100
2020-09-29 09:36:57.090,3.312,100
2020-09-29 09:36:57.090,3.312,100
2020-09-29 09:36:57.140,3.312,100
2020-09-29 09:36:57.140,3.312,100
2020-09-29 09:36:57.140,3.312,100
2020-09-29 09:36:57.190,3.312,100
2020-09-29 09:36:57.190,3.312,100
2020-09-29 09:36:57.190,3.312,100
2020-09-29 09:36:57.190,3.312,100
2020-09-29 09:36:57.190,3.312,100
2020-09-29 09:36:57.190,3.312,100
2020-09-29 09:36:57.190,3.312,100
2020-09-29 09:36:57.190,3.312,100
2020-09-29 09:36:57.240,3.312,100
2020-09-29 09:36:57.240,3.312,100
2020-09-29 09:36:57.240,3.312,100
2020-09-29 09:36:57.240,3.312,100
2020-09-29 09:36:57.240,3.312,100
2020-09-29 09:36:57.290,3.312,1000
2020-09-29 09:36:57.320,3.312,100
2020-09-29 09:36:57.320,3.312,100
2020-09-29 09:36:57.320,3.312,100
2020-09-29 09:36:57.320,3.312,100
2020-09-29 09:36:57.320,3.312,100
2020-09-29 09:36:57.320,3.312,100
2020-09-29 09:36:57.320,3.312,100
2020-09-29 09:36:57.400,3.312,100
2020-09-29 09:36:57.400,3.312,100
2020-09-29 09:36:57.400,3.312,100
2020-09-29 09:36:57.400,3.312,100
2020-09-29 09:36:57.400,3.312,100
2020-09-29 09:36:57.450,3.312,100
2020-09-29 09:36:57.450,3.312,100
2020-09-29 09:36:57.450,3.312,100
2020-09-29 09:36:57.450,3.312,100
2020-09-29 09:36:57.450,3.312,100
2020-09-29 09:36:57.450,3.312,100
2020-09-29 09:36:57.450,3.312,100
2020-09-29 09:36:57.450,3.312,100
2020-09-29 09:36:57.450,3.312,100
2020-09-29 09:36:57.450,3.312,100
2020-09-29 09:36:57.450,3.312,100
2020-09-29 09:36:57.550,3.312,30400
2020-09-29 09:36:58.150,3.312,300000
2020-09-29 09:36:58.190,3.312,3000
2020-09-29 09:36:59.660,3.312,12100
2020-09-29 09:37:02.190,3.312,200
2020-09-29 09:37:02.190,3.312,9000
2020-09-29 09:37:02.300,3.312,200
2020-09-29 09:37:02.800,3.312,900
2020-09-29 09:37:02.940,3.312,900
2020-09-29 09:37:03.130,3.312,23400
2020-09-29 09:37:03.180,3.312,1500
2020-09-29 09:37:03.260,3.312,147000
2020-09-29 09:37:03.470,3.312,30500
2020-09-29 09:37:05.020,3.312,20400
2020-09-29 09:37:05.190,3.312,93400
2020-09-29 09:37:05.190,3.312,2000
2020-09-29 09:37:05.190,3.312,1000
2020-09-29 09:37:05.190,3.312,5900
2020-09-29 09:37:05.190,3.311,97700
2020-09-29 09:37:05.510,3.311,30000
2020-09-29 09:37:06.200,3.312,200
2020-09-29 09:37:06.990,3.312,4200
2020-09-29 09:37:07.860,3.312,10000
2020-09-29 09:37:09.940,3.312,300
2020-09-29 09:37:10.000,3.312,1300
2020-09-29 09:37:10.690,3.312,6000
2020-09-29 09:37:11.020,3.312,1000
2020-09-29 09:37:11.440,3.312,1000
2020-09-29 09:37:12.040,3.312,1000
2020-09-29 09:37:13.180,3.312,10000
2020-09-29 09:37:13.690,3.312,6100
2020-09-29 09:37:14.690,3.312,8900
2020-09-29 09:37:14.690,3.312,20000
2020-09-29 09:37:14.690,3.312,21100
2020-09-29 09:37:14.730,3.312,3000
2020-09-29 09:37:15.020,3.312,5000
2020-09-29 09:37:16.740,3.312,4000
2020-09-29 09:37:16.800,3.312,1500
2020-09-29 09:37:17.400,3.312,800
2020-09-29 09:37:20.490,3.312,5100
2020-09-29 09:37:20.690,3.312,100
2020-09-29 09:37:23.230,3.312,39400
2020-09-29 09:37:23.450,3.311,300000
2020-09-29 09:37:23.800,3.311,200200
2020-09-29 09:37:23.800,3.311,86000
2020-09-29 09:37:23.800,3.311,100
2020-09-29 09:37:23.800,3.311,10000
2020-09-29 09:37:23.800,3.311,700
2020-09-29 09:37:23.800,3.311,1600
2020-09-29 09:37:23.800,3.311,1500
2020-09-29 09:37:24.230,3.311,8500
2020-09-29 09:37:24.230,3.311,2500
2020-09-29 09:37:24.230,3.311,2000
2020-09-29 09:37:24.230,3.311,500
2020-09-29 09:37:24.230,3.311,50000
2020-09-29 09:37:24.230,3.311,5200
2020-09-29 09:37:24.230,3.311,100
2020-09-29 09:37:24.230,3.311,17400
2020-09-29 09:37:24.230,3.311,5000
2020-09-29 09:37:27.450,3.311,600
2020-09-29 09:37:30.570,3.311,16500
2020-09-29 09:37:30.890,3.31,287500
2020-09-29 09:37:30.890,3.31,500
2020-09-29 09:37:30.890,3.31,12100
2020-09-29 09:37:31.430,3.31,279200
2020-09-29 09:37:31.430,3.31,200
2020-09-29 09:37:31.430,3.31,3000
2020-09-29 09:37:31.430,3.31,200
2020-09-29 09:37:31.430,3.31,17400
2020-09-29 09:37:31.560,3.31,2600
2020-09-29 09:37:31.560,3.31,2400
2020-09-29 09:37:31.560,3.31,1000
2020-09-29 09:37:31.560,3.31,3000
2020-09-29 09:37:31.560,3.31,28400
2020-09-29 09:37:31.560,3.31,200
2020-09-29 09:37:31.560,3.31,200
2020-09-29 09:37:31.560,3.31,2000
2020-09-29 09:37:31.560,3.31,1500
2020-09-29 09:37:31.560,3.31,6000
2020-09-29 09:37:31.560,3.31,1700
2020-09-29 09:37:31.560,3.31,100
2020-09-29 09:37:31.560,3.31,10000
2020-09-29 09:37:32.250,3.31,7000
2020-09-29 09:37:33.260,3.31,233900
2020-09-29 09:37:33.260,3.311,57400
2020-09-29 09:37:34.600,3.31,5000
2020-09-29 09:37:35.030,3.31,29900
2020-09-29 09:37:35.160,3.31,200
2020-09-29 09:37:40.520,3.31,264900
2020-09-29 09:37:40.520,3.31,35100
2020-09-29 09:37:40.830,3.31,3000
2020-09-29 09:37:40.920,3.31,600
2020-09-29 09:37:43.130,3.31,4000
2020-09-29 09:37:43.130,3.311,27100
2020-09-29 09:37:44.330,3.309,3000
2020-09-29 09:37:48.230,3.31,400
2020-09-29 09:37:50.640,3.31,600
2020-09-29 09:37:50.640,3.31,2400
2020-09-29 09:37:51.150,3.31,1600
2020-09-29 09:37:51.150,3.31,100
2020-09-29 09:37:51.150,3.309,1500
2020-09-29 09:37:51.150,3.309,5000
2020-09-29 09:37:51.150,3.309,4900
2020-09-29 09:37:51.150,3.309,4000
2020-09-29 09:37:51.150,3.309,1000
2020-09-29 09:37:51.150,3.309,20400
2020-09-29 09:37:51.150,3.309,10000
2020-09-29 09:37:51.150,3.309,100
2020-09-29 09:37:51.150,3.309,2400
2020-09-29 09:37:51.150,3.309,55400
2020-09-29 09:37:52.310,3.311,3700
2020-09-29 09:37:53.360,3.311,6000
2020-09-29 09:37:54.460,3.31,100
2020-09-29 09:37:54.600,3.31,5000
2020-09-29 09:37:55.600,3.31,294900
2020-09-29 09:37:55.600,3.31,5100
2020-09-29 09:37:56.930,3.31,100000
2020-09-29 09:37:57.580,3.31,60500
2020-09-29 09:37:57.630,3.31,34400
2020-09-29 09:37:57.630,3.31,5000
2020-09-29 09:37:57.630,3.31,10000
2020-09-29 09:37:58.160,3.311,500
2020-09-29 09:38:01.510,3.311,9400
2020-09-29 09:38:01.510,3.311,300
2020-09-29 09:38:01.510,3.311,7500
2020-09-29 09:38:01.510,3.311,5000
2020-09-29 09:38:01.510,3.311,277800
2020-09-29 09:38:03.110,3.311,22200
2020-09-29 09:38:03.110,3.311,4000
2020-09-29 09:38:03.110,3.311,26300
2020-09-29 09:38:03.140,3.31,3000
2020-09-29 09:38:03.290,3.311,291300
2020-09-29 09:38:06.350,3.31,37000
2020-09-29 09:38:06.350,3.31,1000
2020-09-29 09:38:06.350,3.31,10000
2020-09-29 09:38:06.350,3.31,2000
2020-09-29 09:38:06.650,3.31,2500
2020-09-29 09:38:07.450,3.31,50000
2020-09-29 09:38:10.890,3.311,3000
2020-09-29 09:38:11.180,3.311,3200
2020-09-29 09:38:12.190,3.31,2300
2020-09-29 09:38:12.190,3.31,1700
2020-09-29 09:38:12.460,3.311,10000
2020-09-29 09:38:12.670,3.31,13300
2020-09-29 09:38:12.670,3.31,10000
2020-09-29 09:38:12.670,3.31,40000
2020-09-29 09:38:18.960,3.309,32500
2020-09-29 09:38:18.960,3.309,3700
2020-09-29 09:38:20.270,3.31,100
2020-09-29 09:38:21.590,3.31,76600
2020-09-29 09:38:21.590,3.31,23400
2020-09-29 09:38:21.910,3.31,26600
2020-09-29 09:38:21.910,3.31,300
2020-09-29 09:38:21.910,3.31,5600
2020-09-29 09:38:21.910,3.31,44200
2020-09-29 09:38:21.910,3.31,2000
2020-09-29 09:38:21.910,3.31,21300
2020-09-29 09:38:25.410,3.31,27400
2020-09-29 09:38:25.410,3.31,3000
2020-09-29 09:38:25.410,3.31,700
2020-09-29 09:38:26.530,3.31,29300
2020-09-29 09:38:26.530,3.31,5000
2020-09-29 09:38:26.530,3.31,265700
2020-09-29 09:38:27.660,3.31,40000
2020-09-29 09:38:28.350,3.31,10000
2020-09-29 09:38:29.560,3.31,300000
2020-09-29 09:38:29.590,3.31,46200
2020-09-29 09:38:29.590,3.31,220000
2020-09-29 09:38:30.180,3.311,300
2020-09-29 09:38:30.180,3.311,97900
2020-09-29 09:38:30.180,3.311,100
2020-09-29 09:38:32.230,3.311,1700
2020-09-29 09:38:32.230,3.311,28300
2020-09-29 09:38:34.180,3.311,71700
2020-09-29 09:38:34.180,3.311,100000
2020-09-29 09:38:38.700,3.31,3100
2020-09-29 09:38:38.700,3.31,291300
2020-09-29 09:38:38.700,3.31,300
2020-09-29 09:38:38.700,3.31,500
2020-09-29 09:38:38.700,3.31,1200
2020-09-29 09:38:38.700,3.31,1100
2020-09-29 09:38:39.010,3.31,40000
2020-09-29 09:38:41.140,3.31,7000
2020-09-29 09:38:41.140,3.311,93000
2020-09-29 09:38:43.210,3.311,52400
2020-09-29 09:38:46.710,3.311,20000
2020-09-29 09:38:47.000,3.311,7000
2020-09-29 09:38:47.110,3.31,400
2020-09-29 09:38:50.330,3.311,5000
2020-09-29 09:38:51.140,3.311,3200
2020-09-29 09:38:53.420,3.311,100000
2020-09-29 09:38:54.410,3.311,92700
2020-09-29 09:38:54.410,3.312,7300
2020-09-29 09:38:55.490,3.312,14200
2020-09-29 09:38:55.490,3.312,15000
2020-09-29 09:38:55.490,3.312,4000
2020-09-29 09:38:55.490,3.312,2100
2020-09-29 09:38:55.490,3.312,10000
2020-09-29 09:38:59.900,3.312,54700
2020-09-29 09:38:59.900,3.312,100000
2020-09-29 09:39:03.240,3.312,145300
2020-09-29 09:39:03.240,3.313,12000
2020-09-29 09:39:03.240,3.313,1000
2020-09-29 09:39:03.240,3.313,4800
2020-09-29 09:39:03.240,3.313,128200
2020-09-29 09:39:05.290,3.313,31000
2020-09-29 09:39:08.850,3.313,1000
2020-09-29 09:39:10.210,3.313,12900
2020-09-29 09:39:13.110,3.312,39300
2020-09-29 09:39:13.560,3.312,5000
2020-09-29 09:39:20.570,3.312,20000
2020-09-29 09:39:21.720,3.312,100
2020-09-29 09:39:22.560,3.311,900
2020-09-29 09:39:22.560,3.311,10000
2020-09-29 09:39:22.560,3.311,10000
2020-09-29 09:39:22.560,3.311,1000
2020-09-29 09:39:22.560,3.311,600
2020-09-29 09:39:22.560,3.311,2000
2020-09-29 09:39:22.560,3.311,46200
2020-09-29 09:39:22.840,3.312,3000
2020-09-29 09:39:24.050,3.312,10000
2020-09-29 09:39:25.680,3.312,5000
2020-09-29 09:39:25.890,3.312,300
2020-09-29 09:39:29.410,3.312,2500
2020-09-29 09:39:29.440,3.312,2000
2020-09-29 09:39:30.240,3.312,15800
2020-09-29 09:39:30.970,3.311,3200
2020-09-29 09:39:32.480,3.312,300
2020-09-29 09:39:33.150,3.312,23300
2020-09-29 09:39:33.280,3.312,600
2020-09-29 09:39:33.300,3.312,172800
2020-09-29 09:39:33.300,3.312,10000
2020-09-29 09:39:33.300,3.312,30000
2020-09-29 09:39:33.300,3.312,13500
2020-09-29 09:39:33.300,3.312,65000
2020-09-29 09:39:34.120,3.312,3000
2020-09-29 09:39:34.470,3.311,10600
2020-09-29 09:39:34.470,3.311,9400
2020-09-29 09:39:35.250,3.311,5600
2020-09-29 09:39:35.250,3.311,100
2020-09-29 09:39:35.250,3.311,100
2020-09-29 09:39:35.250,3.311,5000
2020-09-29 09:39:35.250,3.311,1000
2020-09-29 09:39:35.250,3.311,600
2020-09-29 09:39:35.250,3.311,14500
2020-09-29 09:39:37.360,3.311,2000
2020-09-29 09:39:37.740,3.311,100
2020-09-29 09:39:38.150,3.31,4500
2020-09-29 09:39:38.650,3.311,10000
2020-09-29 09:39:40.030,3.311,8600
2020-09-29 09:39:41.650,3.311,400
2020-09-29 09:39:43.180,3.311,39400
2020-09-29 09:39:43.700,3.311,500
2020-09-29 09:39:46.070,3.311,300
2020-09-29 09:39:48.830,3.31,500
2020-09-29 09:39:48.830,3.31,8400
2020-09-29 09:39:49.400,3.311,100
2020-09-29 09:39:50.430,3.311,20000
2020-09-29 09:39:51.020,3.31,21600
2020-09-29 09:39:51.020,3.31,8000
2020-09-29 09:39:51.020,3.31,700
2020-09-29 09:39:51.020,3.31,100
2020-09-29 09:39:51.260,3.31,2900
2020-09-29 09:39:51.670,3.31,50000
2020-09-29 09:39:54.010,3.31,2000
2020-09-29 09:39:54.530,3.31,100
2020-09-29 09:39:56.620,3.31,500
2020-09-29 09:39:59.200,3.31,600
2020-09-29 09:40:03.170,3.31,23400
2020-09-29 09:40:03.270,3.31,176200
2020-09-29 09:40:03.270,3.31,20000
2020-09-29 09:40:03.270,3.31,2000
2020-09-29 09:40:03.270,3.31,36800
2020-09-29 09:40:03.270,3.31,1000
2020-09-29 09:40:03.520,3.311,600
2020-09-29 09:40:03.860,3.311,1000
2020-09-29 09:40:04.060,3.31,55300
2020-09-29 09:40:05.140,3.309,3300
2020-09-29 09:40:05.780,3.309,300
2020-09-29 09:40:06.760,3.31,1300
2020-09-29 09:40:08.330,3.309,500
2020-09-29 09:40:09.390,3.31,500
2020-09-29 09:40:09.560,3.309,100
2020-09-29 09:40:11.130,3.31,7600
2020-09-29 09:40:11.130,3.31,31400
2020-09-29 09:40:13.050,3.31,600
2020-09-29 09:40:13.770,3.31,100
2020-09-29 09:40:15.200,3.309,2700
2020-09-29 09:40:15.200,3.309,4500
2020-09-29 09:40:15.200,3.309,5000
2020-09-29 09:40:15.200,3.309,10000
2020-09-29 09:40:15.200,3.309,900
2020-09-29 09:40:15.200,3.309,20000
2020-09-29 09:40:15.200,3.309,3000
2020-09-29 09:40:15.200,3.309,100
2020-09-29 09:40:15.200,3.309,5000
2020-09-29 09:40:15.200,3.309,800
2020-09-29 09:40:15.200,3.309,15900
2020-09-29 09:40:15.200,3.309,3400
2020-09-29 09:40:15.200,3.309,500
2020-09-29 09:40:15.200,3.309,100
2020-09-29 09:40:15.200,3.309,300
2020-09-29 09:40:15.200,3.309,5000
2020-09-29 09:40:15.200,3.309,12800
2020-09-29 09:40:15.410,3.31,100
2020-09-29 09:40:18.650,3.31,400
2020-09-29 09:40:18.820,3.309,30000
2020-09-29 09:40:19.360,3.309,10200
2020-09-29 09:40:21.390,3.31,2200
2020-09-29 09:40:23.130,3.31,51000
2020-09-29 09:40:23.220,3.309,8900
2020-09-29 09:40:23.220,3.309,500
2020-09-29 09:40:23.220,3.309,600
2020-09-29 09:40:23.400,3.309,99400
2020-09-29 09:40:23.400,3.309,2000
2020-09-29 09:40:23.400,3.309,3000
2020-09-29 09:40:23.730,3.309,100
2020-09-29 09:40:26.170,3.309,50000
2020-09-29 09:40:29.700,3.309,4300
2020-09-29 09:40:30.830,3.309,141200
2020-09-29 09:40:30.830,3.309,159800
2020-09-29 09:40:32.060,3.309,100
2020-09-29 09:40:32.970,3.308,13300
2020-09-29 09:40:32.970,3.308,7200
2020-09-29 09:40:32.970,3.308,10000
2020-09-29 09:40:32.970,3.308,10000
2020-09-29 09:40:32.970,3.308,9500
2020-09-29 09:40:33.230,3.309,291300
2020-09-29 09:40:33.610,3.309,10000
2020-09-29 09:40:34.770,3.309,100
2020-09-29 09:40:36.110,3.308,500
2020-09-29 09:40:36.110,3.308,5700
2020-09-29 09:40:36.150,3.309,4900
2020-09-29 09:40:36.150,3.309,1100
2020-09-29 09:40:37.430,3.308,3900
2020-09-29 09:40:37.890,3.308,400
2020-09-29 09:40:37.890,3.308,100
2020-09-29 09:40:37.890,3.308,10000
2020-09-29 09:40:37.890,3.308,10000
2020-09-29 09:40:37.890,3.308,2000
2020-09-29 09:40:37.890,3.308,37900
2020-09-29 09:40:38.060,3.309,8900
2020-09-29 09:40:38.060,3.309,500
2020-09-29 09:40:38.060,3.309,2900
2020-09-29 09:40:38.060,3.309,17700
2020-09-29 09:40:38.410,3.308,6700
2020-09-29 09:40:38.430,3.309,5000
2020-09-29 09:40:38.780,3.309,32600
2020-09-29 09:40:40.110,3.308,1500
2020-09-29 09:40:41.980,3.308,1700
2020-09-29 09:40:42.150,3.309,2000
2020-09-29 09:40:42.530,3.309,200
2020-09-29 09:40:43.120,3.309,29300
2020-09-29 09:40:43.370,3.308,300
2020-09-29 09:40:44.830,3.309,6000
2020-09-29 09:40:45.520,3.309,6000
2020-09-29 09:40:46.270,3.309,6000
2020-09-29 09:40:49.260,3.308,5400
2020-09-29 09:40:49.750,3.308,200000
2020-09-29 09:40:51.320,3.308,1500
2020-09-29 09:40:51.590,3.308,3000
2020-09-29 09:40:53.650,3.308,21500
2020-09-29 09:40:54.710,3.309,10000
2020-09-29 09:40:58.510,3.309,5000
2020-09-29 09:40:58.960,3.308,1500
2020-09-29 09:41:00.300,3.309,1000
2020-09-29 09:41:00.500,3.309,14100
2020-09-29 09:41:00.640,3.309,500
2020-09-29 09:41:01.600,3.309,10000
2020-09-29 09:41:03.260,3.309,68800
2020-09-29 09:41:03.260,3.309,1000
2020-09-29 09:41:03.260,3.309,221500
2020-09-29 09:41:03.260,3.309,49600
2020-09-29 09:41:05.000,3.308,3000
2020-09-29 09:41:05.730,3.308,16000
2020-09-29 09:41:05.730,3.308,10000
2020-09-29 09:41:05.730,3.308,16000
2020-09-29 09:41:05.730,3.308,5000
2020-09-29 09:41:05.730,3.308,2000
2020-09-29 09:41:05.730,3.308,300
2020-09-29 09:41:05.730,3.308,1000
2020-09-29 09:41:05.730,3.308,100
2020-09-29 09:41:05.730,3.308,900
2020-09-29 09:41:05.730,3.308,15000
2020-09-29 09:41:05.730,3.308,100000
2020-09-29 09:41:05.730,3.308,500
2020-09-29 09:41:05.730,3.308,500
2020-09-29 09:41:05.730,3.308,5800
2020-09-29 09:41:05.730,3.308,700
2020-09-29 09:41:05.730,3.308,500
2020-09-29 09:41:05.730,3.308,3000
2020-09-29 09:41:05.730,3.308,200
2020-09-29 09:41:05.730,3.308,400
2020-09-29 09:41:12.030,3.308,18300
2020-09-29 09:41:12.060,3.308,33800
2020-09-29 09:41:12.060,3.308,264400
2020-09-29 09:41:12.260,3.307,3000
2020-09-29 09:41:13.130,3.308,298200
2020-09-29 09:41:13.220,3.308,22100
2020-09-29 09:41:13.370,3.308,10000
2020-09-29 09:41:13.650,3.308,13600
2020-09-29 09:41:13.700,3.307,2000
2020-09-29 09:41:13.790,3.308,8800
2020-09-29 09:41:13.890,3.308,282900
2020-09-29 09:41:13.890,3.308,1600
2020-09-29 09:41:14.070,3.309,100
2020-09-29 09:41:14.100,3.308,2000
2020-09-29 09:41:16.450,3.308,5000
2020-09-29 09:41:16.870,3.309,6000
2020-09-29 09:41:17.850,3.308,10500
2020-09-29 09:41:17.850,3.308,500
2020-09-29 09:41:17.850,3.307,14400
2020-09-29 09:41:17.850,3.307,5500
2020-09-29 09:41:17.850,3.307,5000
2020-09-29 09:41:17.850,3.307,400
2020-09-29 09:41:17.850,3.307,2400
2020-09-29 09:41:17.850,3.307,20000
2020-09-29 09:41:17.850,3.307,200
2020-09-29 09:41:17.850,3.307,1500
2020-09-29 09:41:17.850,3.307,20000
2020-09-29 09:41:17.850,3.307,7200
2020-09-29 09:41:17.850,3.307,1500
2020-09-29 09:41:17.850,3.307,500
2020-09-29 09:41:17.850,3.307,500
2020-09-29 09:41:17.850,3.307,5600
2020-09-29 09:41:17.850,3.307,100
2020-09-29 09:41:17.850,3.307,5700
2020-09-29 09:41:17.850,3.307,12000
2020-09-29 09:41:17.850,3.307,200
2020-09-29 09:41:17.850,3.307,500
2020-09-29 09:41:17.850,3.307,100000
2020-09-29 09:41:18.500,3.307,300
2020-09-29 09:41:19.180,3.307,85500
2020-09-29 09:41:19.180,3.308,14500
2020-09-29 09:41:19.420,3.308,3000
2020-09-29 09:41:20.410,3.308,10000
2020-09-29 09:41:21.050,3.308,5000
2020-09-29 09:41:21.850,3.307,8300
2020-09-29 09:41:24.660,3.307,50000
2020-09-29 09:41:27.970,3.307,50000
2020-09-29 09:41:27.970,3.307,50000
2020-09-29 09:41:27.970,3.307,50000
2020-09-29 09:41:27.970,3.307,5000
2020-09-29 09:41:28.660,3.307,100
2020-09-29 09:41:30.440,3.307,100000
2020-09-29 09:41:31.440,3.307,100000
2020-09-29 09:41:32.780,3.307,3100
2020-09-29 09:41:33.020,3.307,300000
2020-09-29 09:41:33.270,3.307,241800
2020-09-29 09:41:33.270,3.307,100
2020-09-29 09:41:33.270,3.307,49400
2020-09-29 09:41:34.630,3.307,20000
2020-09-29 09:41:34.630,3.307,20000
2020-09-29 09:41:34.630,3.308,60000
2020-09-29 09:41:37.600,3.307,1000
2020-09-29 09:41:37.600,3.307,6000
2020-09-29 09:41:37.600,3.307,5500
2020-09-29 09:41:41.390,3.308,1000
2020-09-29 09:41:43.220,3.308,6500
2020-09-29 09:41:43.220,3.308,800
2020-09-29 09:41:43.220,3.308,42200
2020-09-29 09:41:43.490,3.307,13300
2020-09-29 09:41:43.590,3.307,31200
2020-09-29 09:41:43.970,3.307,7800
2020-09-29 09:41:44.730,3.307,200
2020-09-29 09:41:44.810,3.307,1200
2020-09-29 09:41:46.880,3.307,1900
2020-09-29 09:41:49.270,3.306,2000
2020-09-29 09:41:51.160,3.307,3000
2020-09-29 09:41:53.220,3.307,27000
2020-09-29 09:41:53.220,3.308,2300
2020-09-29 09:41:55.130,3.307,4500
2020-09-29 09:42:00.480,3.307,500
2020-09-29 09:42:01.500,3.306,10000
2020-09-29 09:42:02.250,3.307,900
2020-09-29 09:42:02.250,3.307,500
2020-09-29 09:42:03.330,3.308,255500
2020-09-29 09:42:03.330,3.308,12300
2020-09-29 09:42:03.330,3.308,200
2020-09-29 09:42:03.330,3.308,23300
2020-09-29 09:42:03.880,3.307,3600
2020-09-29 09:42:05.100,3.307,5300
2020-09-29 09:42:10.830,3.308,2000
2020-09-29 09:42:11.060,3.307,3000
2020-09-29 09:42:11.130,3.307,10000
2020-09-29 09:42:11.310,3.307,1700
2020-09-29 09:42:11.310,3.307,200
2020-09-29 09:42:11.310,3.307,800
2020-09-29 09:42:11.710,3.308,298200
2020-09-29 09:42:11.810,3.308,100
2020-09-29 09:42:12.590,3.308,3000
2020-09-29 09:42:12.690,3.307,200
2020-09-29 09:42:12.690,3.307,2800
2020-09-29 09:42:12.770,3.308,298200
2020-09-29 09:42:13.160,3.308,37200
2020-09-29 09:42:13.380,3.308,10000
2020-09-29 09:42:13.530,3.307,6800
2020-09-29 09:42:13.740,3.308,10000
2020-09-29 09:42:13.880,3.308,218000
2020-09-29 09:42:13.880,3.308,80200
2020-09-29 09:42:14.130,3.307,22700
2020-09-29 09:42:14.290,3.308,10000
2020-09-29 09:42:14.870,3.308,298200
2020-09-29 09:42:17.960,3.307,200
2020-09-29 09:42:17.960,3.307,33800
2020-09-29 09:42:19.130,3.308,5000
2020-09-29 09:42:19.130,3.308,5000
2020-09-29 09:42:19.300,3.308,200
2020-09-29 09:42:19.300,3.308,2000
2020-09-29 09:42:21.020,3.308,8700
2020-09-29 09:42:21.020,3.308,1000
2020-09-29 09:42:21.020,3.307,51400
2020-09-29 09:42:23.220,3.309,22100
2020-09-29 09:42:25.610,3.308,500
2020-09-29 09:42:25.610,3.308,300
2020-09-29 09:42:25.990,3.308,300
2020-09-29 09:42:33.310,3.309,1800
2020-09-29 09:42:33.310,3.309,10000
2020-09-29 09:42:33.310,3.309,50000
2020-09-29 09:42:33.310,3.309,2800
2020-09-29 09:42:33.310,3.309,226700
2020-09-29 09:42:36.040,3.308,1700
2020-09-29 09:42:36.040,3.308,200
2020-09-29 09:42:36.040,3.308,400
2020-09-29 09:42:36.040,3.308,2200
2020-09-29 09:42:36.040,3.308,29600
2020-09-29 09:42:36.040,3.308,300
2020-09-29 09:42:36.040,3.308,7000
2020-09-29 09:42:36.040,3.308,14000
2020-09-29 09:42:37.940,3.308,200
2020-09-29 09:42:41.030,3.308,4800
2020-09-29 09:42:41.030,3.308,5200
2020-09-29 09:42:42.250,3.308,3800
2020-09-29 09:42:42.250,3.309,1200
2020-09-29 09:42:43.230,3.309,37200
2020-09-29 09:42:47.750,3.308,500
2020-09-29 09:42:48.680,3.308,2800
2020-09-29 09:42:48.680,3.308,1200
2020-09-29 09:42:49.560,3.308,1000
2020-09-29 09:42:50.460,3.308,1300
2020-09-29 09:42:52.100,3.308,9000
2020-09-29 09:42:52.890,3.308,1900
2020-09-29 09:42:53.970,3.308,1500
2020-09-29 09:42:54.900,3.307,10000
2020-09-29 09:42:57.000,3.307,4800
2020-09-29 09:42:57.000,3.307,1000
2020-09-29 09:42:57.000,3.307,200
2020-09-29 09:42:58.540,3.308,800
2020-09-29 09:43:00.050,3.308,10000
2020-09-29 09:43:03.130,3.307,3000
2020-09-29 09:43:03.220,3.309,300
2020-09-29 09:43:03.220,3.309,29000
2020-09-29 09:43:04.290,3.309,1000
2020-09-29 09:43:04.960,3.308,3000
2020-09-29 09:43:05.170,3.309,3500
2020-09-29 09:43:05.170,3.309,96500
2020-09-29 09:43:07.440,3.308,5000
2020-09-29 09:43:07.660,3.308,1000
2020-09-29 09:43:11.440,3.308,282300
2020-09-29 09:43:11.440,3.308,17700
2020-09-29 09:43:13.390,3.308,3100
2020-09-29 09:43:15.850,3.308,1800
2020-09-29 09:43:16.060,3.308,77400
2020-09-29 09:43:16.060,3.308,100000
2020-09-29 09:43:16.060,3.308,400
2020-09-29 09:43:16.060,3.308,22200
2020-09-29 09:43:16.060,3.308,1000
2020-09-29 09:43:16.060,3.308,1000
2020-09-29 09:43:16.060,3.308,1500
2020-09-29 09:43:16.060,3.308,2000
2020-09-29 09:43:16.060,3.308,94500
2020-09-29 09:43:16.540,3.309,89400
2020-09-29 09:43:21.800,3.309,1000
2020-09-29 09:43:22.740,3.309,800
2020-09-29 09:43:23.080,3.309,10000
2020-09-29 09:43:23.270,3.309,49500
2020-09-29 09:43:23.830,3.309,300
2020-09-29 09:43:26.620,3.309,700
2020-09-29 09:43:29.420,3.309,50000
2020-09-29 09:43:29.820,3.309,500
2020-09-29 09:43:32.040,3.308,5500
2020-09-29 09:43:32.040,3.308,200
2020-09-29 09:43:32.420,3.308,1300
2020-09-29 09:43:32.420,3.308,50000
2020-09-29 09:43:32.420,3.308,700
2020-09-29 09:43:32.420,3.308,50000
2020-09-29 09:43:32.420,3.308,40000
2020-09-29 09:43:32.420,3.308,3100
2020-09-29 09:43:32.420,3.308,30000
2020-09-29 09:43:33.120,3.308,22000
2020-09-29 09:43:33.290,3.308,2900
2020-09-29 09:43:33.290,3.309,288400
2020-09-29 09:43:34.110,3.309,40000
2020-09-29 09:43:35.060,3.309,700
2020-09-29 09:43:35.420,3.309,10000
2020-09-29 09:43:37.640,3.309,249300
2020-09-29 09:43:37.640,3.309,2400
2020-09-29 09:43:37.640,3.309,2000
2020-09-29 09:43:37.640,3.309,1100
2020-09-29 09:43:37.770,3.309,45200
2020-09-29 09:43:40.660,3.309,2000
2020-09-29 09:43:41.540,3.309,300
2020-09-29 09:43:42.060,3.308,600
2020-09-29 09:43:42.060,3.308,100
2020-09-29 09:43:42.060,3.308,1300
2020-09-29 09:43:43.060,3.309,10000
2020-09-29 09:43:43.460,3.309,2300
2020-09-29 09:43:43.530,3.309,3000
2020-09-29 09:43:48.500,3.309,600
2020-09-29 09:43:49.110,3.309,10000
2020-09-29 09:43:49.700,3.309,2000
2020-09-29 09:43:52.630,3.309,10000
2020-09-29 09:43:53.140,3.309,100
2020-09-29 09:43:53.140,3.309,37100
2020-09-29 09:43:54.800,3.308,1000
2020-09-29 09:43:58.680,3.308,2000
2020-09-29 09:43:58.680,3.308,1900
2020-09-29 09:43:58.680,3.308,600
2020-09-29 09:43:58.680,3.308,33300
2020-09-29 09:43:58.680,3.308,500
2020-09-29 09:43:58.680,3.308,5000
2020-09-29 09:43:58.680,3.308,50000
2020-09-29 09:43:58.680,3.308,6000
2020-09-29 09:43:58.680,3.308,1000
2020-09-29 09:43:58.680,3.308,50000
2020-09-29 09:43:59.670,3.308,1000
2020-09-29 09:44:00.490,3.308,48700
2020-09-29 09:44:01.010,3.309,10000
2020-09-29 09:44:03.180,3.309,22100
2020-09-29 09:44:06.710,3.309,2100
2020-09-29 09:44:07.490,3.309,20000
2020-09-29 09:44:07.540,3.308,100000
2020-09-29 09:44:07.540,3.308,100000
2020-09-29 09:44:07.540,3.308,8000
2020-09-29 09:44:07.540,3.308,100000
2020-09-29 09:44:07.540,3.308,291300
2020-09-29 09:44:07.540,3.308,1000
2020-09-29 09:44:08.240,3.308,67300
2020-09-29 09:44:08.780,3.308,1600
2020-09-29 09:44:11.230,3.308,1300
2020-09-29 09:44:13.670,3.308,1600
2020-09-29 09:44:14.880,3.307,7000
2020-09-29 09:44:14.880,3.307,1000
2020-09-29 09:44:14.880,3.307,10000
2020-09-29 09:44:14.880,3.307,10000
2020-09-29 09:44:14.880,3.307,100000
2020-09-29 09:44:14.880,3.307,200
2020-09-29 09:44:14.880,3.307,86400
2020-09-29 09:44:17.580,3.308,5000
2020-09-29 09:44:17.650,3.308,100
2020-09-29 09:44:18.950,3.308,15000
2020-09-29 09:44:19.980,3.307,13600
2020-09-29 09:44:19.980,3.307,3100
2020-09-29 09:44:19.980,3.307,10000
2020-09-29 09:44:19.980,3.307,500
2020-09-29 09:44:19.980,3.307,10000
2020-09-29 09:44:19.980,3.307,20000
2020-09-29 09:44:19.980,3.307,45000
2020-09-29 09:44:19.980,3.307,25000
2020-09-29 09:44:19.980,3.307,700
2020-09-29 09:44:19.980,3.307,2000
2020-09-29 09:44:19.980,3.307,100000
2020-09-29 09:44:19.980,3.307,2000
2020-09-29 09:44:19.980,3.307,200
2020-09-29 09:44:19.980,3.307,3000
2020-09-29 09:44:19.980,3.307,10000
2020-09-29 09:44:19.980,3.307,54900
2020-09-29 09:44:20.100,3.308,500
2020-09-29 09:44:20.400,3.307,9500
2020-09-29 09:44:20.400,3.307,10000
2020-09-29 09:44:20.400,3.307,4700
2020-09-29 09:44:20.400,3.307,2000
2020-09-29 09:44:20.400,3.307,11200
2020-09-29 09:44:20.400,3.307,1500
2020-09-29 09:44:20.400,3.307,1100
2020-09-29 09:44:20.400,3.307,3000
2020-09-29 09:44:20.950,3.307,33300
2020-09-29 09:44:21.210,3.307,2100
2020-09-29 09:44:21.890,3.307,3000
2020-09-29 09:44:22.200,3.307,100
2020-09-29 09:44:23.500,3.307,40400
2020-09-29 09:44:24.180,3.307,2000
2020-09-29 09:44:25.890,3.307,6000
2020-09-29 09:44:26.900,3.307,27300
2020-09-29 09:44:27.770,3.307,10000
2020-09-29 09:44:28.460,3.306,3000
2020-09-29 09:44:28.460,3.306,1000
2020-09-29 09:44:28.460,3.306,100
2020-09-29 09:44:28.460,3.306,10000
2020-09-29 09:44:28.460,3.306,700
2020-09-29 09:44:28.460,3.306,5200
2020-09-29 09:44:29.960,3.307,10000
2020-09-29 09:44:30.990,3.306,2300
2020-09-29 09:44:30.990,3.306,100
2020-09-29 09:44:30.990,3.306,600
2020-09-29 09:44:31.250,3.307,20000
2020-09-29 09:44:31.450,3.306,9400
2020-09-29 09:44:31.450,3.306,10000
2020-09-29 09:44:31.450,3.306,12000
2020-09-29 09:44:31.450,3.306,10000
2020-09-29 09:44:31.450,3.306,100
2020-09-29 09:44:31.450,3.306,400
2020-09-29 09:44:31.450,3.306,70000
2020-09-29 09:44:31.450,3.306,100
2020-09-29 09:44:31.450,3.306,1000
2020-09-29 09:44:31.450,3.306,11100
2020-09-29 09:44:31.450,3.306,1000
2020-09-29 09:44:31.450,3.306,2000
2020-09-29 09:44:31.450,3.306,72900
2020-09-29 09:44:32.400,3.306,27100
2020-09-29 09:44:32.400,3.306,5000
2020-09-29 09:44:32.400,3.306,41600
2020-09-29 09:44:33.130,3.307,49600
2020-09-29 09:44:33.290,3.307,53200
2020-09-29 09:44:33.290,3.307,100000
2020-09-29 09:44:33.290,3.307,800
2020-09-29 09:44:33.290,3.307,39000
2020-09-29 09:44:33.290,3.307,73800
2020-09-29 09:44:33.290,3.307,24500
2020-09-29 09:44:33.590,3.306,5900
2020-09-29 09:44:34.080,3.307,2000
2020-09-29 09:44:34.660,3.307,42000
2020-09-29 09:44:36.560,3.307,5000
2020-09-29 09:44:36.590,3.306,6100
2020-09-29 09:44:36.870,3.306,400
2020-09-29 09:44:37.130,3.307,50000
2020-09-29 09:44:40.450,3.307,400
2020-09-29 09:44:43.190,3.307,29300
2020-09-29 09:44:45.190,3.307,300
2020-09-29 09:44:45.750,3.307,1600
2020-09-29 09:44:47.560,3.307,2300
2020-09-29 09:44:49.810,3.306,2400
2020-09-29 09:44:53.640,3.306,9100
2020-09-29 09:44:53.980,3.306,4000
2020-09-29 09:44:57.610,3.306,30000
2020-09-29 09:44:58.130,3.306,500
2020-09-29 09:44:58.130,3.306,900
2020-09-29 09:44:58.760,3.307,30000
2020-09-29 09:45:00.380,3.306,100
2020-09-29 09:45:00.380,3.306,19900
2020-09-29 09:45:01.590,3.306,30100
2020-09-29 09:45:01.590,3.306,100
2020-09-29 09:45:01.590,3.306,500
2020-09-29 09:45:01.590,3.306,22000
2020-09-29 09:45:01.590,3.306,2300
2020-09-29 09:45:01.590,3.306,100000
2020-09-29 09:45:01.590,3.306,145000
2020-09-29 09:45:01.750,3.306,155000
2020-09-29 09:45:01.750,3.306,2000
2020-09-29 09:45:01.750,3.306,2000
2020-09-29 09:45:01.750,3.306,8000
2020-09-29 09:45:01.750,3.306,7400
2020-09-29 09:45:01.750,3.306,300
2020-09-29 09:45:01.750,3.306,80500
2020-09-29 09:45:01.750,3.306,33300
2020-09-29 09:45:01.750,3.306,11500
2020-09-29 09:45:01.980,3.306,58500
2020-09-29 09:45:01.980,3.306,3000
2020-09-29 09:45:03.130,3.306,148500
2020-09-29 09:45:03.130,3.306,50500
2020-09-29 09:45:03.400,3.306,249500
2020-09-29 09:45:03.400,3.306,41800
2020-09-29 09:45:03.510,3.306,100
2020-09-29 09:45:03.610,3.305,3000
2020-09-29 09:45:03.610,3.305,27000
2020-09-29 09:45:08.340,3.305,275400
2020-09-29 09:45:08.340,3.305,1000
2020-09-29 09:45:08.340,3.305,100
2020-09-29 09:45:08.340,3.305,10000
2020-09-29 09:45:08.340,3.305,100
2020-09-29 09:45:08.340,3.305,200
2020-09-29 09:45:08.340,3.305,3000
2020-09-29 09:45:08.340,3.305,10200
2020-09-29 09:45:08.670,3.305,1800
2020-09-29 09:45:09.500,3.305,1000
2020-09-29 09:45:09.500,3.305,2100
2020-09-29 09:45:11.990,3.305,100
2020-09-29 09:45:12.350,3.305,7800
2020-09-29 09:45:12.350,3.305,5800
2020-09-29 09:45:13.270,3.306,49500
2020-09-29 09:45:13.270,3.306,22100
2020-09-29 09:45:14.790,3.305,5000
2020-09-29 09:45:16.300,3.306,300
2020-09-29 09:45:17.500,3.305,1200
2020-09-29 09:45:17.500,3.305,300
2020-09-29 09:45:18.040,3.306,400
2020-09-29 09:45:23.790,3.306,10000
2020-09-29 09:45:23.790,3.306,10000
2020-09-29 09:45:23.790,3.306,1000
2020-09-29 09:45:23.790,3.306,1000
2020-09-29 09:45:23.790,3.306,100
2020-09-29 09:45:23.790,3.306,27900
2020-09-29 09:45:24.190,3.305,9300
2020-09-29 09:45:24.370,3.306,72100
2020-09-29 09:45:24.370,3.306,20000
2020-09-29 09:45:25.060,3.306,4900
2020-09-29 09:45:25.840,3.306,3000
2020-09-29 09:45:25.840,3.306,2800
2020-09-29 09:45:26.630,3.306,500
2020-09-29 09:45:28.040,3.306,3300
2020-09-29 09:45:28.220,3.306,2600
2020-09-29 09:45:30.000,3.306,6200
2020-09-29 09:45:30.460,3.307,3000
2020-09-29 09:45:30.750,3.307,10000
2020-09-29 09:45:33.280,3.307,5900
2020-09-29 09:45:33.280,3.307,13300
2020-09-29 09:45:33.280,3.307,1000
2020-09-29 09:45:33.280,3.307,2400
2020-09-29 09:45:33.280,3.307,100
2020-09-29 09:45:33.660,3.307,9900
2020-09-29 09:45:35.380,3.307,1000
2020-09-29 09:45:36.740,3.307,800
2020-09-29 09:45:40.290,3.307,10000
2020-09-29 09:45:43.200,3.307,1500
2020-09-29 09:45:43.300,3.308,1000
2020-09-29 09:45:43.300,3.308,36100
2020-09-29 09:45:43.740,3.307,1000
2020-09-29 09:45:44.820,3.307,200
2020-09-29 09:45:45.210,3.307,1700
2020-09-29 09:45:46.220,3.307,8700
2020-09-29 09:45:46.350,3.307,207300
2020-09-29 09:45:47.570,3.307,600
2020-09-29 09:45:48.490,3.307,100
2020-09-29 09:45:50.940,3.307,3500
2020-09-29 09:45:51.890,3.307,10700
2020-09-29 09:45:53.260,3.308,29300
2020-09-29 09:45:57.160,3.308,1000
2020-09-29 09:45:58.010,3.307,11700
2020-09-29 09:45:58.010,3.307,900
2020-09-29 09:45:58.010,3.307,100000
2020-09-29 09:45:58.010,3.307,100000
2020-09-29 09:45:58.010,3.307,87400
2020-09-29 09:45:58.140,3.307,12600
2020-09-29 09:45:58.140,3.307,8500
2020-09-29 09:45:58.290,3.308,100
2020-09-29 09:45:58.310,3.307,11500
2020-09-29 09:45:58.310,3.307,10000
2020-09-29 09:45:58.310,3.307,10000
2020-09-29 09:45:58.310,3.307,48400
2020-09-29 09:45:58.310,3.307,33300
2020-09-29 09:45:58.310,3.307,2000
2020-09-29 09:45:58.310,3.307,10000
2020-09-29 09:45:59.120,3.307,2000
2020-09-29 09:46:02.780,3.307,100
2020-09-29 09:46:03.020,3.307,100
2020-09-29 09:46:03.280,3.307,108900
2020-09-29 09:46:03.280,3.307,182400
2020-09-29 09:46:04.130,3.307,500
2020-09-29 09:46:08.050,3.307,10000
2020-09-29 09:46:08.200,3.307,3000
2020-09-29 09:46:08.320,3.306,1000
2020-09-29 09:46:10.810,3.307,1000
2020-09-29 09:46:11.680,3.307,500
2020-09-29 09:46:12.080,3.307,600
2020-09-29 09:46:12.380,3.307,1000
2020-09-29 09:46:12.510,3.307,1500
2020-09-29 09:46:12.830,3.307,300
2020-09-29 09:46:13.230,3.307,37100
2020-09-29 09:46:13.870,3.306,83600
2020-09-29 09:46:13.870,3.306,100000
2020-09-29 09:46:13.870,3.306,10000
2020-09-29 09:46:13.870,3.306,10000
2020-09-29 09:46:13.870,3.306,100000
2020-09-29 09:46:13.870,3.306,100
2020-09-29 09:46:13.870,3.306,30000
2020-09-29 09:46:13.870,3.306,400
2020-09-29 09:46:13.870,3.306,100
2020-09-29 09:46:13.870,3.306,5000
2020-09-29 09:46:13.870,3.306,41100
2020-09-29 09:46:13.870,3.306,3000
2020-09-29 09:46:13.870,3.306,2000
2020-09-29 09:46:13.870,3.306,100000
2020-09-29 09:46:13.870,3.306,500
2020-09-29 09:46:13.870,3.306,3000
2020-09-29 09:46:13.870,3.306,1500
2020-09-29 09:46:13.870,3.306,10000
2020-09-29 09:46:13.870,3.306,20000
2020-09-29 09:46:13.870,3.306,79700
2020-09-29 09:46:18.880,3.306,300000
2020-09-29 09:46:19.250,3.306,170000
2020-09-29 09:46:19.430,3.306,53900
2020-09-29 09:46:19.430,3.306,3000
2020-09-29 09:46:19.480,3.306,3000
