ExChangeId,ChannelNo,SeqNo,SecurityID,Trade2_Order1,TradeDate,UpdateTime,Price,Volume,TrdMoney,OrdSide,OrdType,TrdBSFlag,TrdBuyNo,TrdSellNo
1,1,4859,510360,2,20200929,92500470,1.545000,500,772.500000,-,-,N,132230,130935
1,1,4860,510360,2,20200929,92500470,1.545000,100,154.500000,-,-,N,132230,113271
1,1,4861,510360,2,20200929,92500470,1.545000,32500,50212.500000,-,-,N,132230,115293
1,1,4862,510360,2,20200929,92500470,1.545000,20000,30900.000000,-,-,N,36731,115293
1,1,13279,510360,2,20200929,93000000,1.545000,300000,463500.000000,-,-,B,133141,115293
1,1,13457,510360,2,20200929,93000180,1.545000,147500,227887.500000,-,-,B,133356,115293
1,1,13458,510360,2,20200929,93000180,1.546000,500000,773000.000000,-,-,B,133356,116019
1,1,13459,510360,2,20200929,93000180,1.547000,352500,545317.500000,-,-,B,133356,116489
1,1,13724,510360,2,20200929,93000290,1.547000,547500,846982.500000,-,-,B,134124,116489
1,1,13725,510360,2,20200929,93000290,1.547000,100000,154700.000000,-,-,B,134124,116490
1,1,29364,510360,2,20200929,93005920,1.550000,500,775.000000,-,-,S,138614,202768
1,1,30967,510360,2,20200929,93007180,1.550000,10000,15500.000000,-,-,S,138614,208909
1,1,32909,510360,2,20200929,93011430,1.551000,1200,1861.200000,-,-,B,214187,49453
1,1,32910,510360,2,20200929,93011430,1.551000,1200,1861.200000,-,-,B,214188,49453
1,1,33737,510360,2,20200929,93012540,1.550000,600,930.000000,-,-,S,138614,215939
1,1,34052,510360,2,20200929,93013040,1.551000,1300,2016.300000,-,-,B,216495,49453
1,1,34084,510360,2,20200929,93013100,1.551000,1300,2016.300000,-,-,B,216550,49453
1,1,34531,510360,2,20200929,93014110,1.551000,200,310.200000,-,-,B,217396,49453
1,1,34789,510360,2,20200929,93014720,1.551000,1200,1861.200000,-,-,B,218005,49453
1,1,34790,510360,2,20200929,93014720,1.551000,1200,1861.200000,-,-,B,218006,49453
1,1,35632,510360,2,20200929,93015920,1.551000,100,155.100000,-,-,B,219945,49453
1,1,35784,510360,2,20200929,93016280,1.551000,600,930.600000,-,-,B,220244,49453
1,1,36658,510360,2,20200929,93017840,1.551000,600,930.600000,-,-,B,221755,49453
1,1,46508,510360,2,20200929,93037650,1.551000,300,465.300000,-,-,B,242108,49453
1,1,46605,510360,2,20200929,93037840,1.551000,600,930.600000,-,-,B,242315,49453
1,1,55397,510360,2,20200929,93056590,1.551000,200,310.200000,-,-,B,258762,49453
1,1,56698,510360,2,20200929,93058820,1.552000,1000,1552.000000,-,-,B,261161,208907
1,1,57455,510360,2,20200929,93100100,1.552000,700,1086.400000,-,-,B,262403,208907
1,1,69250,510360,2,20200929,93121100,1.552000,700,1086.400000,-,-,B,284904,208907
1,1,70435,510360,2,20200929,93123650,1.552000,1000,1552.000000,-,-,B,287066,208907
1,1,70446,510360,2,20200929,93123650,1.552000,1000,1552.000000,-,-,B,287089,208907
1,1,71088,510360,2,20200929,93125400,1.552000,2100,3259.200000,-,-,B,288429,208907
1,1,71105,510360,2,20200929,93125470,1.552000,2100,3259.200000,-,-,B,288463,208907
1,1,78312,510360,2,20200929,93142260,1.552000,1400,2172.800000,-,-,B,302709,208907
1,1,78313,510360,2,20200929,93142260,1.552000,600,931.200000,-,-,B,302709,285702
1,1,81470,510360,2,20200929,93149140,1.552000,1800,2793.600000,-,-,B,308092,285702
1,1,124823,510360,2,20200929,93314030,1.552000,7100,11019.200000,-,-,B,380098,285702
1,1,124824,510360,2,20200929,93314030,1.552000,1900,2948.800000,-,-,B,380098,317495
1,1,158600,510360,2,20200929,93436190,1.549000,25000,38725.000000,-,-,B,441604,439541
1,1,158993,510360,2,20200929,93437270,1.549000,300,464.700000,-,-,B,442362,439541
1,1,159101,510360,2,20200929,93437520,1.549000,3000,4647.000000,-,-,B,442575,439542
1,1,160557,510360,2,20200929,93440840,1.550000,2700,4185.000000,-,-,B,445304,444931
1,1,166168,510360,2,20200929,93454240,1.549000,118200,183091.800000,-,-,S,451259,455563
1,1,166169,510360,2,20200929,93454240,1.549000,81800,126708.200000,-,-,S,451259,455564
1,1,166556,510360,2,20200929,93455580,1.549000,200000,309800.000000,-,-,B,456410,455564
1,1,166649,510360,2,20200929,93455830,1.549000,200000,309800.000000,-,-,B,456622,455564
1,1,166896,510360,2,20200929,93456570,1.549000,200000,309800.000000,-,-,B,457210,455564
1,1,167030,510360,2,20200929,93456890,1.549000,200000,309800.000000,-,-,B,457426,455564
1,1,167169,510360,2,20200929,93457240,1.549000,3100,4801.900000,-,-,B,457665,455564
1,1,167170,510360,2,20200929,93457240,1.549000,7300,11307.700000,-,-,B,457666,455564
1,1,167291,510360,2,20200929,93457660,1.549000,107800,166982.200000,-,-,B,457919,455564
1,1,167671,510360,2,20200929,93459050,1.551000,4500,6979.500000,-,-,B,458868,458772
1,1,168696,510360,2,20200929,93501860,1.551000,2400,3722.400000,-,-,B,460907,458772
1,1,219383,510360,2,20200929,93708410,1.550000,3900,6045.000000,-,-,S,542725,552712
1,1,228435,510360,2,20200929,93734500,1.550000,196100,303955.000000,-,-,S,542725,570458
1,1,228436,510360,2,20200929,93734500,1.550000,3900,6045.000000,-,-,S,552940,570458
1,1,247825,510360,2,20200929,93835720,1.550000,100,155.000000,-,-,B,608346,585292
1,1,247826,510360,2,20200929,93835720,1.550000,1100,1705.000000,-,-,B,608346,599258
1,1,247827,510360,2,20200929,93835720,1.550000,1300,2015.000000,-,-,B,608347,599258
1,1,248472,510360,2,20200929,93837640,1.550000,1300,2015.000000,-,-,B,609397,599258
1,1,248473,510360,2,20200929,93837640,1.550000,1200,1860.000000,-,-,B,609398,599258
1,1,248508,510360,2,20200929,93837830,1.549000,10000,15490.000000,-,-,S,519100,609550
1,1,248998,510360,2,20200929,93839190,1.550000,1200,1860.000000,-,-,B,610364,599258
1,1,249522,510360,2,20200929,93840940,1.550000,3900,6045.000000,-,-,B,611358,599258
1,1,294781,510360,2,20200929,94052680,1.550000,4500,6975.000000,-,-,B,691464,684479
1,1,314303,510360,2,20200929,94156860,1.548000,4000,6192.000000,-,-,S,725420,726406
1,1,325426,510360,2,20200929,94236560,1.548000,12000,18576.000000,-,-,S,729446,746347
1,1,426533,510360,2,20200929,94847310,1.547000,2000,3094.000000,-,-,S,902956,926070
1,1,465241,510360,2,20200929,95108710,1.547000,25900,40067.300000,-,-,B,992114,971575
1,1,465622,510360,2,20200929,95109930,1.547000,25800,39912.600000,-,-,B,992655,971575
1,1,465834,510360,2,20200929,95110660,1.547000,25900,40067.300000,-,-,B,992985,971575
1,1,466139,510360,2,20200929,95111420,1.547000,25900,40067.300000,-,-,B,993465,971575
1,1,466302,510360,2,20200929,95112150,1.547000,15400,23823.800000,-,-,B,993782,971575
1,1,466632,510360,2,20200929,95112950,1.547000,15400,23823.800000,-,-,B,994144,971575
1,1,466821,510360,2,20200929,95113800,1.547000,15400,23823.800000,-,-,B,994502,971575
1,1,466935,510360,2,20200929,95114050,1.547000,200000,309400.000000,-,-,B,994682,971575
1,1,466962,510360,2,20200929,95114210,1.547000,6500,10055.500000,-,-,B,994751,971575
1,1,467002,510360,2,20200929,95114370,1.547000,200000,309400.000000,-,-,B,994839,971575
1,1,467040,510360,2,20200929,95114550,1.547000,15400,23823.800000,-,-,B,994957,971575
1,1,467090,510360,2,20200929,95114970,1.547000,200000,309400.000000,-,-,B,995121,971575
1,1,467174,510360,2,20200929,95115450,1.547000,200000,309400.000000,-,-,B,995290,971575
1,1,467277,510360,2,20200929,95115980,1.547000,28400,43934.800000,-,-,B,995484,971575
1,1,488599,510360,2,20200929,95234750,1.549000,200000,309800.000000,-,-,B,1031246,1012179
1,1,488696,510360,2,20200929,95235090,1.549000,200000,309800.000000,-,-,B,1031453,1012179
1,1,488829,510360,2,20200929,95235740,1.549000,200000,309800.000000,-,-,B,1031756,1012179
1,1,488900,510360,2,20200929,95236110,1.549000,200000,309800.000000,-,-,B,1031882,1012179
1,1,489029,510360,2,20200929,95236690,1.549000,200000,309800.000000,-,-,B,1032101,1012179
1,1,493473,510360,2,20200929,95255940,1.549000,200000,309800.000000,-,-,S,1032528,1040443
1,1,493598,510360,2,20200929,95256310,1.549000,200000,309800.000000,-,-,B,1040665,1040443
1,1,495094,510360,2,20200929,95302540,1.549000,200000,309800.000000,-,-,S,1040916,1043369
1,1,495165,510360,2,20200929,95302850,1.549000,85900,133059.100000,-,-,B,1043490,1043369
1,1,517644,510360,2,20200929,95449690,1.550000,9400,14570.000000,-,-,B,1085562,703788
1,1,517645,510360,2,20200929,95449690,1.550000,190600,295430.000000,-,-,B,1085562,1064680
1,1,517735,510360,2,20200929,95450060,1.550000,190600,295430.000000,-,-,B,1085713,1064680
1,1,517890,510360,2,20200929,95450840,1.550000,200000,310000.000000,-,-,B,1086071,1064680
1,1,517958,510360,2,20200929,95451310,1.550000,200000,310000.000000,-,-,B,1086218,1064680
1,1,518173,510360,2,20200929,95452070,1.550000,200000,310000.000000,-,-,B,1086506,1064680
1,1,518230,510360,2,20200929,95452350,1.550000,18800,29140.000000,-,-,B,1086603,1064680
1,1,518231,510360,2,20200929,95452350,1.550000,181200,280860.000000,-,-,B,1086603,1076098
1,1,518492,510360,2,20200929,95453190,1.550000,200000,310000.000000,-,-,B,1086982,1076098
1,1,518577,510360,2,20200929,95453580,1.550000,200000,310000.000000,-,-,B,1087176,1076098
1,1,518730,510360,2,20200929,95454310,1.550000,200000,310000.000000,-,-,B,1087427,1076098
1,1,518834,510360,2,20200929,95454860,1.550000,200000,310000.000000,-,-,B,1087622,1076098
1,1,518985,510360,2,20200929,95455460,1.550000,18800,29140.000000,-,-,B,1087807,1076098
1,1,519256,510360,2,20200929,95456480,1.551000,100,155.100000,-,-,B,1088313,497950
1,1,519257,510360,2,20200929,95456480,1.551000,25700,39860.700000,-,-,B,1088313,549498
1,1,519279,510360,2,20200929,95456580,1.551000,17300,26832.300000,-,-,B,1088353,549498
1,1,519280,510360,2,20200929,95456580,1.551000,100,155.100000,-,-,B,1088353,597392
1,1,519281,510360,2,20200929,95456580,1.551000,8400,13028.400000,-,-,B,1088353,1073232
1,1,525995,510360,2,20200929,95515280,1.551000,200000,310200.000000,-,-,B,1099341,1087413
1,1,526095,510360,2,20200929,95515750,1.551000,200000,310200.000000,-,-,B,1099558,1087413
1,1,526275,510360,2,20200929,95516460,1.551000,200000,310200.000000,-,-,B,1099825,1087413
1,1,526375,510360,2,20200929,95516880,1.551000,200000,310200.000000,-,-,B,1100069,1087413
1,1,526724,510360,2,20200929,95517690,1.551000,200000,310200.000000,-,-,B,1100566,1087413
1,1,543248,510360,2,20200929,95615080,1.551000,200000,310200.000000,-,-,S,1100667,1127088
1,1,543370,510360,2,20200929,95615380,1.551000,200000,310200.000000,-,-,B,1127238,1127088
1,1,546912,510360,2,20200929,95628910,1.551000,200000,310200.000000,-,-,S,1127884,1134017
1,1,547046,510360,2,20200929,95629260,1.551000,200000,310200.000000,-,-,B,1134220,1134017
1,1,547382,510360,2,20200929,95630580,1.551000,91600,142071.600000,-,-,B,1134909,1134017
1,1,549669,510360,2,20200929,95640070,1.551000,108400,168128.400000,-,-,S,1134909,1139233
1,1,549670,510360,2,20200929,95640070,1.551000,91600,142071.600000,-,-,S,1135109,1139233
1,1,551795,510360,2,20200929,95648490,1.550000,100,155.000000,-,-,S,1087807,1143327
1,1,568715,510360,2,20200929,95804200,1.552000,32800,50905.600000,-,-,B,1175994,317495
1,1,621501,510360,2,20200929,100151740,1.552000,1400,2172.800000,-,-,B,1271218,317495
1,1,634132,510360,2,20200929,100249100,1.551000,30000,46530.000000,-,-,B,1293703,1285086
1,1,656149,510360,2,20200929,100438410,1.551000,1000000,1551000.000000,-,-,B,1332862,1316109
1,1,663006,510360,2,20200929,100505640,1.551000,4000,6204.000000,-,-,S,1332863,1344495
1,1,713944,510360,2,20200929,100834410,1.552000,33900,52612.800000,-,-,B,1430822,317495
1,1,713945,510360,2,20200929,100834410,1.552000,3000,4656.000000,-,-,B,1430822,348737
1,1,713946,510360,2,20200929,100834410,1.552000,4000,6208.000000,-,-,B,1430822,385133
1,1,713947,510360,2,20200929,100834410,1.552000,9200,14278.400000,-,-,B,1430822,405596
1,1,713948,510360,2,20200929,100834410,1.552000,100,155.200000,-,-,B,1430822,488664
1,1,713949,510360,2,20200929,100834410,1.552000,200,310.400000,-,-,B,1430822,1191020
1,1,713950,510360,2,20200929,100834410,1.552000,24300,37713.600000,-,-,B,1430822,1282991
1,1,728912,510360,2,20200929,100932810,1.553000,500,776.500000,-,-,B,1454864,203082
1,1,728913,510360,2,20200929,100932810,1.553000,900000,1397700.000000,-,-,B,1454864,271416
1,1,728914,510360,2,20200929,100932810,1.553000,9700,15064.100000,-,-,B,1454864,271417
1,1,730246,510360,2,20200929,100939090,1.553000,90300,140235.900000,-,-,B,1457093,271417
1,1,730247,510360,2,20200929,100939090,1.553000,8000,12424.000000,-,-,B,1457093,342455
1,1,730248,510360,2,20200929,100939090,1.553000,200,310.600000,-,-,B,1457093,387784
1,1,730249,510360,2,20200929,100939090,1.553000,801500,1244729.500000,-,-,B,1457093,1439382
1,1,731695,510360,2,20200929,100945020,1.553000,198500,308270.500000,-,-,B,1459452,1439382
1,1,738330,510360,2,20200929,101008120,1.554000,701500,1090131.000000,-,-,B,1470138,1452000
1,1,739715,510360,2,20200929,101010280,1.554000,298500,463869.000000,-,-,B,1471603,1452000
1,1,739716,510360,2,20200929,101010280,1.554000,601500,934731.000000,-,-,B,1471603,1462894
1,1,740846,510360,2,20200929,101012140,1.554000,398500,619269.000000,-,-,B,1473062,1462894
1,1,744344,510360,2,20200929,101020650,1.555000,6200,9641.000000,-,-,B,1477884,669335
1,1,744345,510360,2,20200929,101020650,1.555000,6200,9641.000000,-,-,B,1477885,669335
1,1,745065,510360,2,20200929,101022640,1.555000,6300,9796.500000,-,-,B,1478733,669335
1,1,745066,510360,2,20200929,101022640,1.555000,1300,2021.500000,-,-,B,1478734,669335
1,1,745067,510360,2,20200929,101022640,1.555000,5000,7775.000000,-,-,B,1478734,745330
1,1,745816,510360,2,20200929,101024960,1.553000,300,465.900000,-,-,S,1460436,1479842
1,1,745817,510360,2,20200929,101024960,1.553000,300,465.900000,-,-,S,1472492,1479842
1,1,767105,510360,2,20200929,101135830,1.555000,7200,11196.000000,-,-,B,1513330,745330
1,1,767106,510360,2,20200929,101135830,1.555000,17900,27834.500000,-,-,B,1513330,1036886
1,1,767107,510360,2,20200929,101135830,1.555000,700,1088.500000,-,-,B,1513330,1495742
1,1,767108,510360,2,20200929,101135830,1.555000,100,155.500000,-,-,B,1513330,1497243
1,1,767109,510360,2,20200929,101135830,1.555000,25800,40119.000000,-,-,B,1513331,1497243
1,1,767235,510360,2,20200929,101136490,1.555000,6400,9952.000000,-,-,B,1513557,1497243
1,1,767337,510360,2,20200929,101136950,1.555000,6500,10107.500000,-,-,B,1513709,1497243
1,1,767407,510360,2,20200929,101137320,1.555000,6400,9952.000000,-,-,B,1513828,1497243
1,1,767415,510360,2,20200929,101137320,1.555000,25900,40274.500000,-,-,B,1513838,1497243
1,1,767416,510360,2,20200929,101137320,1.555000,25900,40274.500000,-,-,B,1513839,1497243
1,1,767512,510360,2,20200929,101137710,1.555000,6500,10107.500000,-,-,B,1514040,1497243
1,1,801739,510360,2,20200929,101359720,1.555000,25700,39963.500000,-,-,B,1575173,1497243
1,1,801740,510360,2,20200929,101359720,1.555000,25700,39963.500000,-,-,B,1575174,1497243
1,1,802002,510360,2,20200929,101401140,1.555000,200,311.000000,-,-,B,1575636,1497243
1,1,802155,510360,2,20200929,101401720,1.555000,25600,39808.000000,-,-,B,1575864,1497243
1,1,802156,510360,2,20200929,101401720,1.555000,25700,39963.500000,-,-,B,1575865,1497243
1,1,802494,510360,2,20200929,101403480,1.555000,6500,10107.500000,-,-,B,1576522,1497243
1,1,802564,510360,2,20200929,101403570,1.555000,1200,1866.000000,-,-,B,1576564,1497243
1,1,802919,510360,2,20200929,101405500,1.555000,100,155.500000,-,-,B,1577289,1497243
1,1,805149,510360,2,20200929,101417490,1.554000,57700,89665.800000,-,-,S,1572024,1581524
1,1,814170,510360,2,20200929,101502550,1.555000,6400,9952.000000,-,-,B,1597497,1497243
1,1,814294,510360,2,20200929,101502900,1.555000,6500,10107.500000,-,-,B,1597682,1497243
1,1,814326,510360,2,20200929,101503080,1.555000,501500,779832.500000,-,-,B,1597735,1497243
1,1,814384,510360,2,20200929,101503250,1.555000,6500,10107.500000,-,-,B,1597806,1497243
1,1,814468,510360,2,20200929,101503490,1.555000,11400,17727.000000,-,-,B,1597905,1497243
1,1,814503,510360,2,20200929,101503640,1.555000,6400,9952.000000,-,-,B,1597964,1497243
1,1,814625,510360,2,20200929,101504110,1.555000,6500,10107.500000,-,-,B,1598100,1497243
1,1,814720,510360,2,20200929,101504570,1.555000,6400,9952.000000,-,-,B,1598266,1497243
1,1,814925,510360,2,20200929,101505040,1.555000,6500,10107.500000,-,-,B,1598511,1497243
1,1,815092,510360,2,20200929,101505500,1.555000,6400,9952.000000,-,-,B,1598742,1497243
1,1,815199,510360,2,20200929,101505880,1.555000,6500,10107.500000,-,-,B,1598930,1497243
1,1,815239,510360,2,20200929,101506210,1.555000,6400,9952.000000,-,-,B,1599054,1497243
1,1,815301,510360,2,20200929,101506540,1.555000,6500,10107.500000,-,-,B,1599139,1497243
1,1,815386,510360,2,20200929,101506950,1.555000,6500,10107.500000,-,-,B,1599291,1497243
1,1,817376,510360,2,20200929,101511700,1.555000,25700,39963.500000,-,-,B,1601424,1497243
1,1,817579,510360,2,20200929,101513090,1.555000,25700,39963.500000,-,-,B,1601879,1497243
1,1,817729,510360,2,20200929,101513850,1.555000,44000,68420.000000,-,-,B,1602164,1497243
1,1,817730,510360,2,20200929,101513850,1.555000,100000,155500.000000,-,-,B,1602164,1497244
1,1,817731,510360,2,20200929,101513850,1.555000,6600,10263.000000,-,-,B,1602164,1541506
1,1,817732,510360,2,20200929,101513850,1.555000,6000,9330.000000,-,-,B,1602164,1548271
1,1,817996,510360,2,20200929,101514650,1.556000,400,622.400000,-,-,B,1602511,508837
1,1,817997,510360,2,20200929,101514650,1.556000,500,778.000000,-,-,B,1602511,1191254
1,1,817998,510360,2,20200929,101514650,1.556000,100,155.600000,-,-,B,1602511,1204543
1,1,817999,510360,2,20200929,101514650,1.556000,24700,38433.200000,-,-,B,1602511,1583272
1,1,818690,510360,2,20200929,101517330,1.556000,6300,9802.800000,-,-,B,1603596,1583272
1,1,871386,510360,2,20200929,101929880,1.555000,6500,10107.500000,-,-,B,1694622,1680250
1,1,882237,510360,2,20200929,102019440,1.553000,300,465.900000,-,-,S,1502996,1713538
1,1,910216,510360,2,20200929,102225650,1.551000,45000,69795.000000,-,-,S,1705337,1763150
1,1,931148,510360,2,20200929,102437430,1.551000,100,155.100000,-,-,S,1791059,1801965
1,1,933707,510360,2,20200929,102451330,1.551000,300,465.300000,-,-,S,1791059,1805939
1,1,945316,510360,2,20200929,102610220,1.552000,97300,151009.600000,-,-,B,1827329,1817847
1,1,945317,510360,2,20200929,102610220,1.552000,114900,178324.800000,-,-,B,1827329,1825746
1,1,948744,510360,2,20200929,102634060,1.552000,3800,5897.600000,-,-,S,1829122,1833564
1,1,949177,510360,2,20200929,102636550,1.552000,1500,2328.000000,-,-,B,1834225,1833564
1,1,949468,510360,2,20200929,102638760,1.552000,13800,21417.600000,-,-,B,1834790,1833564
1,1,949469,510360,2,20200929,102638760,1.552000,13700,21262.400000,-,-,B,1834791,1833564
1,1,949608,510360,2,20200929,102639900,1.552000,81100,125867.200000,-,-,B,1835060,1833564
1,1,949663,510360,2,20200929,102640670,1.553000,7700,11958.100000,-,-,B,1835233,1713538
1,1,949683,510360,2,20200929,102641000,1.553000,5700,8852.100000,-,-,S,1835233,1835310
1,1,949684,510360,2,20200929,102641000,1.553000,13500,20965.500000,-,-,S,1835246,1835310
1,1,950518,510360,2,20200929,102645740,1.554000,6400,9945.600000,-,-,B,1836495,1822610
1,1,953399,510360,2,20200929,102706480,1.552000,9900,15364.800000,-,-,B,1841685,1840932
1,1,953400,510360,2,20200929,102706480,1.552000,9900,15364.800000,-,-,B,1841686,1840932
1,1,953583,510360,2,20200929,102708070,1.552000,9800,15209.600000,-,-,B,1842100,1840932
1,1,953609,510360,2,20200929,102708100,1.552000,9800,15209.600000,-,-,B,1842130,1840932
1,1,953872,510360,2,20200929,102709690,1.552000,9800,15209.600000,-,-,B,1842594,1840932
1,1,953878,510360,2,20200929,102709750,1.552000,9800,15209.600000,-,-,B,1842604,1840932
1,1,953969,510360,2,20200929,102710550,1.552000,19700,30574.400000,-,-,B,1842790,1840932
1,1,954098,510360,2,20200929,102711220,1.554000,9900,15384.600000,-,-,B,1842984,1837523
1,1,954102,510360,2,20200929,102711220,1.554000,9900,15384.600000,-,-,B,1842990,1837523
1,1,954398,510360,2,20200929,102712860,1.554000,3800,5905.200000,-,-,B,1843451,1837523
1,1,972988,510360,2,20200929,102929330,1.553000,6500,10094.500000,-,-,B,1875789,1862088
1,1,973057,510360,2,20200929,102929780,1.553000,6500,10094.500000,-,-,B,1875979,1862088
1,1,973079,510360,2,20200929,102930080,1.553000,6400,9939.200000,-,-,B,1876050,1862088
1,1,973105,510360,2,20200929,102930400,1.553000,6500,10094.500000,-,-,B,1876119,1862088
1,1,973171,510360,2,20200929,102930840,1.553000,6400,9939.200000,-,-,B,1876209,1862088
1,1,973232,510360,2,20200929,102931140,1.553000,5800,9007.400000,-,-,B,1876302,1862088
1,1,974132,510360,2,20200929,102936710,1.553000,24500,38048.500000,-,-,B,1877633,1869137
1,1,974133,510360,2,20200929,102936710,1.553000,24500,38048.500000,-,-,B,1877634,1869137
1,1,974318,510360,2,20200929,102938070,1.553000,24400,37893.200000,-,-,B,1877940,1869137
1,1,974328,510360,2,20200929,102938130,1.553000,24400,37893.200000,-,-,B,1877965,1869137
1,1,974507,510360,2,20200929,102939650,1.553000,15300,23760.900000,-,-,B,1878310,1869137
1,1,974519,510360,2,20200929,102939760,1.553000,15300,23760.900000,-,-,B,1878329,1869137
1,1,977457,510360,2,20200929,102959820,1.553000,1500,2329.500000,-,-,B,1883026,1869137
1,1,977458,510360,2,20200929,102959820,1.553000,12800,19878.400000,-,-,B,1883026,1877125
1,1,977459,510360,2,20200929,102959820,1.553000,14300,22207.900000,-,-,B,1883027,1877125
1,1,977762,510360,2,20200929,103001270,1.553000,14400,22363.200000,-,-,B,1883506,1877125
1,1,977777,510360,2,20200929,103001340,1.553000,14400,22363.200000,-,-,B,1883531,1877125
1,1,978442,510360,2,20200929,103002960,1.553000,14400,22363.200000,-,-,B,1884424,1877125
1,1,978550,510360,2,20200929,103003640,1.553000,43500,67555.500000,-,-,B,1884632,1877125
1,1,978878,510360,2,20200929,103004660,1.553000,93900,145826.700000,-,-,S,1884632,1884935
1,1,981708,510360,2,20200929,103014540,1.553000,100,155.300000,-,-,S,1885340,1889111
1,1,984678,510360,2,20200929,103029550,1.553000,2800,4348.400000,-,-,S,1885340,1894094
1,1,991433,510360,2,20200929,103104420,1.553000,71300,110728.900000,-,-,S,1899093,1905868
1,1,1001179,510360,2,20200929,103204330,1.552000,5000,7760.000000,-,-,S,1860618,1923472
1,1,1003848,510360,2,20200929,103220740,1.552000,9200,14278.400000,-,-,B,1928152,1923472
1,1,1026772,510360,2,20200929,103435130,1.550000,1000,1550.000000,-,-,S,1769149,1966183
1,1,1026773,510360,2,20200929,103435130,1.550000,92300,143065.000000,-,-,S,1965425,1966183
1,1,1027037,510360,2,20200929,103436930,1.551000,600,930.600000,-,-,B,1966730,1958218
1,1,1033296,510360,2,20200929,103517080,1.550000,126800,196540.000000,-,-,B,1977037,1973763
1,1,1037761,510360,2,20200929,103551990,1.550000,5000,7750.000000,-,-,S,1978348,1985105
1,1,1055746,510360,2,20200929,103801040,1.550000,200000,310000.000000,-,-,S,1989173,2017322
1,1,1055772,510360,2,20200929,103801270,1.550000,200000,310000.000000,-,-,B,2017379,2017322
1,1,1064541,510360,2,20200929,103900890,1.550000,3900,6045.000000,-,-,B,2031756,2025503
1,1,1080151,510360,2,20200929,104050250,1.549000,6500,10068.500000,-,-,B,2059441,2054903
1,1,1085721,510360,2,20200929,104123670,1.549000,117200,181542.800000,-,-,B,2068266,2054903
1,1,1085722,510360,2,20200929,104123670,1.549000,11400,17658.600000,-,-,B,2068266,2063875
1,1,1086014,510360,2,20200929,104126000,1.549000,40700,63044.300000,-,-,B,2068830,2063875
1,1,1091422,510360,2,20200929,104205890,1.549000,75700,117259.300000,-,-,B,2078150,2063875
1,1,1091423,510360,2,20200929,104205890,1.549000,74300,115090.700000,-,-,B,2078150,2071081
1,1,1093548,510360,2,20200929,104221930,1.549000,15200,23544.800000,-,-,B,2082172,2071081
1,1,1093549,510360,2,20200929,104221930,1.549000,109900,170235.100000,-,-,B,2082172,2077981
1,1,1101018,510360,2,20200929,104310080,1.550000,3900,6045.000000,-,-,B,2095146,2086442
1,1,1108451,510360,2,20200929,104412450,1.550000,33000,51150.000000,-,-,B,2108713,2100893
1,1,1109719,510360,2,20200929,104425220,1.550000,4500,6975.000000,-,-,B,2111429,2100893
1,1,1112959,510360,2,20200929,104457670,1.550000,22900,35495.000000,-,-,B,2117707,2107005
1,1,1113959,510360,2,20200929,104506580,1.550000,500,775.000000,-,-,B,2119494,2113214
1,1,1125735,510360,2,20200929,104656700,1.550000,98700,152985.000000,-,-,B,2141877,2131468
1,1,1125736,510360,2,20200929,104656700,1.550000,83200,128960.000000,-,-,B,2141877,2137609
1,1,1126597,510360,2,20200929,104704420,1.550000,86400,133920.000000,-,-,S,2141877,2143397
1,1,1127584,510360,2,20200929,104713630,1.550000,84200,130510.000000,-,-,S,2141877,2145057
1,1,1127585,510360,2,20200929,104713630,1.550000,143000,221650.000000,-,-,S,2141878,2145057
1,1,1127759,510360,2,20200929,104715140,1.550000,857000,1328350.000000,-,-,S,2141878,2145388
1,1,1127760,510360,2,20200929,104715140,1.550000,43000,66650.000000,-,-,S,2141879,2145388
1,1,1129625,510360,2,20200929,104735400,1.550000,83400,129270.000000,-,-,S,2141879,2149082
1,1,1132407,510360,2,20200929,104805530,1.550000,112000,173600.000000,-,-,S,2141879,2154148
1,1,1135177,510360,2,20200929,104835350,1.550000,81400,126170.000000,-,-,S,2141879,2159603
1,1,1137893,510360,2,20200929,104905220,1.550000,103200,159960.000000,-,-,S,2141879,2164726
1,1,1146700,510360,2,20200929,105021820,1.551000,94300,146259.300000,-,-,B,2180214,2170156
1,1,1146701,510360,2,20200929,105021820,1.551000,84400,130904.400000,-,-,B,2180214,2175828
1,1,1146702,510360,2,20200929,105021820,1.551000,398300,617763.300000,-,-,B,2180214,2178638
1,1,1156852,510360,2,20200929,105139070,1.550000,100,155.000000,-,-,B,2196667,2190182
1,1,1170168,510360,2,20200929,105335740,1.549000,24900,38570.100000,-,-,S,2082172,2219133
1,1,1170169,510360,2,20200929,105335740,1.549000,86400,133833.600000,-,-,S,2217479,2219133
1,1,1179486,510360,2,20200929,105508870,1.549000,91600,141888.400000,-,-,B,2236064,2235295
1,1,1185163,510360,2,20200929,105605360,1.549000,70900,109824.100000,-,-,S,2243843,2246061
1,1,1187872,510360,2,20200929,105635430,1.549000,96900,150098.100000,-,-,S,2248881,2251225
1,1,1188433,510360,2,20200929,105642520,1.549000,103100,159701.900000,-,-,S,2248881,2252418
1,1,1188434,510360,2,20200929,105642520,1.549000,96900,150098.100000,-,-,S,2251288,2252418
1,1,1188503,510360,2,20200929,105642760,1.549000,200000,309800.000000,-,-,B,2252504,2252418
1,1,1204831,510360,2,20200929,105920970,1.549000,116100,179838.900000,-,-,B,2280585,2272830
1,1,1204832,510360,2,20200929,105920970,1.549000,83900,129961.100000,-,-,B,2280585,2277783
1,1,1204897,510360,2,20200929,105921280,1.549000,25600,39654.400000,-,-,B,2280673,2277783
1,1,1208117,510360,2,20200929,105950750,1.549000,200,309.800000,-,-,S,2280673,2286451
1,1,1215266,510360,2,20200929,110042270,1.549000,100000,154900.000000,-,-,S,2281915,2299274
1,1,1215267,510360,2,20200929,110042270,1.549000,200000,309800.000000,-,-,S,2296966,2299274
1,1,1215294,510360,2,20200929,110042720,1.549000,200000,309800.000000,-,-,B,2299362,2299274
1,1,1216547,510360,2,20200929,110052620,1.549000,20000,30980.000000,-,-,S,2300264,2301480
1,1,1217428,510360,2,20200929,110100210,1.549000,200000,309800.000000,-,-,S,2302731,2303008
1,1,1217476,510360,2,20200929,110100560,1.549000,180000,278820.000000,-,-,B,2303077,2303008
1,1,1221287,510360,2,20200929,110135560,1.549000,100,154.900000,-,-,S,2303109,2309785
1,1,1221480,510360,2,20200929,110137770,1.549000,72700,112612.300000,-,-,B,2310132,2309785
1,1,1242575,510360,2,20200929,110435300,1.548000,2600,4024.800000,-,-,S,1292124,2346090
1,1,1244482,510360,2,20200929,110453080,1.548000,10000,15480.000000,-,-,B,2349176,2346090
1,1,1249332,510360,2,20200929,110538190,1.548000,1000,1548.000000,-,-,B,2357683,2349150
1,1,1251231,510360,2,20200929,110555610,1.548000,1400,2167.200000,-,-,B,2360905,2349150
1,1,1251232,510360,2,20200929,110555610,1.548000,96100,148762.800000,-,-,B,2360905,2351550
1,1,1251233,510360,2,20200929,110555610,1.548000,74400,115171.200000,-,-,B,2360905,2357161
1,1,1252550,510360,2,20200929,110608620,1.548000,88900,137617.200000,-,-,B,2363535,2362854
1,1,1255345,510360,2,20200929,110638170,1.548000,89300,138236.400000,-,-,B,2368986,2368634
1,1,1257548,510360,2,20200929,110705960,1.548000,113200,175233.600000,-,-,S,2371209,2373477
1,1,1263537,510360,2,20200929,110815200,1.549000,3000,4647.000000,-,-,B,2384631,2376494
1,1,1263538,510360,2,20200929,110815200,1.549000,100100,155054.900000,-,-,B,2384631,2378307
1,1,1263539,510360,2,20200929,110815200,1.549000,96900,150098.100000,-,-,B,2384631,2382936
1,1,1263551,510360,2,20200929,110815530,1.549000,12000,18588.000000,-,-,B,2384677,2382936
1,1,1271746,510360,2,20200929,110954010,1.550000,9400,14570.000000,-,-,B,2398605,2392065
1,1,1292921,510360,2,20200929,111330880,1.550000,76900,119195.000000,-,-,B,2436067,2426311
1,1,1292922,510360,2,20200929,111330880,1.550000,97400,150970.000000,-,-,B,2436067,2430742
1,1,1292923,510360,2,20200929,111330880,1.550000,500,775.000000,-,-,B,2436067,2430749
1,1,1293667,510360,2,20200929,111335910,1.550000,104900,162595.000000,-,-,S,2436067,2437426
1,1,1322495,510360,2,20200929,111819470,1.550000,100,155.000000,-,-,B,2486198,2478532
1,1,1335846,510360,2,20200929,112036360,1.549000,100,154.900000,-,-,S,2449724,2509297
1,1,1341298,510360,2,20200929,112132550,1.549000,117800,182472.200000,-,-,B,2518980,2509297
1,1,1341299,510360,2,20200929,112132550,1.549000,122000,188978.000000,-,-,B,2518980,2514458
1,1,1341751,510360,2,20200929,112136160,1.549000,104900,162490.100000,-,-,S,2519536,2519746
1,1,1353491,510360,2,20200929,112354200,1.550000,76800,119040.000000,-,-,B,2541663,2534846
1,1,1353492,510360,2,20200929,112354200,1.550000,57100,88505.000000,-,-,B,2541663,2538898
1,1,1368854,510360,2,20200929,112727140,1.550000,32400,50220.000000,-,-,B,2569512,2548515
1,1,1368855,510360,2,20200929,112727140,1.550000,89400,138570.000000,-,-,B,2569512,2563237
1,1,1368856,510360,2,20200929,112727140,1.550000,78200,121210.000000,-,-,B,2569512,2566823
1,1,1368871,510360,2,20200929,112727560,1.550000,50800,78740.000000,-,-,B,2569563,2566823
1,1,1369800,510360,2,20200929,112736990,1.550000,74100,114855.000000,-,-,B,2570901,2570784
1,1,1373397,510360,2,20200929,112819080,1.550000,81600,126480.000000,-,-,B,2576525,2574645
1,1,1375331,510360,2,20200929,112843130,1.550000,200000,310000.000000,-,-,B,2579845,2579774
1,1,1375378,510360,2,20200929,112843590,1.550000,200000,310000.000000,-,-,B,2579915,2579774
1,1,1375411,510360,2,20200929,112844120,1.550000,200000,310000.000000,-,-,B,2579961,2579774
1,1,1383660,510360,2,20200929,130000850,1.552000,100,155.200000,-,-,B,2596667,2412805
1,1,1388661,510360,2,20200929,130003390,1.552000,400,620.800000,-,-,B,2611405,2587555
1,1,1392031,510360,2,20200929,130007350,1.552000,200,310.400000,-,-,S,2611405,2619815
1,1,1392850,510360,2,20200929,130010510,1.551000,72300,112137.300000,-,-,B,2621166,2619815
1,1,1399712,510360,2,20200929,130050620,1.553000,7000,10871.000000,-,-,B,2631803,2617559
1,1,1426273,510360,2,20200929,130446760,1.553000,100,155.300000,-,-,B,2675349,2623264
1,1,1428619,510360,2,20200929,130506690,1.553000,600,931.800000,-,-,B,2679549,2623264
1,1,1481474,510360,2,20200929,131314300,1.550000,2000,3100.000000,-,-,S,2608502,2773953
1,1,1498151,510360,2,20200929,131545180,1.550000,13500,20925.000000,-,-,B,2803275,2799674
1,1,1502492,510360,2,20200929,131607350,1.549000,200000,309800.000000,-,-,S,2722354,2808486
1,1,1526620,510360,2,20200929,131909580,1.547000,200,309.400000,-,-,S,1024281,2846824
1,1,1530743,510360,2,20200929,131944160,1.548000,70000,108360.000000,-,-,S,2852314,2853393
1,1,1535831,510360,2,20200929,132009140,1.547000,8000,12376.000000,-,-,S,1781105,2860720
1,1,1535832,510360,2,20200929,132009140,1.547000,500,773.500000,-,-,S,2184241,2860720
1,1,1535833,510360,2,20200929,132009140,1.547000,200000,309400.000000,-,-,S,2808524,2860720
1,1,1535993,510360,2,20200929,132009650,1.547000,200000,309400.000000,-,-,B,2861020,2860720
1,1,1536127,510360,2,20200929,132010190,1.547000,200000,309400.000000,-,-,B,2861218,2860720
1,1,1540144,510360,2,20200929,132027630,1.547000,35000,54145.000000,-,-,S,2861789,2866870
1,1,1665835,510360,2,20200929,133528360,1.548000,9500,14706.000000,-,-,B,3083801,3072946
1,1,1666258,510360,2,20200929,133532100,1.546000,100,154.600000,-,-,S,2456252,3084509
1,1,1666259,510360,2,20200929,133532100,1.546000,4400,6802.400000,-,-,S,2854369,3084509
1,1,1706097,510360,2,20200929,134025340,1.549000,500,774.500000,-,-,B,3151893,3151563
1,1,1787173,510360,2,20200929,135219370,1.548000,31200,48297.600000,-,-,S,3242588,3290352
1,1,1820112,510360,2,20200929,135717330,1.550000,10000,15500.000000,-,-,B,3347625,3235001
1,1,1833636,510360,2,20200929,135933670,1.550000,890000,1379500.000000,-,-,B,3371785,3235001
1,1,1833637,510360,2,20200929,135933670,1.550000,9400,14570.000000,-,-,B,3371785,3235002
1,1,1835278,510360,2,20200929,135944750,1.550000,90600,140430.000000,-,-,B,3374287,3235002
1,1,1835279,510360,2,20200929,135944750,1.550000,1000,1550.000000,-,-,B,3374287,3236885
1,1,1840078,510360,2,20200929,140010810,1.551000,808400,1253828.400000,-,-,B,3381817,3369281
1,1,1841633,510360,2,20200929,140018780,1.550000,8000,12400.000000,-,-,S,3382148,3384228
1,1,1851764,510360,2,20200929,140133290,1.550000,5000,7750.000000,-,-,S,3399974,3401841
1,1,1864016,510360,2,20200929,140320440,1.550000,1200,1860.000000,-,-,S,3402459,3423717
1,1,1919113,510360,2,20200929,141001230,1.554000,6100,9479.400000,-,-,B,3512949,1868749
1,1,1920721,510360,2,20200929,141005970,1.555000,7600,11818.000000,-,-,B,3515104,1680250
1,1,1920722,510360,2,20200929,141005970,1.555000,100,155.500000,-,-,B,3515104,1849119
1,1,1920723,510360,2,20200929,141005970,1.555000,6500,10107.500000,-,-,B,3515104,2109778
1,1,1920724,510360,2,20200929,141005970,1.555000,16100,25035.500000,-,-,B,3515104,2660430
1,1,1920725,510360,2,20200929,141005970,1.555000,30000,46650.000000,-,-,B,3515104,2916197
1,1,1920726,510360,2,20200929,141005970,1.555000,400,622.000000,-,-,B,3515104,3064300
1,1,1920727,510360,2,20200929,141005970,1.555000,8000,12440.000000,-,-,B,3515104,3468932
1,1,1920728,510360,2,20200929,141005970,1.555000,178200,277101.000000,-,-,B,3515104,3504030
1,1,1920729,510360,2,20200929,141005970,1.555000,800,1244.000000,-,-,B,3515104,3514784
1,1,1922705,510360,2,20200929,141010340,1.555000,33100,51470.500000,-,-,B,3517625,3516486
1,1,1922706,510360,2,20200929,141010340,1.555000,600,933.000000,-,-,B,3517625,3516740
1,1,1923507,510360,2,20200929,141013060,1.555000,700,1088.500000,-,-,S,3517625,3518732
1,1,1997841,510360,2,20200929,141838620,1.554000,200,310.800000,-,-,B,3641683,3611637
1,1,1998027,510360,2,20200929,141840080,1.554000,100,155.400000,-,-,B,3641993,3611637
1,1,2014782,510360,2,20200929,142036330,1.551000,200000,310200.000000,-,-,S,3561194,3669807
1,1,2014881,510360,2,20200929,142036660,1.551000,200000,310200.000000,-,-,B,3669957,3669807
1,1,2015125,510360,2,20200929,142037720,1.551000,100000,155100.000000,-,-,B,3670388,3669807
1,1,2047046,510360,2,20200929,142425520,1.552000,1100,1707.200000,-,-,B,3722677,3722508
1,1,2053848,510360,2,20200929,142520460,1.552000,500000,776000.000000,-,-,B,3733976,3733668
1,1,2057992,510360,2,20200929,142545150,1.552000,5000,7760.000000,-,-,B,3740206,3737760
1,1,2058557,510360,2,20200929,142549230,1.552000,500000,776000.000000,-,-,S,3740206,3741071
1,1,2059842,510360,2,20200929,142558600,1.551000,100,155.100000,-,-,S,3738440,3743091
1,1,2086429,510360,2,20200929,142948810,1.552000,400,620.800000,-,-,S,3756623,3788348
1,1,2086430,510360,2,20200929,142948810,1.552000,100,155.200000,-,-,S,3772429,3788348
1,1,2086857,510360,2,20200929,142953320,1.552000,700,1086.400000,-,-,B,3789123,3788348
1,1,2102010,510360,2,20200929,143119310,1.550000,200,310.000000,-,-,S,3549493,3810667
1,1,2102011,510360,2,20200929,143119310,1.550000,7500,11625.000000,-,-,S,3551880,3810667
1,1,2103079,510360,2,20200929,143123780,1.550000,600,930.000000,-,-,B,3812170,3810667
1,1,2118954,510360,2,20200929,143258870,1.550000,3000,4650.000000,-,-,B,3836795,3812763
1,1,2121976,510360,2,20200929,143319410,1.549000,20000,30980.000000,-,-,S,3442084,3841765
1,1,2121977,510360,2,20200929,143319410,1.548000,10000,15480.000000,-,-,S,3362306,3841765
1,1,2121978,510360,2,20200929,143319410,1.548000,200000,309600.000000,-,-,S,3806537,3841765
1,1,2121979,510360,2,20200929,143319410,1.548000,67000,103716.000000,-,-,S,3821644,3841765
1,1,2134959,510360,2,20200929,143447640,1.549000,7100,10997.900000,-,-,S,3862029,3862085
1,1,2145076,510360,2,20200929,143557830,1.549000,193800,300196.200000,-,-,B,3878437,3877430
1,1,2184949,510360,2,20200929,144022700,1.548000,1500,2322.000000,-,-,S,3841816,3941532
1,1,2227980,510360,2,20200929,144446410,1.550000,2500,3875.000000,-,-,B,4009097,4002844
1,1,2235445,510360,2,20200929,144528610,1.548000,80000,123840.000000,-,-,S,3945585,4021076
1,1,2235446,510360,2,20200929,144528610,1.548000,200000,309600.000000,-,-,S,3981454,4021076
1,1,2235447,510360,2,20200929,144528610,1.548000,220000,340560.000000,-,-,S,4013416,4021076
1,1,2236644,510360,2,20200929,144537820,1.549000,500000,774500.000000,-,-,B,4023540,4021682
1,1,2253374,510360,2,20200929,144713380,1.549000,50000,77450.000000,-,-,S,4029898,4048457
1,1,2253375,510360,2,20200929,144713380,1.549000,50000,77450.000000,-,-,S,4030261,4048457
1,1,2253376,510360,2,20200929,144713380,1.549000,50000,77450.000000,-,-,S,4030450,4048457
1,1,2259550,510360,2,20200929,144750200,1.549000,50000,77450.000000,-,-,S,4057255,4057884
1,1,2259551,510360,2,20200929,144750200,1.549000,50000,77450.000000,-,-,S,4057369,4057884
1,1,2259552,510360,2,20200929,144750200,1.549000,50000,77450.000000,-,-,S,4057595,4057884
1,1,2261500,510360,2,20200929,144803030,1.549000,50000,77450.000000,-,-,B,4060988,4059789
1,1,2261603,510360,2,20200929,144803620,1.549000,35000,54215.000000,-,-,B,4061177,4059789
1,1,2265646,510360,2,20200929,144823880,1.548000,200000,309600.000000,-,-,S,4021200,4066478
1,1,2265647,510360,2,20200929,144823880,1.548000,30000,46440.000000,-,-,S,4037052,4066478
1,1,2265750,510360,2,20200929,144824270,1.548000,71100,110062.800000,-,-,B,4066576,4066478
1,1,2276092,510360,2,20200929,144914950,1.548000,10100,15634.800000,-,-,S,4066576,4080465
1,1,2287573,510360,2,20200929,145005840,1.548000,118800,183902.400000,-,-,S,4066576,4097362
1,1,2287574,510360,2,20200929,145005840,1.548000,71100,110062.800000,-,-,S,4066996,4097362
1,1,2287575,510360,2,20200929,145005840,1.548000,10100,15634.800000,-,-,S,4080547,4097362
1,1,2287715,510360,2,20200929,145006220,1.548000,71100,110062.800000,-,-,B,4097550,4097362
1,1,2288063,510360,2,20200929,145007010,1.548000,200000,309600.000000,-,-,B,4098092,4097362
1,1,2288181,510360,2,20200929,145007340,1.548000,200000,309600.000000,-,-,B,4098246,4097362
1,1,2288783,510360,2,20200929,145009180,1.548000,200000,309600.000000,-,-,B,4099113,4097362
1,1,2288908,510360,2,20200929,145009550,1.548000,28900,44737.200000,-,-,B,4099291,4097362
1,1,2327152,510360,2,20200929,145249750,1.548000,3000,4644.000000,-,-,S,4152225,4153023
1,1,2380786,510360,2,20200929,145620650,1.547000,6500,10055.500000,-,-,S,4215013,4229674
1,1,2380787,510360,2,20200929,145620650,1.547000,13500,20884.500000,-,-,S,4223173,4229674
1,1,2391881,510360,2,20200929,145832530,1.548000,300,464.400000,-,-,S,4261768,4262545
1,1,2391882,510360,2,20200929,145832650,1.548000,300,464.400000,-,-,S,4261768,4262561
1,1,2392192,510360,2,20200929,145850970,1.548000,300,464.400000,-,-,S,4261768,4265439
1,1,2392193,510360,2,20200929,145850970,1.548000,300,464.400000,-,-,S,4261768,4265440
1,1,2392258,510360,2,20200929,145854330,1.548000,4600,7120.800000,-,-,S,4261768,4265918
1,1,2392260,510360,2,20200929,145854450,1.548000,2300,3560.400000,-,-,S,4261768,4265930
1,1,2392275,510360,2,20200929,145856640,1.548000,1900,2941.200000,-,-,S,4261768,4266247
1,1,2393167,510360,2,20200929,145943090,1.549000,44600,69085.400000,-,-,B,4274187,4270055
