Datetime,Price,Volume
2020-09-29 09:25:00.500,4.67,6100
2020-09-29 09:25:00.500,4.67,18900
2020-09-29 09:25:00.500,4.67,10700
2020-09-29 09:25:00.500,4.67,4100
2020-09-29 09:25:00.500,4.67,4100
2020-09-29 09:25:00.500,4.67,6100
2020-09-29 09:25:00.500,4.67,8000
2020-09-29 09:25:00.500,4.67,300
2020-09-29 09:25:00.500,4.67,5000
2020-09-29 09:25:00.500,4.67,10000
2020-09-29 09:25:00.500,4.67,10000
2020-09-29 09:25:00.500,4.67,2500
2020-09-29 09:25:00.500,4.67,1200
2020-09-29 09:25:00.500,4.67,10000
2020-09-29 09:25:00.500,4.67,600
2020-09-29 09:25:00.500,4.67,6000
2020-09-29 09:25:00.500,4.67,800
2020-09-29 09:25:00.500,4.67,700
2020-09-29 09:25:00.500,4.67,800
2020-09-29 09:25:00.500,4.67,10000
2020-09-29 09:25:00.500,4.67,11500
2020-09-29 09:25:00.500,4.67,4200
2020-09-29 09:25:00.500,4.67,700
2020-09-29 09:25:00.500,4.67,2000
2020-09-29 09:25:00.500,4.67,3000
2020-09-29 09:25:00.500,4.67,68000
2020-09-29 09:25:00.500,4.67,32000
2020-09-29 09:25:00.500,4.67,800
2020-09-29 09:25:00.500,4.67,700
2020-09-29 09:25:00.500,4.67,800
2020-09-29 09:25:00.500,4.67,2600
2020-09-29 09:25:00.500,4.67,9000
2020-09-29 09:25:00.500,4.67,3000
2020-09-29 09:25:00.500,4.67,10000
2020-09-29 09:25:00.500,4.67,14500
2020-09-29 09:25:00.500,4.67,10000
2020-09-29 09:25:00.500,4.67,700
2020-09-29 09:25:00.500,4.67,88500
2020-09-29 09:25:00.500,4.67,180400
2020-09-29 09:25:00.500,4.67,16700
2020-09-29 09:25:00.500,4.67,800
2020-09-29 09:25:00.500,4.67,6800
2020-09-29 09:25:00.500,4.67,1100
2020-09-29 09:25:00.500,4.67,700
2020-09-29 09:25:00.500,4.67,1000
2020-09-29 09:25:00.500,4.67,5000
2020-09-29 09:25:00.500,4.67,2900
2020-09-29 09:25:00.500,4.67,17100
2020-09-29 09:25:00.500,4.67,500
2020-09-29 09:25:00.500,4.67,20000
2020-09-29 09:25:00.500,4.67,2000
2020-09-29 09:25:00.500,4.67,6800
2020-09-29 09:25:00.500,4.67,12500
2020-09-29 09:25:00.500,4.67,800
2020-09-29 09:25:00.500,4.67,6000
2020-09-29 09:25:00.500,4.67,14200
2020-09-29 09:25:00.500,4.67,9400
2020-09-29 09:25:00.500,4.67,1000
2020-09-29 09:25:00.500,4.67,5000
2020-09-29 09:25:00.500,4.67,1000
2020-09-29 09:25:00.500,4.67,2000
2020-09-29 09:25:00.500,4.67,10000
2020-09-29 09:25:00.500,4.67,200
2020-09-29 09:25:00.500,4.67,200
2020-09-29 09:25:00.500,4.67,2400
2020-09-29 09:25:00.500,4.67,100
2020-09-29 09:25:00.500,4.67,100
2020-09-29 09:25:00.500,4.67,200
2020-09-29 09:25:00.500,4.67,800
2020-09-29 09:25:00.500,4.67,4000
2020-09-29 09:25:00.500,4.67,200
2020-09-29 09:25:00.500,4.67,100
2020-09-29 09:25:00.500,4.67,100
2020-09-29 09:25:00.500,4.67,100
2020-09-29 09:25:00.500,4.67,3300
2020-09-29 09:25:00.500,4.67,200
2020-09-29 09:25:00.500,4.67,1100
2020-09-29 09:25:00.500,4.67,300
2020-09-29 09:25:00.500,4.67,100
2020-09-29 09:25:00.500,4.67,700
2020-09-29 09:25:00.500,4.67,100
2020-09-29 09:25:00.500,4.67,500
2020-09-29 09:25:00.500,4.67,100
2020-09-29 09:25:00.500,4.67,100
2020-09-29 09:25:00.500,4.67,200
2020-09-29 09:25:00.500,4.67,600
2020-09-29 09:25:00.500,4.67,500
2020-09-29 09:25:00.500,4.67,300
2020-09-29 09:25:00.500,4.67,400
2020-09-29 09:25:00.500,4.67,300
2020-09-29 09:25:00.500,4.67,100
2020-09-29 09:25:00.500,4.67,100
2020-09-29 09:25:00.500,4.67,700
2020-09-29 09:25:00.500,4.67,200
2020-09-29 09:25:00.500,4.67,100
2020-09-29 09:25:00.500,4.67,2000
2020-09-29 09:25:00.500,4.67,10000
2020-09-29 09:25:00.500,4.67,200
2020-09-29 09:25:00.500,4.67,100
2020-09-29 09:25:00.500,4.67,100
2020-09-29 09:25:00.500,4.67,3000
2020-09-29 09:25:00.500,4.67,100
2020-09-29 09:25:00.500,4.67,300
2020-09-29 09:25:00.500,4.67,3000
2020-09-29 09:25:00.500,4.67,1000
2020-09-29 09:25:00.500,4.67,100
2020-09-29 09:25:00.500,4.67,1000
2020-09-29 09:25:00.500,4.67,2400
2020-09-29 09:25:00.500,4.67,15600
2020-09-29 09:25:00.500,4.67,1900
2020-09-29 09:25:00.500,4.67,4000
2020-09-29 09:25:00.500,4.67,4200
2020-09-29 09:25:00.500,4.67,100
2020-09-29 09:25:00.500,4.67,6000
2020-09-29 09:25:00.500,4.67,6000
2020-09-29 09:25:00.500,4.67,100
2020-09-29 09:25:00.500,4.67,1400
2020-09-29 09:25:00.500,4.67,15000
2020-09-29 09:25:00.500,4.67,2500
2020-09-29 09:25:00.500,4.67,100
2020-09-29 09:25:00.500,4.67,100
2020-09-29 09:25:00.500,4.67,100
2020-09-29 09:25:00.500,4.67,100
2020-09-29 09:25:00.500,4.67,4000
2020-09-29 09:25:00.500,4.67,1300
2020-09-29 09:25:00.500,4.67,10000
2020-09-29 09:25:00.500,4.67,100
2020-09-29 09:25:00.500,4.67,2000
2020-09-29 09:25:00.500,4.67,1000
2020-09-29 09:25:00.500,4.67,600
2020-09-29 09:25:00.500,4.67,5000
2020-09-29 09:25:00.500,4.67,12900
2020-09-29 09:25:00.500,4.67,6000
2020-09-29 09:25:00.500,4.67,10000
2020-09-29 09:25:00.500,4.67,5200
2020-09-29 09:25:00.500,4.67,700
2020-09-29 09:25:00.500,4.67,100
2020-09-29 09:25:00.500,4.67,5000
2020-09-29 09:25:00.500,4.67,27100
2020-09-29 09:25:00.500,4.67,100
2020-09-29 09:25:00.500,4.67,200
2020-09-29 09:25:00.500,4.67,200
2020-09-29 09:25:00.500,4.67,1000
2020-09-29 09:25:00.500,4.67,1000
2020-09-29 09:25:00.500,4.67,2000
2020-09-29 09:25:00.500,4.67,300
2020-09-29 09:25:00.500,4.67,500
2020-09-29 09:25:00.500,4.67,500
2020-09-29 09:25:00.500,4.67,4300
2020-09-29 09:25:00.500,4.67,100
2020-09-29 09:25:00.500,4.67,200
2020-09-29 09:25:00.500,4.67,20000
2020-09-29 09:25:00.500,4.67,100
2020-09-29 09:25:00.500,4.67,2000
2020-09-29 09:25:00.500,4.67,200
2020-09-29 09:25:00.500,4.67,1000
2020-09-29 09:25:00.500,4.67,12500
2020-09-29 09:25:00.500,4.67,6000
2020-09-29 09:25:00.500,4.67,5000
2020-09-29 09:25:00.500,4.67,15700
2020-09-29 09:25:00.500,4.67,4300
2020-09-29 09:25:00.500,4.67,10000
2020-09-29 09:25:00.500,4.67,2000
2020-09-29 09:25:00.500,4.67,300
2020-09-29 09:25:00.500,4.67,5000
2020-09-29 09:25:00.500,4.67,4500
2020-09-29 09:25:00.500,4.67,10800
2020-09-29 09:25:00.500,4.67,3000
2020-09-29 09:25:00.500,4.67,200
2020-09-29 09:25:00.500,4.67,4800
2020-09-29 09:25:00.500,4.67,1000
2020-09-29 09:25:00.500,4.67,3800
2020-09-29 09:25:00.500,4.67,5000
2020-09-29 09:25:00.500,4.67,1000
2020-09-29 09:25:00.500,4.67,1000
2020-09-29 09:25:00.500,4.67,43300
2020-09-29 09:25:00.500,4.67,1300
2020-09-29 09:25:00.500,4.67,20000
2020-09-29 09:25:00.500,4.67,800
2020-09-29 09:25:00.500,4.67,17000
2020-09-29 09:25:00.500,4.67,2200
2020-09-29 09:25:00.500,4.67,25100
2020-09-29 09:25:00.500,4.67,24900
2020-09-29 09:25:00.500,4.67,100
2020-09-29 09:25:00.500,4.67,7000
2020-09-29 09:25:00.500,4.67,2300
2020-09-29 09:25:00.500,4.67,1000
2020-09-29 09:25:00.500,4.67,5100
2020-09-29 09:25:00.500,4.67,3900
2020-09-29 09:25:00.500,4.67,5000
2020-09-29 09:25:00.500,4.67,700
2020-09-29 09:25:00.500,4.67,2800
2020-09-29 09:25:00.500,4.67,1000
2020-09-29 09:25:00.500,4.67,5200
2020-09-29 09:25:00.500,4.67,100
2020-09-29 09:25:00.500,4.67,2000
2020-09-29 09:25:00.500,4.67,3800
2020-09-29 09:25:00.500,4.67,1000
2020-09-29 09:25:00.500,4.67,5000
2020-09-29 09:25:00.500,4.67,35000
2020-09-29 09:25:00.500,4.67,5000
2020-09-29 09:25:00.500,4.67,11400
2020-09-29 09:25:00.500,4.67,100
2020-09-29 09:25:00.500,4.67,2000
2020-09-29 09:25:00.500,4.67,5000
2020-09-29 09:25:00.500,4.67,7200
2020-09-29 09:25:00.500,4.67,400
2020-09-29 09:25:00.500,4.67,1000
2020-09-29 09:25:00.500,4.67,2100
2020-09-29 09:25:00.500,4.67,500
2020-09-29 09:25:00.500,4.67,1400
2020-09-29 09:25:00.500,4.67,100
2020-09-29 09:25:00.500,4.67,6000
2020-09-29 09:25:00.500,4.67,2900
2020-09-29 09:25:00.500,4.67,1000
2020-09-29 09:25:00.500,4.67,2100
2020-09-29 09:25:00.500,4.67,1000
2020-09-29 09:25:00.500,4.67,100
2020-09-29 09:25:00.500,4.67,100
2020-09-29 09:25:00.500,4.67,10000
2020-09-29 09:25:00.500,4.67,3000
2020-09-29 09:25:00.500,4.67,100
2020-09-29 09:25:00.500,4.67,500
2020-09-29 09:25:00.500,4.67,5000
2020-09-29 09:25:00.500,4.67,4200
2020-09-29 09:25:00.500,4.67,300
2020-09-29 09:25:00.500,4.67,300
2020-09-29 09:25:00.500,4.67,1800
2020-09-29 09:25:00.500,4.67,1000
2020-09-29 09:25:00.500,4.67,800
2020-09-29 09:25:00.500,4.67,4900
2020-09-29 09:25:00.500,4.67,1000
2020-09-29 09:25:00.500,4.67,300
2020-09-29 09:25:00.500,4.67,3800
2020-09-29 09:25:00.500,4.67,200
2020-09-29 09:25:00.500,4.67,6000
2020-09-29 09:25:00.500,4.67,4900
2020-09-29 09:25:00.500,4.67,200
2020-09-29 09:25:00.500,4.67,1000
2020-09-29 09:25:00.500,4.67,1100
2020-09-29 09:25:00.500,4.67,5000
2020-09-29 09:25:00.500,4.67,300
2020-09-29 09:25:00.500,4.67,187000
2020-09-29 09:25:00.500,4.67,10000
2020-09-29 09:25:00.500,4.67,4000
2020-09-29 09:25:00.500,4.67,100000
2020-09-29 09:25:00.500,4.67,10000
2020-09-29 09:25:00.500,4.67,10000
2020-09-29 09:25:00.500,4.67,22000
2020-09-29 09:25:00.500,4.67,74900
2020-09-29 09:25:00.500,4.67,6800
2020-09-29 09:25:00.500,4.67,800
2020-09-29 09:25:00.500,4.67,74500
2020-09-29 09:25:00.500,4.67,5000
2020-09-29 09:25:00.500,4.67,9300
2020-09-29 09:25:00.500,4.67,27300
2020-09-29 09:25:00.500,4.67,4300
2020-09-29 09:25:00.500,4.67,18400
2020-09-29 09:30:00.060,4.671,10000
2020-09-29 09:30:00.060,4.671,1000
2020-09-29 09:30:00.060,4.671,6400
2020-09-29 09:30:00.060,4.672,300
2020-09-29 09:30:00.060,4.672,100
2020-09-29 09:30:00.060,4.672,2200
2020-09-29 09:30:00.160,4.672,7800
2020-09-29 09:30:00.160,4.672,400
2020-09-29 09:30:00.160,4.672,4000
2020-09-29 09:30:00.160,4.673,800
2020-09-29 09:30:00.160,4.673,7000
2020-09-29 09:30:00.250,4.67,3500
2020-09-29 09:30:00.290,4.672,4000
2020-09-29 09:30:00.350,4.672,16000
2020-09-29 09:30:00.350,4.671,20000
2020-09-29 09:30:00.350,4.671,5000
2020-09-29 09:30:00.350,4.671,6000
2020-09-29 09:30:00.350,4.67,17300
2020-09-29 09:30:00.350,4.67,5000
2020-09-29 09:30:00.350,4.67,10700
2020-09-29 09:30:00.350,4.67,17600
2020-09-29 09:30:00.350,4.67,2200
2020-09-29 09:30:00.350,4.669,17600
2020-09-29 09:30:00.410,4.672,4400
2020-09-29 09:30:00.410,4.671,400
2020-09-29 09:30:00.410,4.671,1000
2020-09-29 09:30:00.510,4.67,8600
2020-09-29 09:30:00.510,4.67,1800
2020-09-29 09:30:00.510,4.67,8600
2020-09-29 09:30:00.510,4.67,4200
2020-09-29 09:30:00.510,4.669,3000
2020-09-29 09:30:00.620,4.67,800
2020-09-29 09:30:00.620,4.67,100
2020-09-29 09:30:00.620,4.671,10000
2020-09-29 09:30:00.620,4.672,500
2020-09-29 09:30:00.620,4.671,10000
2020-09-29 09:30:00.730,4.672,5000
2020-09-29 09:30:00.730,4.672,100
2020-09-29 09:30:00.730,4.672,100
2020-09-29 09:30:00.730,4.672,800
2020-09-29 09:30:00.730,4.671,13400
2020-09-29 09:30:00.730,4.671,2300
2020-09-29 09:30:00.730,4.671,2700
2020-09-29 09:30:00.730,4.673,6800
2020-09-29 09:30:00.730,4.672,2000
2020-09-29 09:30:00.730,4.671,1000
2020-09-29 09:30:00.960,4.671,300
2020-09-29 09:30:00.960,4.671,1900
2020-09-29 09:30:00.960,4.673,6200
2020-09-29 09:30:00.960,4.673,20000
2020-09-29 09:30:00.960,4.673,4000
2020-09-29 09:30:00.960,4.673,5000
2020-09-29 09:30:00.960,4.673,3000
2020-09-29 09:30:00.960,4.673,2000
2020-09-29 09:30:00.960,4.674,600
2020-09-29 09:30:00.960,4.674,10000
2020-09-29 09:30:00.960,4.674,5000
2020-09-29 09:30:00.960,4.674,30000
2020-09-29 09:30:00.960,4.674,14200
2020-09-29 09:30:00.960,4.671,1400
2020-09-29 09:30:00.960,4.671,2000
2020-09-29 09:30:00.960,4.671,600
2020-09-29 09:30:00.960,4.671,300
2020-09-29 09:30:00.960,4.671,500
2020-09-29 09:30:00.960,4.671,600
2020-09-29 09:30:00.960,4.671,48600
2020-09-29 09:30:01.080,4.672,2400
2020-09-29 09:30:01.080,4.672,2600
2020-09-29 09:30:01.080,4.674,500
2020-09-29 09:30:01.210,4.672,2000
2020-09-29 09:30:01.320,4.672,10000
2020-09-29 09:30:01.320,4.671,500
2020-09-29 09:30:01.320,4.671,1000
2020-09-29 09:30:01.320,4.672,100
2020-09-29 09:30:01.440,4.671,300
2020-09-29 09:30:01.440,4.672,13000
2020-09-29 09:30:01.560,4.671,40000
2020-09-29 09:30:01.670,4.671,10000
2020-09-29 09:30:01.670,4.671,200
2020-09-29 09:30:01.670,4.672,4900
2020-09-29 09:30:01.670,4.672,100
2020-09-29 09:30:01.670,4.672,400
2020-09-29 09:30:01.670,4.673,500
2020-09-29 09:30:01.670,4.673,4000
2020-09-29 09:30:01.670,4.674,2300
2020-09-29 09:30:01.670,4.674,25600
2020-09-29 09:30:01.670,4.674,1000
2020-09-29 09:30:01.670,4.674,50000
2020-09-29 09:30:01.670,4.674,2400
2020-09-29 09:30:01.670,4.674,13800
2020-09-29 09:30:01.790,4.671,6400
2020-09-29 09:30:01.790,4.671,3000
2020-09-29 09:30:01.790,4.671,10600
2020-09-29 09:30:01.790,4.671,2000
2020-09-29 09:30:01.790,4.672,1000
2020-09-29 09:30:01.790,4.673,2100
2020-09-29 09:30:01.790,4.673,3000
2020-09-29 09:30:01.910,4.673,42300
2020-09-29 09:30:01.910,4.673,4000
2020-09-29 09:30:01.910,4.674,3000
2020-09-29 09:30:01.910,4.673,20000
2020-09-29 09:30:01.910,4.673,97400
2020-09-29 09:30:01.910,4.673,700
2020-09-29 09:30:01.910,4.673,2600
2020-09-29 09:30:02.030,4.673,1000
2020-09-29 09:30:02.150,4.674,1600
2020-09-29 09:30:02.150,4.674,400
2020-09-29 09:30:02.150,4.673,121900
2020-09-29 09:30:02.150,4.673,6600
2020-09-29 09:30:02.150,4.671,37400
2020-09-29 09:30:02.150,4.671,50000
2020-09-29 09:30:02.150,4.671,10000
2020-09-29 09:30:02.150,4.671,5800
2020-09-29 09:30:02.150,4.671,300
2020-09-29 09:30:02.150,4.671,25000
2020-09-29 09:30:02.150,4.671,3000
2020-09-29 09:30:02.150,4.671,2100
2020-09-29 09:30:02.150,4.671,300
2020-09-29 09:30:02.150,4.671,20000
2020-09-29 09:30:02.150,4.671,69100
2020-09-29 09:30:02.150,4.671,5000
2020-09-29 09:30:02.150,4.671,18000
2020-09-29 09:30:02.150,4.67,100
2020-09-29 09:30:02.150,4.67,2200
2020-09-29 09:30:02.150,4.67,100
2020-09-29 09:30:02.150,4.67,5000
2020-09-29 09:30:02.150,4.67,10000
2020-09-29 09:30:02.150,4.67,115600
2020-09-29 09:30:02.150,4.67,500
2020-09-29 09:30:02.150,4.67,200
2020-09-29 09:30:02.150,4.67,200
2020-09-29 09:30:02.150,4.67,2300
2020-09-29 09:30:02.150,4.67,2100
2020-09-29 09:30:02.150,4.67,129000
2020-09-29 09:30:02.150,4.674,200
2020-09-29 09:30:02.150,4.67,6900
2020-09-29 09:30:02.150,4.67,1500
2020-09-29 09:30:02.280,4.673,6900
2020-09-29 09:30:02.280,4.673,3100
2020-09-29 09:30:02.280,4.67,7400
2020-09-29 09:30:02.280,4.67,3000
2020-09-29 09:30:02.280,4.67,8500
2020-09-29 09:30:02.280,4.67,200
2020-09-29 09:30:02.280,4.67,6300
2020-09-29 09:30:02.280,4.672,2000
2020-09-29 09:30:02.280,4.671,3000
2020-09-29 09:30:02.280,4.671,5000
2020-09-29 09:30:02.380,4.671,50000
2020-09-29 09:30:02.380,4.671,20000
2020-09-29 09:30:02.380,4.671,5000
2020-09-29 09:30:02.380,4.671,200
2020-09-29 09:30:02.380,4.67,500
2020-09-29 09:30:02.380,4.67,100
2020-09-29 09:30:02.380,4.67,4400
2020-09-29 09:30:02.380,4.67,600
2020-09-29 09:30:02.380,4.67,1900
2020-09-29 09:30:02.500,4.671,4800
2020-09-29 09:30:02.500,4.671,4400
2020-09-29 09:30:02.500,4.671,100
2020-09-29 09:30:02.500,4.671,10000
2020-09-29 09:30:02.630,4.671,3000
2020-09-29 09:30:02.630,4.671,9200
2020-09-29 09:30:02.630,4.67,3500
2020-09-29 09:30:02.630,4.671,8300
2020-09-29 09:30:02.630,4.671,1700
2020-09-29 09:30:02.630,4.67,10000
2020-09-29 09:30:02.740,4.671,300
2020-09-29 09:30:02.740,4.672,400
2020-09-29 09:30:02.740,4.67,1000
2020-09-29 09:30:02.740,4.672,4300
2020-09-29 09:30:02.860,4.67,23600
2020-09-29 09:30:02.860,4.67,5000
2020-09-29 09:30:02.860,4.67,1000
2020-09-29 09:30:02.860,4.67,1000
2020-09-29 09:30:02.860,4.67,600
2020-09-29 09:30:02.860,4.67,6600
2020-09-29 09:30:02.860,4.67,10000
2020-09-29 09:30:02.860,4.67,2000
2020-09-29 09:30:02.860,4.67,5000
2020-09-29 09:30:02.970,4.67,2400
2020-09-29 09:30:02.970,4.669,29400
2020-09-29 09:30:02.970,4.669,8100
2020-09-29 09:30:02.970,4.669,1000
2020-09-29 09:30:02.970,4.669,3900
2020-09-29 09:30:02.970,4.669,7600
2020-09-29 09:30:02.970,4.669,400
2020-09-29 09:30:02.970,4.669,3100
2020-09-29 09:30:02.970,4.67,6500
2020-09-29 09:30:02.970,4.67,36300
2020-09-29 09:30:02.970,4.67,400
2020-09-29 09:30:02.970,4.672,4600
2020-09-29 09:30:02.970,4.672,5000
2020-09-29 09:30:02.970,4.672,3700
2020-09-29 09:30:02.970,4.672,1300
2020-09-29 09:30:02.970,4.672,5300
2020-09-29 09:30:02.970,4.672,43400
2020-09-29 09:30:03.090,4.671,3300
2020-09-29 09:30:03.090,4.67,500
2020-09-29 09:30:03.090,4.671,500
2020-09-29 09:30:03.210,4.671,200
2020-09-29 09:30:03.210,4.671,500
2020-09-29 09:30:03.210,4.671,9300
2020-09-29 09:30:03.210,4.671,2100
2020-09-29 09:30:03.300,4.672,1000
2020-09-29 09:30:03.300,4.672,700
2020-09-29 09:30:03.300,4.672,4100
2020-09-29 09:30:03.300,4.671,1000
2020-09-29 09:30:03.300,4.672,800
2020-09-29 09:30:03.300,4.672,200
2020-09-29 09:30:03.370,4.672,5100
2020-09-29 09:30:03.370,4.673,9400
2020-09-29 09:30:03.370,4.673,5000
2020-09-29 09:30:03.370,4.673,11600
2020-09-29 09:30:03.370,4.673,5000
2020-09-29 09:30:03.370,4.673,17900
2020-09-29 09:30:03.370,4.671,1000
2020-09-29 09:30:03.370,4.671,2400
2020-09-29 09:30:03.440,4.671,100
2020-09-29 09:30:03.700,4.673,1000
2020-09-29 09:30:03.700,4.672,3900
2020-09-29 09:30:03.700,4.672,200
2020-09-29 09:30:03.700,4.672,1000
2020-09-29 09:30:03.700,4.672,2100
2020-09-29 09:30:03.700,4.671,1000
2020-09-29 09:30:03.700,4.671,900
2020-09-29 09:30:03.700,4.671,2500
2020-09-29 09:30:03.700,4.671,6000
2020-09-29 09:30:03.700,4.671,5400
2020-09-29 09:30:03.800,4.671,2000
2020-09-29 09:30:03.840,4.671,2200
2020-09-29 09:30:03.840,4.671,2500
2020-09-29 09:30:03.840,4.671,2000
2020-09-29 09:30:04.010,4.672,200
2020-09-29 09:30:04.200,4.672,1000
2020-09-29 09:30:04.230,4.672,600
2020-09-29 09:30:04.270,4.672,1000
2020-09-29 09:30:04.270,4.672,200
2020-09-29 09:30:04.270,4.672,1000
2020-09-29 09:30:04.270,4.672,500
2020-09-29 09:30:04.380,4.672,500
2020-09-29 09:30:04.380,4.672,100
2020-09-29 09:30:04.380,4.671,3000
2020-09-29 09:30:04.380,4.671,200
2020-09-29 09:30:04.380,4.673,200
2020-09-29 09:30:04.690,4.671,7500
2020-09-29 09:30:04.690,4.671,700
2020-09-29 09:30:04.690,4.671,300
2020-09-29 09:30:04.690,4.671,2200
2020-09-29 09:30:04.690,4.671,5000
2020-09-29 09:30:04.690,4.671,3000
2020-09-29 09:30:04.720,4.672,1900
2020-09-29 09:30:04.720,4.671,17000
2020-09-29 09:30:04.720,4.671,1100
2020-09-29 09:30:05.180,4.672,1400
2020-09-29 09:30:05.180,4.671,13600
2020-09-29 09:30:05.260,4.672,2000
2020-09-29 09:30:05.260,4.673,900
2020-09-29 09:30:05.370,4.673,5000
2020-09-29 09:30:05.410,4.674,9400
2020-09-29 09:30:05.410,4.674,600
2020-09-29 09:30:05.410,4.673,9300
2020-09-29 09:30:05.410,4.672,1800
2020-09-29 09:30:05.580,4.672,1200
2020-09-29 09:30:05.580,4.671,800
2020-09-29 09:30:05.580,4.671,30000
2020-09-29 09:30:05.580,4.673,2000
2020-09-29 09:30:05.620,4.671,2000
2020-09-29 09:30:05.620,4.672,2000
2020-09-29 09:30:05.620,4.671,500
2020-09-29 09:30:05.660,4.671,900
2020-09-29 09:30:05.660,4.672,900
2020-09-29 09:30:05.660,4.673,5600
2020-09-29 09:30:05.740,4.671,1000
2020-09-29 09:30:05.770,4.673,50000
2020-09-29 09:30:05.810,4.671,500
2020-09-29 09:30:05.860,4.673,5000
2020-09-29 09:30:05.970,4.672,200
2020-09-29 09:30:06.120,4.672,200
2020-09-29 09:30:06.120,4.671,2600
2020-09-29 09:30:06.120,4.671,40000
2020-09-29 09:30:06.300,4.671,5700
2020-09-29 09:30:06.360,4.671,400
2020-09-29 09:30:06.570,4.673,12000
2020-09-29 09:30:06.700,4.671,6000
2020-09-29 09:30:06.730,4.671,14600
2020-09-29 09:30:06.820,4.672,10000
2020-09-29 09:30:06.980,4.672,200
2020-09-29 09:30:06.980,4.672,10000
2020-09-29 09:30:07.150,4.672,100
2020-09-29 09:30:07.280,4.673,100
2020-09-29 09:30:07.430,4.673,225300
2020-09-29 09:30:07.430,4.674,2400
2020-09-29 09:30:07.430,4.674,5000
2020-09-29 09:30:07.430,4.674,3300
2020-09-29 09:30:07.430,4.674,10000
2020-09-29 09:30:07.430,4.674,200
2020-09-29 09:30:07.430,4.674,200
2020-09-29 09:30:07.430,4.674,200
2020-09-29 09:30:07.430,4.674,200
2020-09-29 09:30:07.430,4.674,200
2020-09-29 09:30:07.430,4.674,200
2020-09-29 09:30:07.430,4.674,200
2020-09-29 09:30:07.430,4.674,200
2020-09-29 09:30:07.430,4.674,200
2020-09-29 09:30:07.430,4.674,200
2020-09-29 09:30:07.430,4.674,50000
2020-09-29 09:30:07.430,4.674,2000
2020-09-29 09:30:07.530,4.672,10000
2020-09-29 09:30:07.720,4.672,300
2020-09-29 09:30:08.620,4.674,1500
2020-09-29 09:30:08.620,4.674,20000
2020-09-29 09:30:08.620,4.674,9500
2020-09-29 09:30:08.620,4.674,500
2020-09-29 09:30:08.620,4.674,5000
2020-09-29 09:30:08.620,4.674,20000
2020-09-29 09:30:08.620,4.674,9400
2020-09-29 09:30:08.620,4.674,500
2020-09-29 09:30:08.620,4.674,14600
2020-09-29 09:30:08.680,4.674,85400
2020-09-29 09:30:08.680,4.674,25000
2020-09-29 09:30:08.680,4.674,10000
2020-09-29 09:30:08.680,4.674,50000
2020-09-29 09:30:08.680,4.674,3500
2020-09-29 09:30:08.680,4.674,500
2020-09-29 09:30:08.680,4.674,10000
2020-09-29 09:30:08.680,4.674,5000
2020-09-29 09:30:08.680,4.674,40000
2020-09-29 09:30:08.680,4.674,46000
2020-09-29 09:30:08.680,4.674,400
2020-09-29 09:30:09.020,4.674,100
2020-09-29 09:30:09.100,4.674,20100
2020-09-29 09:30:09.100,4.674,700
2020-09-29 09:30:09.100,4.673,61600
2020-09-29 09:30:10.900,4.675,500
2020-09-29 09:30:10.930,4.673,10000
2020-09-29 09:30:12.040,4.675,600
2020-09-29 09:30:12.530,4.674,1800
2020-09-29 09:30:13.380,4.674,10000
2020-09-29 09:30:13.990,4.673,2900
2020-09-29 09:30:14.670,4.674,1100
2020-09-29 09:30:14.990,4.674,37100
2020-09-29 09:30:14.990,4.674,2900
2020-09-29 09:30:17.540,4.673,52000
2020-09-29 09:30:17.760,4.673,2500
2020-09-29 09:30:18.040,4.673,6800
2020-09-29 09:30:18.450,4.673,500
2020-09-29 09:30:18.600,4.674,1100
2020-09-29 09:30:18.600,4.674,100
2020-09-29 09:30:18.600,4.674,8800
2020-09-29 09:30:18.750,4.674,21200
2020-09-29 09:30:18.750,4.674,3000
2020-09-29 09:30:18.750,4.674,50000
2020-09-29 09:30:18.750,4.674,7000
2020-09-29 09:30:18.940,4.674,4300
2020-09-29 09:30:18.940,4.674,900
2020-09-29 09:30:18.940,4.673,2600
2020-09-29 09:30:20.610,4.673,600
2020-09-29 09:30:21.170,4.674,2000
2020-09-29 09:30:22.720,4.673,5000
2020-09-29 09:30:23.070,4.673,20000
2020-09-29 09:30:23.840,4.674,3200
2020-09-29 09:30:24.230,4.673,6200
2020-09-29 09:30:24.640,4.673,78300
2020-09-29 09:30:24.750,4.673,2200
2020-09-29 09:30:24.990,4.674,1000
2020-09-29 09:30:25.500,4.674,1800
2020-09-29 09:30:25.500,4.674,5000
2020-09-29 09:30:25.500,4.674,300
2020-09-29 09:30:25.500,4.674,3900
2020-09-29 09:30:25.820,4.673,10000
2020-09-29 09:30:26.150,4.674,2100
2020-09-29 09:30:26.390,4.674,5000
2020-09-29 09:30:26.540,4.673,100
2020-09-29 09:30:27.620,4.674,39000
2020-09-29 09:30:27.620,4.674,10500
2020-09-29 09:30:27.620,4.674,5000
2020-09-29 09:30:27.620,4.674,1000
2020-09-29 09:30:27.620,4.674,5000
2020-09-29 09:30:27.620,4.674,12700
2020-09-29 09:30:27.620,4.674,1400
2020-09-29 09:30:27.620,4.674,10000
2020-09-29 09:30:27.620,4.674,20000
2020-09-29 09:30:27.620,4.674,54300
2020-09-29 09:30:27.620,4.674,2000
2020-09-29 09:30:27.620,4.674,50000
2020-09-29 09:30:27.620,4.674,3000
2020-09-29 09:30:28.070,4.673,28400
2020-09-29 09:30:28.070,4.673,1600
2020-09-29 09:30:28.100,4.673,200
2020-09-29 09:30:28.350,4.673,10000
2020-09-29 09:30:28.850,4.673,5000
2020-09-29 09:30:29.110,4.674,7000
2020-09-29 09:30:29.110,4.674,1900
2020-09-29 09:30:29.110,4.674,1100
2020-09-29 09:30:29.110,4.674,1000
2020-09-29 09:30:29.140,4.674,800
2020-09-29 09:30:29.410,4.674,2000
2020-09-29 09:30:29.410,4.674,4400
2020-09-29 09:30:29.410,4.673,117300
2020-09-29 09:30:29.410,4.673,5000
2020-09-29 09:30:29.410,4.673,1100
2020-09-29 09:30:29.410,4.673,10000
2020-09-29 09:30:29.410,4.673,6400
2020-09-29 09:30:30.100,4.672,1000
2020-09-29 09:30:30.100,4.672,2000
2020-09-29 09:30:30.100,4.672,500
2020-09-29 09:30:30.100,4.672,1000
2020-09-29 09:30:30.100,4.672,45500
2020-09-29 09:30:30.100,4.672,5000
2020-09-29 09:30:30.370,4.673,100
2020-09-29 09:30:31.530,4.672,42389
2020-09-29 09:30:31.630,4.673,100
2020-09-29 09:30:31.980,4.673,2000
2020-09-29 09:30:33.310,4.673,53600
2020-09-29 09:30:33.310,4.673,17000
2020-09-29 09:30:33.310,4.673,100
2020-09-29 09:30:33.310,4.673,700
2020-09-29 09:30:33.310,4.673,1500
2020-09-29 09:30:33.310,4.673,14100
2020-09-29 09:30:33.310,4.674,2000
2020-09-29 09:30:33.310,4.674,10100
2020-09-29 09:30:33.310,4.674,10000
2020-09-29 09:30:33.310,4.674,20000
2020-09-29 09:30:33.310,4.674,30000
2020-09-29 09:30:33.310,4.674,2400
2020-09-29 09:30:33.310,4.674,2000
2020-09-29 09:30:33.310,4.674,1000
2020-09-29 09:30:33.310,4.674,2000
2020-09-29 09:30:33.380,4.674,2700
2020-09-29 09:30:33.440,4.674,24300
2020-09-29 09:30:33.870,4.675,48900
2020-09-29 09:30:33.870,4.675,2100
2020-09-29 09:30:33.870,4.675,100
2020-09-29 09:30:33.870,4.675,4000
2020-09-29 09:30:33.870,4.675,200
2020-09-29 09:30:33.870,4.675,10000
2020-09-29 09:30:33.870,4.675,100
2020-09-29 09:30:33.870,4.675,2000
2020-09-29 09:30:33.870,4.675,3000
2020-09-29 09:30:33.870,4.675,2000
2020-09-29 09:30:33.870,4.675,71600
2020-09-29 09:30:33.870,4.675,300
2020-09-29 09:30:33.870,4.675,200
2020-09-29 09:30:33.870,4.675,5000
2020-09-29 09:30:33.870,4.675,300
2020-09-29 09:30:33.870,4.675,150200
2020-09-29 09:30:34.030,4.674,500
2020-09-29 09:30:34.450,4.674,1000
2020-09-29 09:30:34.510,4.674,800
2020-09-29 09:30:34.570,4.674,6000
2020-09-29 09:30:34.570,4.674,2000
2020-09-29 09:30:34.700,4.675,300000
2020-09-29 09:30:34.790,4.674,20000
2020-09-29 09:30:35.150,4.674,2200
2020-09-29 09:30:35.590,4.675,49800
2020-09-29 09:30:35.590,4.675,3000
2020-09-29 09:30:35.590,4.675,2300
2020-09-29 09:30:35.590,4.675,5100
2020-09-29 09:30:35.590,4.675,1000
2020-09-29 09:30:35.590,4.675,2000
2020-09-29 09:30:35.590,4.675,1300
2020-09-29 09:30:35.590,4.675,2200
2020-09-29 09:30:35.590,4.675,3000
2020-09-29 09:30:35.590,4.675,1000
2020-09-29 09:30:35.590,4.675,10000
2020-09-29 09:30:35.590,4.675,500
2020-09-29 09:30:35.590,4.675,10000
2020-09-29 09:30:35.590,4.675,2500
2020-09-29 09:30:35.590,4.675,1000
2020-09-29 09:30:35.590,4.675,2000
2020-09-29 09:30:35.590,4.675,300
2020-09-29 09:30:35.590,4.675,3000
2020-09-29 09:30:35.590,4.675,300
2020-09-29 09:30:35.590,4.675,100000
2020-09-29 09:30:35.590,4.675,4000
2020-09-29 09:30:35.590,4.675,10000
2020-09-29 09:30:35.590,4.675,3000
2020-09-29 09:30:35.590,4.675,500
2020-09-29 09:30:35.590,4.675,200
2020-09-29 09:30:35.590,4.675,300
2020-09-29 09:30:35.720,4.675,10000
2020-09-29 09:30:35.810,4.675,10000
2020-09-29 09:30:35.960,4.675,500
2020-09-29 09:30:36.200,4.675,2000
2020-09-29 09:30:36.270,4.675,2000
2020-09-29 09:30:36.420,4.675,500
2020-09-29 09:30:36.620,4.675,7500
2020-09-29 09:30:36.940,4.675,3200
2020-09-29 09:30:37.120,4.675,17300
2020-09-29 09:30:37.190,4.675,5400
2020-09-29 09:30:37.530,4.675,2000
2020-09-29 09:30:38.170,4.675,20000
2020-09-29 09:30:38.370,4.676,2000
2020-09-29 09:30:39.140,4.675,1300
2020-09-29 09:30:39.140,4.675,8700
2020-09-29 09:30:39.290,4.675,10000
2020-09-29 09:30:39.450,4.675,5000
2020-09-29 09:30:39.450,4.675,3600
2020-09-29 09:30:39.450,4.675,100
2020-09-29 09:30:39.820,4.675,10000
2020-09-29 09:30:39.950,4.675,3100
2020-09-29 09:30:40.160,4.675,5000
2020-09-29 09:30:40.160,4.675,500
2020-09-29 09:30:40.630,4.675,1100
2020-09-29 09:30:41.310,4.675,3000
2020-09-29 09:30:41.530,4.675,33000
2020-09-29 09:30:41.560,4.675,3000
2020-09-29 09:30:41.740,4.676,200
2020-09-29 09:30:41.740,4.676,7200
2020-09-29 09:30:41.740,4.676,12600
2020-09-29 09:30:42.230,4.675,1200
2020-09-29 09:30:42.600,4.675,1000
2020-09-29 09:30:42.630,4.675,200
2020-09-29 09:30:42.950,4.676,2400
2020-09-29 09:30:42.950,4.676,2500
2020-09-29 09:30:42.950,4.676,2500
2020-09-29 09:30:42.950,4.676,10000
2020-09-29 09:30:42.950,4.676,2500
2020-09-29 09:30:42.950,4.676,100
2020-09-29 09:30:43.010,4.675,21500
2020-09-29 09:30:43.200,4.675,100
2020-09-29 09:30:43.840,4.675,24600
2020-09-29 09:30:44.060,4.675,10000
2020-09-29 09:30:45.630,4.675,20000
2020-09-29 09:30:45.900,4.676,1000
2020-09-29 09:30:46.350,4.676,500
2020-09-29 09:30:46.440,4.676,18400
2020-09-29 09:30:46.440,4.676,100
2020-09-29 09:30:46.440,4.676,5100
2020-09-29 09:30:46.440,4.676,10000
2020-09-29 09:30:46.440,4.676,500
2020-09-29 09:30:46.440,4.676,20000
2020-09-29 09:30:46.440,4.676,38000
2020-09-29 09:30:46.590,4.675,68000
2020-09-29 09:30:46.850,4.675,5000
2020-09-29 09:30:47.280,4.675,40000
2020-09-29 09:30:47.280,4.675,2000
2020-09-29 09:30:47.590,4.675,5000
2020-09-29 09:30:48.450,4.675,15300
2020-09-29 09:30:48.450,4.675,2000
2020-09-29 09:30:48.450,4.675,2700
2020-09-29 09:30:48.810,4.676,10000
2020-09-29 09:30:48.900,4.676,2000
2020-09-29 09:30:48.900,4.676,200
2020-09-29 09:30:48.900,4.676,700
2020-09-29 09:30:48.900,4.676,1000
2020-09-29 09:30:48.900,4.676,1100
2020-09-29 09:30:49.080,4.676,3900
2020-09-29 09:30:49.080,4.676,1000
2020-09-29 09:30:49.080,4.676,200
2020-09-29 09:30:49.170,4.675,3000
2020-09-29 09:30:49.200,4.675,5000
2020-09-29 09:30:49.840,4.675,600
2020-09-29 09:30:49.840,4.675,100
2020-09-29 09:30:49.840,4.674,3300
2020-09-29 09:30:50.290,4.675,6000
2020-09-29 09:30:50.290,4.675,5000
2020-09-29 09:30:50.380,4.675,2000
2020-09-29 09:30:50.480,4.676,4800
2020-09-29 09:30:50.480,4.676,500
2020-09-29 09:30:50.480,4.676,2000
2020-09-29 09:30:50.480,4.676,2700
2020-09-29 09:30:50.500,4.675,39200
2020-09-29 09:30:50.830,4.675,20000
2020-09-29 09:30:50.850,4.676,1000
2020-09-29 09:30:50.880,4.675,100
2020-09-29 09:30:51.100,4.675,2500
2020-09-29 09:30:51.250,4.675,99900
2020-09-29 09:30:51.430,4.676,500
2020-09-29 09:30:51.720,4.675,4000
2020-09-29 09:30:52.000,4.676,15800
2020-09-29 09:30:52.000,4.676,1000
2020-09-29 09:30:52.000,4.676,1100
2020-09-29 09:30:52.130,4.676,10000
2020-09-29 09:30:52.250,4.676,300
2020-09-29 09:30:52.700,4.676,1800
2020-09-29 09:30:52.840,4.675,1500
2020-09-29 09:30:53.040,4.675,2800
2020-09-29 09:30:53.040,4.676,1200
2020-09-29 09:30:53.040,4.677,5000
2020-09-29 09:30:53.040,4.677,200
2020-09-29 09:30:53.040,4.677,5000
2020-09-29 09:30:53.040,4.677,3000
2020-09-29 09:30:53.040,4.677,800
2020-09-29 09:30:53.040,4.677,6000
2020-09-29 09:30:53.040,4.677,7300
2020-09-29 09:30:53.040,4.677,1000
2020-09-29 09:30:53.040,4.677,5000
2020-09-29 09:30:53.040,4.677,2400
2020-09-29 09:30:53.040,4.677,500
2020-09-29 09:30:53.040,4.677,300
2020-09-29 09:30:53.040,4.677,30000
2020-09-29 09:30:53.040,4.677,6000
2020-09-29 09:30:53.040,4.677,2300
2020-09-29 09:30:53.490,4.675,300
2020-09-29 09:30:53.790,4.675,1200
2020-09-29 09:30:53.980,4.676,200
2020-09-29 09:30:53.980,4.676,300
2020-09-29 09:30:54.050,4.675,2000
2020-09-29 09:30:54.140,4.675,6000
2020-09-29 09:30:54.310,4.675,3300
2020-09-29 09:30:54.400,4.675,1500
2020-09-29 09:30:54.520,4.676,500
2020-09-29 09:30:54.640,4.675,1000
2020-09-29 09:30:55.300,4.675,2300
2020-09-29 09:30:55.450,4.675,41400
2020-09-29 09:30:55.700,4.675,20000
2020-09-29 09:30:55.860,4.675,3000
2020-09-29 09:30:55.970,4.675,61600
2020-09-29 09:30:56.060,4.675,7300
2020-09-29 09:30:56.410,4.676,2000
2020-09-29 09:30:56.890,4.675,20000
2020-09-29 09:30:58.750,4.675,2100
2020-09-29 09:30:59.220,4.675,7900
2020-09-29 09:30:59.220,4.675,2100
2020-09-29 09:30:59.780,4.674,200
2020-09-29 09:31:00.700,4.675,2000
2020-09-29 09:31:00.950,4.675,800
2020-09-29 09:31:01.450,4.674,14500
2020-09-29 09:31:01.450,4.674,5000
2020-09-29 09:31:01.450,4.674,2000
2020-09-29 09:31:01.450,4.674,3400
2020-09-29 09:31:01.450,4.673,300
2020-09-29 09:31:01.450,4.673,17200
2020-09-29 09:31:01.450,4.673,1100
2020-09-29 09:31:01.450,4.673,56500
2020-09-29 09:31:01.770,4.675,600
2020-09-29 09:31:02.740,4.675,100
2020-09-29 09:31:03.230,4.675,4000
2020-09-29 09:31:03.390,4.675,400
2020-09-29 09:31:03.390,4.675,600
2020-09-29 09:31:03.590,4.675,300
2020-09-29 09:31:05.780,4.674,4000
2020-09-29 09:31:05.780,4.675,1100
2020-09-29 09:31:05.780,4.675,12900
2020-09-29 09:31:06.850,4.674,10500
2020-09-29 09:31:07.070,4.673,2200
2020-09-29 09:31:07.140,4.674,100
2020-09-29 09:31:07.140,4.673,15000
2020-09-29 09:31:07.330,4.673,2000
2020-09-29 09:31:07.400,4.674,5600
2020-09-29 09:31:07.660,4.674,2000
2020-09-29 09:31:08.140,4.674,100
2020-09-29 09:31:08.580,4.673,5200
2020-09-29 09:31:08.580,4.673,10000
2020-09-29 09:31:08.780,4.673,500
2020-09-29 09:31:09.290,4.673,2000
2020-09-29 09:31:09.290,4.673,3000
2020-09-29 09:31:09.310,4.674,20000
2020-09-29 09:31:09.890,4.673,300
2020-09-29 09:31:10.270,4.674,11700
2020-09-29 09:31:10.550,4.674,5000
2020-09-29 09:31:10.640,4.674,5000
2020-09-29 09:31:10.960,4.674,11300
2020-09-29 09:31:10.960,4.673,103300
2020-09-29 09:31:10.960,4.672,453400
2020-09-29 09:31:10.960,4.672,146600
2020-09-29 09:31:10.960,4.672,209200
2020-09-29 09:31:10.960,4.672,90800
2020-09-29 09:31:10.960,4.671,300
2020-09-29 09:31:10.960,4.671,300
2020-09-29 09:31:10.960,4.671,1000
2020-09-29 09:31:10.960,4.671,10000
2020-09-29 09:31:10.960,4.671,500
2020-09-29 09:31:10.960,4.671,200
2020-09-29 09:31:10.960,4.671,200
2020-09-29 09:31:10.960,4.671,4700
2020-09-29 09:31:10.960,4.671,5000
2020-09-29 09:31:10.960,4.671,100
2020-09-29 09:31:10.960,4.671,400
2020-09-29 09:31:10.960,4.671,400
2020-09-29 09:31:10.960,4.671,100
2020-09-29 09:31:10.960,4.671,500
2020-09-29 09:31:10.960,4.671,5000
2020-09-29 09:31:10.960,4.671,400
2020-09-29 09:31:10.960,4.671,200
2020-09-29 09:31:10.960,4.671,200
2020-09-29 09:31:10.960,4.671,3000
2020-09-29 09:31:10.960,4.671,52800
2020-09-29 09:31:10.960,4.671,68500
2020-09-29 09:31:10.960,4.671,116900
2020-09-29 09:31:12.000,4.673,3000
2020-09-29 09:31:12.000,4.673,29000
2020-09-29 09:31:12.210,4.673,3000
2020-09-29 09:31:12.280,4.673,10000
2020-09-29 09:31:12.430,4.674,5000
2020-09-29 09:31:12.430,4.675,64400
2020-09-29 09:31:12.430,4.675,3000
2020-09-29 09:31:12.430,4.675,20000
2020-09-29 09:31:12.430,4.675,100
2020-09-29 09:31:12.430,4.675,900
2020-09-29 09:31:12.430,4.675,30000
2020-09-29 09:31:12.430,4.675,38000
2020-09-29 09:31:12.430,4.675,3000
2020-09-29 09:31:12.430,4.675,20000
2020-09-29 09:31:12.430,4.675,30000
2020-09-29 09:31:12.430,4.675,5000
2020-09-29 09:31:12.430,4.675,2000
2020-09-29 09:31:12.430,4.675,5200
2020-09-29 09:31:12.430,4.675,2100
2020-09-29 09:31:12.430,4.675,20000
2020-09-29 09:31:12.430,4.675,2000
2020-09-29 09:31:12.430,4.675,49300
2020-09-29 09:31:12.650,4.673,10000
2020-09-29 09:31:12.930,4.673,20000
2020-09-29 09:31:12.980,4.674,500
2020-09-29 09:31:12.980,4.675,1500
2020-09-29 09:31:12.980,4.673,1000
2020-09-29 09:31:13.190,4.673,5000
2020-09-29 09:31:13.330,4.674,500
2020-09-29 09:31:13.330,4.675,2800
2020-09-29 09:31:13.330,4.675,1700
2020-09-29 09:31:13.560,4.674,6100
2020-09-29 09:31:13.560,4.675,300
2020-09-29 09:31:13.560,4.675,5000
2020-09-29 09:31:13.560,4.675,10000
2020-09-29 09:31:13.560,4.675,6600
2020-09-29 09:31:13.560,4.675,2100
2020-09-29 09:31:13.560,4.675,2000
2020-09-29 09:31:13.560,4.675,1500
2020-09-29 09:31:13.560,4.675,1000
2020-09-29 09:31:13.560,4.675,4300
2020-09-29 09:31:13.560,4.675,10000
2020-09-29 09:31:13.560,4.675,3000
2020-09-29 09:31:13.560,4.675,3300
2020-09-29 09:31:13.560,4.675,2000
2020-09-29 09:31:13.660,4.675,5000
2020-09-29 09:31:13.760,4.675,500
2020-09-29 09:31:14.330,4.675,3000
2020-09-29 09:31:14.530,4.675,4200
2020-09-29 09:31:14.990,4.676,12000
2020-09-29 09:31:15.050,4.675,1000
2020-09-29 09:31:15.330,4.675,229100
2020-09-29 09:31:15.330,4.675,10000
2020-09-29 09:31:15.510,4.674,500
2020-09-29 09:31:15.510,4.673,9500
2020-09-29 09:31:15.510,4.675,2200
2020-09-29 09:31:15.720,4.675,500
2020-09-29 09:31:15.890,4.673,1500
2020-09-29 09:31:16.460,4.673,500
2020-09-29 09:31:18.040,4.674,10000
2020-09-29 09:31:18.040,4.674,30000
2020-09-29 09:31:18.600,4.673,3000
2020-09-29 09:31:18.670,4.674,10000
2020-09-29 09:31:18.670,4.674,1200
2020-09-29 09:31:18.670,4.674,3000
2020-09-29 09:31:18.670,4.674,2000
2020-09-29 09:31:18.670,4.674,20000
2020-09-29 09:31:18.670,4.675,258200
2020-09-29 09:31:18.670,4.675,5600
2020-09-29 09:31:18.820,4.673,500
2020-09-29 09:31:18.820,4.673,700
2020-09-29 09:31:18.820,4.673,38000
2020-09-29 09:31:19.310,4.674,3000
2020-09-29 09:31:19.370,4.674,1600
2020-09-29 09:31:19.500,4.674,1000
2020-09-29 09:31:19.770,4.674,3000
2020-09-29 09:31:20.440,4.674,30000
2020-09-29 09:31:21.140,4.674,10000
2020-09-29 09:31:21.750,4.674,1400
2020-09-29 09:31:21.750,4.674,4500
2020-09-29 09:31:21.750,4.674,500
2020-09-29 09:31:21.750,4.673,300
2020-09-29 09:31:21.750,4.673,3300
2020-09-29 09:31:21.820,4.674,1500
2020-09-29 09:31:22.120,4.674,2000
2020-09-29 09:31:22.320,4.673,1700
2020-09-29 09:31:22.320,4.673,500
2020-09-29 09:31:22.320,4.672,17800
2020-09-29 09:31:23.250,4.673,200
2020-09-29 09:31:23.250,4.674,800
2020-09-29 09:31:23.950,4.674,1000
2020-09-29 09:31:24.530,4.674,6300
2020-09-29 09:31:24.930,4.674,18400
2020-09-29 09:31:24.930,4.674,1600
2020-09-29 09:31:25.170,4.674,200
2020-09-29 09:31:25.750,4.674,1200
2020-09-29 09:31:25.750,4.674,300
2020-09-29 09:31:25.900,4.673,900
2020-09-29 09:31:25.900,4.672,2100
2020-09-29 09:31:26.730,4.674,600
2020-09-29 09:31:26.730,4.674,1000
2020-09-29 09:31:26.730,4.674,5000
2020-09-29 09:31:26.730,4.674,11000
2020-09-29 09:31:26.910,4.674,20000
2020-09-29 09:31:27.760,4.673,200
2020-09-29 09:31:28.090,4.672,100
2020-09-29 09:31:28.090,4.672,1000
2020-09-29 09:31:28.160,4.672,1000
2020-09-29 09:31:28.450,4.673,200
2020-09-29 09:31:28.690,4.672,1000
2020-09-29 09:31:28.870,4.672,500
2020-09-29 09:31:29.500,4.672,100
2020-09-29 09:31:30.900,4.672,500
2020-09-29 09:31:33.340,4.672,3900
2020-09-29 09:31:33.340,4.672,500
2020-09-29 09:31:33.340,4.672,100
2020-09-29 09:31:33.340,4.672,5500
2020-09-29 09:31:34.230,4.671,1000
2020-09-29 09:31:36.150,4.671,3000
2020-09-29 09:31:36.310,4.672,500
2020-09-29 09:31:36.400,4.672,4000
2020-09-29 09:31:36.400,4.672,300
2020-09-29 09:31:36.400,4.672,10000
2020-09-29 09:31:36.830,4.673,4600
2020-09-29 09:31:36.830,4.673,300
2020-09-29 09:31:37.000,4.672,5700
2020-09-29 09:31:37.830,4.671,5000
2020-09-29 09:31:37.890,4.671,2000
2020-09-29 09:31:38.410,4.67,100
2020-09-29 09:31:38.440,4.67,200
2020-09-29 09:31:38.720,4.67,2500
2020-09-29 09:31:40.320,4.671,4000
2020-09-29 09:31:40.320,4.671,2400
2020-09-29 09:31:40.320,4.671,1000
2020-09-29 09:31:40.320,4.671,2200
2020-09-29 09:31:40.890,4.671,1500
2020-09-29 09:31:40.890,4.671,500
2020-09-29 09:31:40.890,4.671,1000
2020-09-29 09:31:40.980,4.671,600
2020-09-29 09:31:40.980,4.672,4400
2020-09-29 09:31:43.550,4.671,100
2020-09-29 09:31:44.050,4.671,300
2020-09-29 09:31:44.730,4.671,1000
2020-09-29 09:31:45.000,4.671,500
2020-09-29 09:31:45.000,4.671,800
2020-09-29 09:31:45.000,4.671,2200
2020-09-29 09:31:45.490,4.671,25700
2020-09-29 09:31:45.490,4.672,3700
2020-09-29 09:31:45.490,4.672,1000
2020-09-29 09:31:45.490,4.672,4100
2020-09-29 09:31:45.890,4.672,1300
2020-09-29 09:31:45.890,4.672,34000
2020-09-29 09:31:45.890,4.672,100000
2020-09-29 09:31:45.890,4.672,4500
2020-09-29 09:31:45.890,4.672,300
2020-09-29 09:31:45.890,4.672,2500
2020-09-29 09:31:45.890,4.672,8600
2020-09-29 09:31:45.890,4.672,1000
2020-09-29 09:31:45.890,4.673,4700
2020-09-29 09:31:45.890,4.673,500
2020-09-29 09:31:45.890,4.673,1000
2020-09-29 09:31:45.890,4.673,3500
2020-09-29 09:31:45.890,4.673,1000
2020-09-29 09:31:45.890,4.673,500
2020-09-29 09:31:45.890,4.673,5400
2020-09-29 09:31:45.890,4.673,2000
2020-09-29 09:31:45.890,4.673,100000
2020-09-29 09:31:45.890,4.673,200
2020-09-29 09:31:45.890,4.673,200
2020-09-29 09:31:45.890,4.673,20000
2020-09-29 09:31:45.890,4.673,2000
2020-09-29 09:31:45.890,4.673,3000
2020-09-29 09:31:45.890,4.673,24600
2020-09-29 09:31:46.040,4.673,1000
2020-09-29 09:31:46.320,4.672,100
2020-09-29 09:31:46.410,4.67,6000
2020-09-29 09:31:47.080,4.672,100
2020-09-29 09:31:47.140,4.671,12900
2020-09-29 09:31:47.140,4.671,400
2020-09-29 09:31:47.140,4.67,6700
2020-09-29 09:31:47.380,4.67,14900
2020-09-29 09:31:48.980,4.671,700
2020-09-29 09:31:49.100,4.671,19300
2020-09-29 09:31:49.100,4.671,1000
2020-09-29 09:31:49.240,4.671,20000
2020-09-29 09:31:50.270,4.671,10000
2020-09-29 09:31:50.690,4.672,200
2020-09-29 09:31:50.920,4.672,4000
2020-09-29 09:31:51.680,4.67,2000
2020-09-29 09:31:52.020,4.67,3900
2020-09-29 09:31:53.380,4.671,2200
2020-09-29 09:31:53.570,4.671,400
2020-09-29 09:31:54.320,4.67,1000
2020-09-29 09:31:54.640,4.671,3500
2020-09-29 09:31:55.610,4.67,5500
2020-09-29 09:31:55.610,4.67,300
2020-09-29 09:31:55.610,4.67,4200
2020-09-29 09:31:56.540,4.67,700
2020-09-29 09:31:56.600,4.67,5100
2020-09-29 09:31:56.600,4.67,14100
2020-09-29 09:31:56.600,4.67,8000
2020-09-29 09:31:56.600,4.67,1100
2020-09-29 09:31:56.600,4.67,500
2020-09-29 09:31:56.600,4.67,200
2020-09-29 09:31:56.600,4.67,2000
2020-09-29 09:31:56.600,4.67,800
2020-09-29 09:31:56.600,4.67,20000
2020-09-29 09:31:56.600,4.67,1500
2020-09-29 09:31:56.600,4.67,200
2020-09-29 09:31:56.600,4.67,5000
2020-09-29 09:31:56.600,4.67,5000
2020-09-29 09:31:56.600,4.67,200
2020-09-29 09:31:56.600,4.67,5000
2020-09-29 09:31:56.600,4.67,100
2020-09-29 09:31:56.600,4.67,1000
2020-09-29 09:31:56.600,4.67,10000
2020-09-29 09:31:56.600,4.67,300
2020-09-29 09:31:56.600,4.67,100
2020-09-29 09:31:56.600,4.67,1000
2020-09-29 09:31:56.600,4.67,10000
2020-09-29 09:31:56.600,4.67,5000
2020-09-29 09:31:56.600,4.67,10000
2020-09-29 09:31:56.600,4.67,20000
2020-09-29 09:31:56.600,4.67,500
2020-09-29 09:31:56.600,4.67,2000
2020-09-29 09:31:56.600,4.67,9700
2020-09-29 09:31:56.600,4.67,100000
2020-09-29 09:31:56.780,4.67,1600
2020-09-29 09:31:56.780,4.67,1400
2020-09-29 09:31:57.290,4.67,100
2020-09-29 09:31:57.490,4.67,3500
2020-09-29 09:31:57.490,4.67,1500
2020-09-29 09:31:58.040,4.67,200
2020-09-29 09:31:59.150,4.67,2800
2020-09-29 09:31:59.150,4.67,97200
2020-09-29 09:31:59.760,4.67,2000
2020-09-29 09:32:00.150,4.67,800
2020-09-29 09:32:00.150,4.67,2000
2020-09-29 09:32:00.340,4.67,3000
2020-09-29 09:32:00.340,4.67,27000
2020-09-29 09:32:00.370,4.67,1200
2020-09-29 09:32:01.060,4.67,1200
2020-09-29 09:32:01.190,4.669,3000
2020-09-29 09:32:01.990,4.669,5600
2020-09-29 09:32:01.990,4.669,100
2020-09-29 09:32:01.990,4.669,200
2020-09-29 09:32:01.990,4.669,300
2020-09-29 09:32:01.990,4.669,1000
2020-09-29 09:32:01.990,4.669,600
2020-09-29 09:32:01.990,4.669,9200
2020-09-29 09:32:02.730,4.67,1700
2020-09-29 09:32:02.730,4.67,100
2020-09-29 09:32:02.730,4.67,900
2020-09-29 09:32:02.730,4.67,2200
2020-09-29 09:32:02.790,4.67,1200
2020-09-29 09:32:03.040,4.67,100000
2020-09-29 09:32:03.160,4.67,30000
2020-09-29 09:32:04.310,4.67,300
2020-09-29 09:32:04.340,4.669,5000
2020-09-29 09:32:04.920,4.669,1000
2020-09-29 09:32:05.390,4.669,9700
2020-09-29 09:32:05.430,4.67,200
2020-09-29 09:32:05.430,4.67,200
2020-09-29 09:32:06.030,4.67,1800
2020-09-29 09:32:06.030,4.67,5000
2020-09-29 09:32:06.030,4.67,23200
2020-09-29 09:32:06.090,4.67,10000
2020-09-29 09:32:06.210,4.67,1800
2020-09-29 09:32:06.210,4.67,2900
2020-09-29 09:32:06.210,4.67,5000
2020-09-29 09:32:06.240,4.67,5000
2020-09-29 09:32:06.940,4.67,300
2020-09-29 09:32:07.000,4.67,1000
2020-09-29 09:32:07.040,4.67,2000
2020-09-29 09:32:07.510,4.67,1000
2020-09-29 09:32:07.570,4.67,15900
2020-09-29 09:32:07.730,4.671,1100
2020-09-29 09:32:07.910,4.67,5000
2020-09-29 09:32:08.140,4.67,10000
2020-09-29 09:32:08.500,4.67,1000
2020-09-29 09:32:08.610,4.67,10000
2020-09-29 09:32:08.610,4.67,400
2020-09-29 09:32:08.790,4.671,1000
2020-09-29 09:32:09.060,4.671,16800
2020-09-29 09:32:09.060,4.671,3000
2020-09-29 09:32:09.060,4.671,3700
2020-09-29 09:32:09.060,4.671,10000
2020-09-29 09:32:09.060,4.671,2000
2020-09-29 09:32:09.060,4.671,1000
2020-09-29 09:32:09.060,4.671,4700
2020-09-29 09:32:09.060,4.671,5000
2020-09-29 09:32:09.060,4.671,13800
2020-09-29 09:32:09.280,4.671,36200
2020-09-29 09:32:09.280,4.671,5000
2020-09-29 09:32:09.600,4.671,10000
2020-09-29 09:32:10.750,4.671,5000
2020-09-29 09:32:11.660,4.67,3000
2020-09-29 09:32:12.260,4.67,1000
2020-09-29 09:32:12.350,4.67,20000
2020-09-29 09:32:12.350,4.67,4900
2020-09-29 09:32:12.720,4.67,5000
2020-09-29 09:32:13.350,4.67,1000
2020-09-29 09:32:13.610,4.67,5000
2020-09-29 09:32:13.740,4.67,100
2020-09-29 09:32:13.920,4.67,1000
2020-09-29 09:32:14.520,4.671,3000
2020-09-29 09:32:14.790,4.67,1000
2020-09-29 09:32:15.890,4.67,800
2020-09-29 09:32:15.920,4.671,5800
2020-09-29 09:32:16.540,4.671,500
2020-09-29 09:32:17.230,4.671,500
2020-09-29 09:32:17.540,4.67,500
2020-09-29 09:32:17.690,4.671,100
2020-09-29 09:32:22.200,4.671,600
2020-09-29 09:32:22.200,4.671,200
2020-09-29 09:32:22.200,4.671,1000
2020-09-29 09:32:22.200,4.671,1800
2020-09-29 09:32:22.740,4.67,10000
2020-09-29 09:32:22.740,4.67,2200
2020-09-29 09:32:22.890,4.67,2000
2020-09-29 09:32:22.950,4.67,5600
2020-09-29 09:32:23.070,4.67,10000
2020-09-29 09:32:23.130,4.67,10000
2020-09-29 09:32:23.130,4.67,90000
2020-09-29 09:32:23.960,4.67,10000
2020-09-29 09:32:24.210,4.67,900
2020-09-29 09:32:24.360,4.671,8200
2020-09-29 09:32:24.360,4.671,2000
2020-09-29 09:32:24.360,4.671,2200
2020-09-29 09:32:24.360,4.671,1700
2020-09-29 09:32:24.360,4.671,5900
2020-09-29 09:32:24.550,4.67,54700
2020-09-29 09:32:24.550,4.67,45300
2020-09-29 09:32:25.850,4.671,7500
2020-09-29 09:32:25.850,4.671,1200
2020-09-29 09:32:25.850,4.671,11300
2020-09-29 09:32:26.090,4.67,1000
2020-09-29 09:32:26.750,4.67,1000
2020-09-29 09:32:27.570,4.67,1100
2020-09-29 09:32:27.570,4.671,1900
2020-09-29 09:32:27.820,4.671,6800
2020-09-29 09:32:27.820,4.671,2100
2020-09-29 09:32:27.820,4.671,1000
2020-09-29 09:32:27.820,4.671,100
2020-09-29 09:32:28.880,4.67,22000
2020-09-29 09:32:29.640,4.67,4000
2020-09-29 09:32:29.700,4.671,400
2020-09-29 09:32:29.700,4.671,100
2020-09-29 09:32:29.700,4.671,4600
2020-09-29 09:32:29.700,4.671,2000
2020-09-29 09:32:30.030,4.671,2900
2020-09-29 09:32:30.030,4.67,25600
2020-09-29 09:32:30.030,4.67,100
2020-09-29 09:32:30.030,4.67,3600
2020-09-29 09:32:30.540,4.671,1000
2020-09-29 09:32:30.540,4.671,2000
2020-09-29 09:32:30.540,4.67,1400
2020-09-29 09:32:30.540,4.67,10000
2020-09-29 09:32:30.540,4.67,5000
2020-09-29 09:32:30.540,4.67,700
2020-09-29 09:32:30.540,4.67,3900
2020-09-29 09:32:30.680,4.672,2000
2020-09-29 09:32:31.800,4.671,3200
2020-09-29 09:32:31.860,4.671,1800
2020-09-29 09:32:31.860,4.671,200
2020-09-29 09:32:32.410,4.671,5000
2020-09-29 09:32:32.660,4.671,27800
2020-09-29 09:32:34.020,4.671,1100
2020-09-29 09:32:34.020,4.671,4900
2020-09-29 09:32:34.450,4.671,500
2020-09-29 09:32:35.060,4.67,300
2020-09-29 09:32:35.060,4.67,700
2020-09-29 09:32:35.060,4.67,20000
2020-09-29 09:32:35.060,4.67,79000
2020-09-29 09:32:35.060,4.67,21000
2020-09-29 09:32:35.060,4.67,20000
2020-09-29 09:32:35.060,4.67,3000
2020-09-29 09:32:35.060,4.67,45000
2020-09-29 09:32:36.120,4.67,10000
2020-09-29 09:32:36.770,4.669,10100
2020-09-29 09:32:36.770,4.669,3000
2020-09-29 09:32:36.770,4.669,6900
2020-09-29 09:32:37.860,4.67,400
2020-09-29 09:32:37.860,4.67,100
2020-09-29 09:32:38.330,4.67,1000
2020-09-29 09:32:40.360,4.67,500
2020-09-29 09:32:40.360,4.67,500
2020-09-29 09:32:40.710,4.669,1000
2020-09-29 09:32:40.880,4.67,1000
2020-09-29 09:32:41.580,4.67,800
2020-09-29 09:32:41.580,4.67,3700
2020-09-29 09:32:41.640,4.67,500
2020-09-29 09:32:42.100,4.669,600
2020-09-29 09:32:42.190,4.669,700
2020-09-29 09:32:42.890,4.67,100
2020-09-29 09:32:43.070,4.669,100
2020-09-29 09:32:44.110,4.669,10700
2020-09-29 09:32:44.110,4.669,5000
2020-09-29 09:32:44.110,4.669,1100
2020-09-29 09:32:44.110,4.669,500
2020-09-29 09:32:44.110,4.669,5000
2020-09-29 09:32:44.110,4.669,2000
2020-09-29 09:32:44.110,4.669,10000
2020-09-29 09:32:44.110,4.669,1000
2020-09-29 09:32:44.110,4.669,7300
2020-09-29 09:32:44.110,4.669,10000
2020-09-29 09:32:44.110,4.669,100000
2020-09-29 09:32:44.670,4.669,9900
2020-09-29 09:32:44.820,4.669,600
2020-09-29 09:32:46.750,4.668,1000
2020-09-29 09:32:47.790,4.669,100
2020-09-29 09:32:47.910,4.669,29600
2020-09-29 09:32:50.980,4.669,5000
2020-09-29 09:32:51.220,4.669,5000
2020-09-29 09:32:51.410,4.668,3000
2020-09-29 09:32:51.410,4.668,3000
2020-09-29 09:32:51.410,4.668,2000
2020-09-29 09:32:51.410,4.668,100
2020-09-29 09:32:51.730,4.668,10000
2020-09-29 09:32:51.820,4.668,100
2020-09-29 09:32:53.070,4.667,600
2020-09-29 09:32:53.270,4.667,100
2020-09-29 09:32:53.270,4.667,4600
2020-09-29 09:32:55.150,4.667,400
2020-09-29 09:32:55.150,4.667,1000
2020-09-29 09:32:55.150,4.667,1600
2020-09-29 09:32:55.440,4.668,100
2020-09-29 09:32:56.760,4.667,500
2020-09-29 09:32:56.790,4.668,200
2020-09-29 09:32:57.060,4.667,7900
2020-09-29 09:32:57.060,4.667,700
2020-09-29 09:32:57.060,4.667,7800
2020-09-29 09:32:57.060,4.667,1100
2020-09-29 09:32:57.060,4.667,5000
2020-09-29 09:32:57.060,4.667,2000
2020-09-29 09:32:57.340,4.667,2000
2020-09-29 09:32:57.490,4.667,4500
2020-09-29 09:32:57.530,4.667,1000
2020-09-29 09:32:57.710,4.667,10000
2020-09-29 09:32:58.400,4.666,1100
2020-09-29 09:32:58.400,4.666,500
2020-09-29 09:32:58.400,4.666,500
2020-09-29 09:32:58.400,4.666,1000
2020-09-29 09:32:58.400,4.666,1000
2020-09-29 09:32:58.400,4.666,300
2020-09-29 09:32:58.400,4.666,100
2020-09-29 09:32:58.400,4.666,100
2020-09-29 09:32:58.400,4.666,100
2020-09-29 09:32:58.400,4.666,5300
2020-09-29 09:32:58.430,4.667,500
2020-09-29 09:32:58.430,4.668,2600
2020-09-29 09:32:58.430,4.668,400
2020-09-29 09:32:58.430,4.668,2500
2020-09-29 09:32:59.600,4.667,5200
2020-09-29 09:33:00.020,4.667,5000
2020-09-29 09:33:00.240,4.667,200
2020-09-29 09:33:00.360,4.667,500
2020-09-29 09:33:00.740,4.667,54400
2020-09-29 09:33:01.040,4.667,10000
2020-09-29 09:33:01.400,4.667,9700
2020-09-29 09:33:01.400,4.667,100
2020-09-29 09:33:01.610,4.667,6000
2020-09-29 09:33:01.830,4.667,33000
2020-09-29 09:33:02.020,4.668,5400
2020-09-29 09:33:02.020,4.668,10000
2020-09-29 09:33:02.020,4.668,1600
2020-09-29 09:33:02.020,4.668,1000
2020-09-29 09:33:02.020,4.668,100
2020-09-29 09:33:02.020,4.668,2900
2020-09-29 09:33:02.020,4.668,1000
2020-09-29 09:33:02.020,4.668,500
2020-09-29 09:33:02.020,4.668,5000
2020-09-29 09:33:02.020,4.669,300
2020-09-29 09:33:02.820,4.668,800
2020-09-29 09:33:02.820,4.669,9200
2020-09-29 09:33:03.030,4.668,3400
2020-09-29 09:33:03.030,4.667,16600
2020-09-29 09:33:03.220,4.667,4000
2020-09-29 09:33:04.820,4.667,2000
2020-09-29 09:33:05.160,4.668,4000
2020-09-29 09:33:05.160,4.668,1000
2020-09-29 09:33:05.160,4.668,1000
2020-09-29 09:33:05.160,4.669,7300
2020-09-29 09:33:05.910,4.667,6900
2020-09-29 09:33:06.260,4.667,2000
2020-09-29 09:33:07.020,4.667,20000
2020-09-29 09:33:07.060,4.667,200
2020-09-29 09:33:07.460,4.667,2000
2020-09-29 09:33:07.500,4.667,1000
2020-09-29 09:33:07.680,4.667,5000
2020-09-29 09:33:07.870,4.667,5000
2020-09-29 09:33:08.740,4.668,2000
2020-09-29 09:33:08.740,4.668,100
2020-09-29 09:33:08.780,4.668,2500
2020-09-29 09:33:08.810,4.669,5000
2020-09-29 09:33:09.070,4.668,100
2020-09-29 09:33:09.590,4.668,1000
2020-09-29 09:33:09.590,4.668,600
2020-09-29 09:33:09.810,4.668,3700
2020-09-29 09:33:09.810,4.667,107200
2020-09-29 09:33:09.810,4.667,100
2020-09-29 09:33:09.810,4.667,5000
2020-09-29 09:33:10.180,4.666,2000
2020-09-29 09:33:10.890,4.667,200
2020-09-29 09:33:10.890,4.668,300
2020-09-29 09:33:11.370,4.667,1700
2020-09-29 09:33:12.290,4.667,2600
2020-09-29 09:33:13.060,4.667,2400
2020-09-29 09:33:13.060,4.667,3000
2020-09-29 09:33:13.060,4.667,2200
2020-09-29 09:33:13.060,4.668,99700
2020-09-29 09:33:13.060,4.668,300
2020-09-29 09:33:13.240,4.667,1400
2020-09-29 09:33:13.900,4.667,50000
2020-09-29 09:33:13.900,4.668,4200
2020-09-29 09:33:14.360,4.667,41000
2020-09-29 09:33:14.360,4.667,14000
2020-09-29 09:33:14.510,4.667,6000
2020-09-29 09:33:14.660,4.667,20000
2020-09-29 09:33:14.780,4.667,1000
2020-09-29 09:33:15.110,4.667,3000
2020-09-29 09:33:15.270,4.667,20000
2020-09-29 09:33:15.330,4.667,2000
2020-09-29 09:33:15.910,4.667,5000
2020-09-29 09:33:16.000,4.668,10000
2020-09-29 09:33:17.160,4.667,400
2020-09-29 09:33:18.130,4.668,1000
2020-09-29 09:33:18.130,4.667,3000
2020-09-29 09:33:18.300,4.667,11000
2020-09-29 09:33:19.070,4.668,10000
2020-09-29 09:33:19.070,4.668,2000
2020-09-29 09:33:19.070,4.668,68000
2020-09-29 09:33:19.330,4.667,5000
2020-09-29 09:33:19.730,4.667,6700
2020-09-29 09:33:19.920,4.668,10000
2020-09-29 09:33:19.980,4.668,22000
2020-09-29 09:33:19.980,4.668,1000
2020-09-29 09:33:20.490,4.669,55400
2020-09-29 09:33:20.490,4.669,1700
2020-09-29 09:33:20.490,4.669,1000
2020-09-29 09:33:20.490,4.669,4900
2020-09-29 09:33:20.490,4.669,37000
2020-09-29 09:33:20.680,4.668,5000
2020-09-29 09:33:21.000,4.668,6500
2020-09-29 09:33:21.050,4.668,2000
2020-09-29 09:33:21.680,4.668,5000
2020-09-29 09:33:22.180,4.668,900
2020-09-29 09:33:24.060,4.669,100
2020-09-29 09:33:24.150,4.669,200
2020-09-29 09:33:24.860,4.669,5000
2020-09-29 09:33:25.460,4.668,7600
2020-09-29 09:33:25.460,4.668,6400
2020-09-29 09:33:25.460,4.668,197900
2020-09-29 09:33:26.910,4.668,1000
2020-09-29 09:33:27.690,4.669,1800
2020-09-29 09:33:27.690,4.669,500
2020-09-29 09:33:27.690,4.67,100
2020-09-29 09:33:30.020,4.668,2100
2020-09-29 09:33:30.150,4.668,2000
2020-09-29 09:33:30.150,4.668,3000
2020-09-29 09:33:30.670,4.669,400
2020-09-29 09:33:31.280,4.668,5000
2020-09-29 09:33:31.690,4.668,2500
2020-09-29 09:33:31.780,4.669,200
2020-09-29 09:33:32.330,4.668,21700
2020-09-29 09:33:32.330,4.668,2200
2020-09-29 09:33:32.330,4.668,1000
2020-09-29 09:33:32.330,4.668,100
2020-09-29 09:33:33.050,4.668,9700
2020-09-29 09:33:33.050,4.668,1000
2020-09-29 09:33:33.050,4.668,10000
2020-09-29 09:33:33.050,4.668,30000
2020-09-29 09:33:33.050,4.668,13000
2020-09-29 09:33:34.240,4.669,2100
2020-09-29 09:33:34.930,4.669,3000
2020-09-29 09:33:36.310,4.668,6200
2020-09-29 09:33:36.670,4.669,2700
2020-09-29 09:33:36.810,4.668,1000
2020-09-29 09:33:39.610,4.669,1500
2020-09-29 09:33:40.150,4.668,2800
2020-09-29 09:33:40.930,4.667,2000
2020-09-29 09:33:42.860,4.667,1200
2020-09-29 09:33:42.920,4.667,100
2020-09-29 09:33:42.920,4.667,17900
2020-09-29 09:33:43.110,4.668,15200
2020-09-29 09:33:43.110,4.668,10000
2020-09-29 09:33:43.110,4.668,700
2020-09-29 09:33:43.260,4.668,4200
2020-09-29 09:33:44.600,4.668,3900
2020-09-29 09:33:45.570,4.668,3000
2020-09-29 09:33:45.920,4.668,2000
2020-09-29 09:33:46.730,4.669,100
2020-09-29 09:33:47.270,4.669,1000
2020-09-29 09:33:48.170,4.668,500
2020-09-29 09:33:50.470,4.669,400
2020-09-29 09:33:50.610,4.669,3000
2020-09-29 09:33:51.410,4.668,5000
2020-09-29 09:33:51.790,4.668,9500
2020-09-29 09:33:51.790,4.668,2500
2020-09-29 09:33:51.790,4.668,8000
2020-09-29 09:33:52.090,4.668,300
2020-09-29 09:33:52.660,4.669,7000
2020-09-29 09:33:52.660,4.669,100
2020-09-29 09:33:52.660,4.669,2200
2020-09-29 09:33:52.660,4.669,700
2020-09-29 09:33:52.810,4.669,600
2020-09-29 09:33:53.190,4.669,200
2020-09-29 09:33:53.550,4.668,2100
2020-09-29 09:33:54.860,4.669,1900
2020-09-29 09:33:54.860,4.669,2000
2020-09-29 09:33:54.860,4.669,400
2020-09-29 09:33:56.360,4.669,200
2020-09-29 09:33:56.420,4.669,9400
2020-09-29 09:33:56.420,4.669,600
2020-09-29 09:33:56.450,4.669,400
2020-09-29 09:33:56.450,4.669,49600
2020-09-29 09:33:56.450,4.669,100000
2020-09-29 09:33:56.450,4.669,20000
2020-09-29 09:33:57.070,4.668,10100
2020-09-29 09:33:57.610,4.669,10000
2020-09-29 09:33:57.640,4.668,10000
2020-09-29 09:33:57.700,4.668,100
2020-09-29 09:33:58.730,4.668,69400
2020-09-29 09:33:58.730,4.668,300
2020-09-29 09:33:58.730,4.668,2000
2020-09-29 09:33:58.730,4.668,300
2020-09-29 09:33:58.730,4.668,1000
2020-09-29 09:33:58.730,4.668,10000
2020-09-29 09:33:58.730,4.668,5000
2020-09-29 09:33:58.910,4.668,14000
2020-09-29 09:33:59.510,4.668,1000
2020-09-29 09:33:59.980,4.668,2000
2020-09-29 09:34:00.710,4.668,1000
2020-09-29 09:34:01.700,4.668,2000
2020-09-29 09:34:01.840,4.668,100000
2020-09-29 09:34:03.350,4.668,1400
2020-09-29 09:34:07.240,4.668,10000
2020-09-29 09:34:09.960,4.667,1700
2020-09-29 09:34:10.080,4.667,10400
2020-09-29 09:34:10.080,4.667,1000
2020-09-29 09:34:10.080,4.667,1100
2020-09-29 09:34:12.340,4.667,600
2020-09-29 09:34:13.140,4.667,3300
2020-09-29 09:34:13.140,4.667,20000
2020-09-29 09:34:13.140,4.667,1000
2020-09-29 09:34:13.140,4.667,5400
2020-09-29 09:34:13.140,4.667,1000
2020-09-29 09:34:13.140,4.667,19300
2020-09-29 09:34:13.340,4.668,2700
2020-09-29 09:34:13.470,4.668,400
2020-09-29 09:34:13.470,4.668,200
2020-09-29 09:34:13.740,4.668,12400
2020-09-29 09:34:14.810,4.668,20000
2020-09-29 09:34:14.900,4.668,400
2020-09-29 09:34:15.000,4.668,1000
2020-09-29 09:34:15.210,4.667,30700
2020-09-29 09:34:15.210,4.667,5700
2020-09-29 09:34:15.210,4.667,5100
2020-09-29 09:34:15.210,4.667,300
2020-09-29 09:34:15.210,4.666,2700
2020-09-29 09:34:15.210,4.666,1000
2020-09-29 09:34:15.210,4.666,1000
2020-09-29 09:34:15.210,4.666,2000
2020-09-29 09:34:15.210,4.666,1500
2020-09-29 09:34:15.210,4.666,10000
2020-09-29 09:34:15.210,4.666,200
2020-09-29 09:34:15.210,4.666,5000
2020-09-29 09:34:15.210,4.666,600
2020-09-29 09:34:15.210,4.666,1000
2020-09-29 09:34:15.210,4.666,4000
2020-09-29 09:34:15.210,4.666,3000
2020-09-29 09:34:15.210,4.666,200
2020-09-29 09:34:15.210,4.666,2100
2020-09-29 09:34:15.210,4.666,23900
2020-09-29 09:34:15.330,4.667,200
2020-09-29 09:34:16.210,4.667,12500
2020-09-29 09:34:17.010,4.667,5000
2020-09-29 09:34:19.330,4.667,1100
2020-09-29 09:34:19.330,4.667,700
2020-09-29 09:34:22.700,4.666,45000
2020-09-29 09:34:23.470,4.666,10000
2020-09-29 09:34:23.870,4.667,5000
2020-09-29 09:34:23.990,4.667,1700
2020-09-29 09:34:24.170,4.667,2600
2020-09-29 09:34:24.170,4.667,100
2020-09-29 09:34:24.170,4.667,3000
2020-09-29 09:34:24.170,4.667,100
2020-09-29 09:34:24.170,4.667,3000
2020-09-29 09:34:25.190,4.667,4000
2020-09-29 09:34:25.300,4.667,4700
2020-09-29 09:34:25.330,4.668,2200
2020-09-29 09:34:25.730,4.667,32500
2020-09-29 09:34:25.730,4.667,2000
2020-09-29 09:34:27.480,4.666,2500
2020-09-29 09:34:27.510,4.666,5700
2020-09-29 09:34:27.750,4.668,111300
2020-09-29 09:34:27.750,4.668,2100
2020-09-29 09:34:27.750,4.668,4500
2020-09-29 09:34:27.750,4.668,4500
2020-09-29 09:34:27.750,4.668,50000
2020-09-29 09:34:27.750,4.668,1000
2020-09-29 09:34:27.750,4.668,10000
2020-09-29 09:34:27.750,4.668,4800
2020-09-29 09:34:27.750,4.668,100000
2020-09-29 09:34:27.750,4.668,300000
2020-09-29 09:34:27.750,4.668,315000
2020-09-29 09:34:27.750,4.668,8200
2020-09-29 09:34:28.120,4.668,1000
2020-09-29 09:34:28.490,4.668,200
2020-09-29 09:34:28.590,4.668,87400
2020-09-29 09:34:28.590,4.668,200
2020-09-29 09:34:28.590,4.667,1200
2020-09-29 09:34:28.590,4.666,12900
2020-09-29 09:34:28.590,4.666,200
2020-09-29 09:34:28.590,4.666,300
2020-09-29 09:34:28.590,4.666,1000
2020-09-29 09:34:30.800,4.666,50000
2020-09-29 09:34:31.300,4.666,1000
2020-09-29 09:34:31.960,4.666,20000
2020-09-29 09:34:33.030,4.666,125800
2020-09-29 09:34:33.030,4.666,10000
2020-09-29 09:34:33.030,4.667,3000
2020-09-29 09:34:33.030,4.667,2000
2020-09-29 09:34:33.030,4.667,4300
2020-09-29 09:34:33.030,4.667,10000
2020-09-29 09:34:33.630,4.667,10000
2020-09-29 09:34:34.610,4.667,59700
2020-09-29 09:34:34.610,4.667,7000
2020-09-29 09:34:34.890,4.667,1400
2020-09-29 09:34:35.610,4.667,300
2020-09-29 09:34:35.940,4.665,1100
2020-09-29 09:34:35.940,4.665,2000
2020-09-29 09:34:35.940,4.665,1000
2020-09-29 09:34:35.940,4.665,4200
2020-09-29 09:34:39.140,4.666,10000
2020-09-29 09:34:39.140,4.667,3000
2020-09-29 09:34:39.510,4.667,1000
2020-09-29 09:34:39.890,4.667,2200
2020-09-29 09:34:40.200,4.668,300
2020-09-29 09:34:40.200,4.668,300
2020-09-29 09:34:40.200,4.668,500
2020-09-29 09:34:40.200,4.668,1000
2020-09-29 09:34:40.200,4.668,900
2020-09-29 09:34:40.670,4.667,93800
2020-09-29 09:34:43.090,4.667,900
2020-09-29 09:34:43.090,4.667,1000
2020-09-29 09:34:43.090,4.668,48100
2020-09-29 09:34:44.850,4.667,300
2020-09-29 09:34:45.770,4.667,20400
2020-09-29 09:34:47.320,4.665,800
2020-09-29 09:34:47.320,4.665,300
2020-09-29 09:34:47.320,4.665,3000
2020-09-29 09:34:47.320,4.665,15900
2020-09-29 09:34:47.620,4.666,400
2020-09-29 09:34:47.620,4.666,4800
2020-09-29 09:34:47.620,4.667,4800
2020-09-29 09:34:49.140,4.667,10000
2020-09-29 09:34:49.140,4.667,20000
2020-09-29 09:34:49.140,4.667,44500
2020-09-29 09:34:49.140,4.667,1000
2020-09-29 09:34:49.140,4.667,1000
2020-09-29 09:34:49.140,4.667,23500
2020-09-29 09:34:49.360,4.667,200
2020-09-29 09:34:49.580,4.666,10000
2020-09-29 09:34:49.700,4.666,1000
2020-09-29 09:34:49.970,4.666,2000
2020-09-29 09:34:51.190,4.667,9700
2020-09-29 09:34:51.190,4.667,15400
2020-09-29 09:34:51.190,4.667,3500
2020-09-29 09:34:51.590,4.667,5000
2020-09-29 09:34:51.740,4.667,1700
2020-09-29 09:34:52.110,4.668,2100
2020-09-29 09:34:52.110,4.668,27900
2020-09-29 09:34:52.110,4.668,15400
2020-09-29 09:34:52.110,4.668,1000
2020-09-29 09:34:52.110,4.668,20000
2020-09-29 09:34:52.110,4.668,3000
2020-09-29 09:34:52.110,4.668,1000
2020-09-29 09:34:52.110,4.668,10000
2020-09-29 09:34:52.110,4.668,1000
2020-09-29 09:34:52.110,4.668,28600
2020-09-29 09:34:52.360,4.667,300
2020-09-29 09:34:52.730,4.666,5000
2020-09-29 09:34:53.990,4.666,25600
2020-09-29 09:34:54.330,4.666,100
2020-09-29 09:34:54.540,4.667,1100
2020-09-29 09:34:55.860,4.667,10000
2020-09-29 09:34:56.520,4.666,1500
2020-09-29 09:34:56.550,4.667,100
2020-09-29 09:34:56.970,4.666,2400
2020-09-29 09:34:57.790,4.667,4700
2020-09-29 09:34:58.330,4.666,1000
2020-09-29 09:34:58.430,4.667,1000
2020-09-29 09:34:58.740,4.666,1500
2020-09-29 09:34:59.240,4.666,700
2020-09-29 09:34:59.300,4.666,4000
2020-09-29 09:34:59.840,4.666,8200
2020-09-29 09:34:59.840,4.666,500
2020-09-29 09:34:59.840,4.666,3100
2020-09-29 09:35:00.340,4.667,100
2020-09-29 09:35:00.370,4.667,500
2020-09-29 09:35:00.410,4.667,300
2020-09-29 09:35:01.010,4.666,100
2020-09-29 09:35:01.250,4.667,100
2020-09-29 09:35:02.300,4.666,1800
2020-09-29 09:35:02.610,4.666,200
2020-09-29 09:35:02.610,4.667,7100
2020-09-29 09:35:02.610,4.667,2700
2020-09-29 09:35:02.610,4.665,100
2020-09-29 09:35:03.820,4.667,10000
2020-09-29 09:35:03.820,4.667,1300
2020-09-29 09:35:03.820,4.667,5000
2020-09-29 09:35:03.820,4.667,3700
2020-09-29 09:35:03.820,4.667,6300
2020-09-29 09:35:03.820,4.667,5000
2020-09-29 09:35:03.820,4.667,800
2020-09-29 09:35:03.820,4.667,7900
2020-09-29 09:35:03.820,4.667,5800
2020-09-29 09:35:03.820,4.667,500
2020-09-29 09:35:03.820,4.667,100
2020-09-29 09:35:03.820,4.667,3600
2020-09-29 09:35:04.150,4.667,200
2020-09-29 09:35:04.270,4.667,1700
2020-09-29 09:35:04.950,4.667,40000
2020-09-29 09:35:05.110,4.667,4500
2020-09-29 09:35:05.110,4.667,2600
2020-09-29 09:35:06.030,4.667,5000
2020-09-29 09:35:06.750,4.667,2000
2020-09-29 09:35:06.780,4.668,20000
2020-09-29 09:35:09.840,4.668,1400
2020-09-29 09:35:09.840,4.668,8600
2020-09-29 09:35:10.090,4.668,1000
2020-09-29 09:35:10.780,4.668,100
2020-09-29 09:35:10.800,4.667,7300
2020-09-29 09:35:10.800,4.667,100
2020-09-29 09:35:10.800,4.666,500
2020-09-29 09:35:10.800,4.666,33400
2020-09-29 09:35:11.630,4.666,100
2020-09-29 09:35:16.250,4.667,100000
2020-09-29 09:35:16.250,4.668,300
2020-09-29 09:35:16.250,4.668,1400
2020-09-29 09:35:16.250,4.668,5000
2020-09-29 09:35:16.250,4.668,3000
2020-09-29 09:35:16.250,4.668,2400
2020-09-29 09:35:16.250,4.668,2200
2020-09-29 09:35:16.250,4.668,5000
2020-09-29 09:35:16.250,4.668,5000
2020-09-29 09:35:16.250,4.668,13300
2020-09-29 09:35:16.760,4.666,1000
2020-09-29 09:35:16.760,4.666,300
2020-09-29 09:35:18.510,4.667,400
2020-09-29 09:35:18.970,4.667,2000
2020-09-29 09:35:18.970,4.667,5800
2020-09-29 09:35:19.590,4.668,1100
2020-09-29 09:35:19.740,4.668,21500
2020-09-29 09:35:21.000,4.668,4100
2020-09-29 09:35:23.480,4.668,26300
2020-09-29 09:35:24.770,4.668,100
2020-09-29 09:35:24.950,4.667,1000
2020-09-29 09:35:24.950,4.667,800
2020-09-29 09:35:24.950,4.667,2000
2020-09-29 09:35:28.380,4.667,80000
2020-09-29 09:35:28.730,4.667,20000
2020-09-29 09:35:28.760,4.667,10000
2020-09-29 09:35:29.430,4.666,200
2020-09-29 09:35:29.640,4.667,100000
2020-09-29 09:35:29.640,4.667,70000
2020-09-29 09:35:30.440,4.667,100
2020-09-29 09:35:30.910,4.666,5000
2020-09-29 09:35:31.180,4.666,100
2020-09-29 09:35:31.330,4.666,200
2020-09-29 09:35:31.450,4.666,900
2020-09-29 09:35:32.200,4.666,300
2020-09-29 09:35:32.200,4.666,400
2020-09-29 09:35:32.200,4.666,3000
2020-09-29 09:35:32.200,4.666,20000
2020-09-29 09:35:32.200,4.666,3000
2020-09-29 09:35:32.200,4.666,8000
2020-09-29 09:35:32.200,4.666,2000
2020-09-29 09:35:32.200,4.666,100000
2020-09-29 09:35:32.200,4.666,63300
2020-09-29 09:35:32.760,4.666,100
2020-09-29 09:35:32.870,4.667,16100
2020-09-29 09:35:32.870,4.667,700
2020-09-29 09:35:32.870,4.667,1000
2020-09-29 09:35:32.870,4.667,12200
2020-09-29 09:35:33.100,4.666,3000
2020-09-29 09:35:33.670,4.666,2000
2020-09-29 09:35:33.910,4.667,17800
2020-09-29 09:35:33.910,4.667,300
2020-09-29 09:35:35.510,4.667,1900
2020-09-29 09:35:36.050,4.667,6200
2020-09-29 09:35:36.180,4.667,5000
2020-09-29 09:35:36.750,4.668,200
2020-09-29 09:35:38.510,4.667,2500
2020-09-29 09:35:39.120,4.667,26300
2020-09-29 09:35:39.120,4.667,100
2020-09-29 09:35:39.120,4.667,10000
2020-09-29 09:35:39.120,4.667,100
2020-09-29 09:35:39.120,4.667,2100
2020-09-29 09:35:39.120,4.666,31600
2020-09-29 09:35:39.120,4.666,2000
2020-09-29 09:35:39.120,4.666,20000
2020-09-29 09:35:39.120,4.666,7800
2020-09-29 09:35:40.820,4.667,100
2020-09-29 09:35:40.980,4.667,10000
2020-09-29 09:35:43.460,4.667,3400
2020-09-29 09:35:43.740,4.667,10000
2020-09-29 09:35:43.770,4.667,300
2020-09-29 09:35:43.870,4.667,3000
2020-09-29 09:35:44.460,4.667,5000
2020-09-29 09:35:46.590,4.667,1000
2020-09-29 09:35:47.390,4.667,1000
2020-09-29 09:35:47.580,4.666,1000
2020-09-29 09:35:47.640,4.666,2500
2020-09-29 09:35:49.600,4.666,3000
2020-09-29 09:35:50.480,4.666,5000
2020-09-29 09:35:50.930,4.666,400
2020-09-29 09:35:50.930,4.666,4600
2020-09-29 09:35:51.320,4.666,10400
2020-09-29 09:35:51.320,4.666,4300
2020-09-29 09:35:51.320,4.666,800
2020-09-29 09:35:51.320,4.666,2200
2020-09-29 09:35:51.320,4.666,10000
2020-09-29 09:35:51.320,4.666,1000
2020-09-29 09:35:51.320,4.666,9800
2020-09-29 09:35:51.320,4.665,20000
2020-09-29 09:35:51.930,4.666,5000
2020-09-29 09:35:52.210,4.666,10000
2020-09-29 09:35:52.270,4.666,2000
2020-09-29 09:35:53.050,4.666,500
2020-09-29 09:35:53.260,4.665,14000
2020-09-29 09:35:53.260,4.665,100
2020-09-29 09:35:53.260,4.665,10000
2020-09-29 09:35:53.260,4.665,1000
2020-09-29 09:35:53.260,4.665,2000
2020-09-29 09:35:53.260,4.665,3000
2020-09-29 09:35:53.260,4.665,10700
2020-09-29 09:35:53.260,4.665,10000
2020-09-29 09:35:53.260,4.665,1000
2020-09-29 09:35:53.260,4.665,6500
2020-09-29 09:35:53.260,4.665,2000
2020-09-29 09:35:53.260,4.665,1100
2020-09-29 09:35:53.260,4.665,6000
2020-09-29 09:35:53.260,4.665,500
2020-09-29 09:35:53.560,4.665,32100
2020-09-29 09:35:53.560,4.666,22000
2020-09-29 09:35:53.560,4.666,45900
2020-09-29 09:35:54.550,4.665,300
2020-09-29 09:35:55.430,4.665,10000
2020-09-29 09:35:55.740,4.665,1100
2020-09-29 09:35:56.200,4.665,1000
2020-09-29 09:35:57.010,4.665,4000
2020-09-29 09:35:57.170,4.665,100000
2020-09-29 09:35:57.950,4.665,20000
2020-09-29 09:35:57.950,4.665,70000
2020-09-29 09:35:57.950,4.665,90000
2020-09-29 09:35:59.250,4.664,800
2020-09-29 09:35:59.250,4.664,5800
2020-09-29 09:35:59.310,4.665,46900
2020-09-29 09:35:59.310,4.665,21600
2020-09-29 09:35:59.750,4.666,3700
2020-09-29 09:36:00.030,4.665,5300
2020-09-29 09:36:00.770,4.666,16500
2020-09-29 09:36:00.770,4.666,3000
2020-09-29 09:36:00.770,4.666,5000
2020-09-29 09:36:00.770,4.666,9000
2020-09-29 09:36:00.770,4.666,3700
2020-09-29 09:36:01.410,4.664,1000
2020-09-29 09:36:01.460,4.664,3200
2020-09-29 09:36:01.460,4.664,600
2020-09-29 09:36:01.560,4.666,100
2020-09-29 09:36:03.280,4.665,18400
2020-09-29 09:36:03.920,4.665,9200
2020-09-29 09:36:05.700,4.665,1000
2020-09-29 09:36:05.700,4.666,2100
2020-09-29 09:36:05.720,4.666,2200
2020-09-29 09:36:05.750,4.666,100
2020-09-29 09:36:06.440,4.666,10000
2020-09-29 09:36:06.500,4.665,200
2020-09-29 09:36:07.030,4.665,21800
2020-09-29 09:36:07.340,4.665,178200
2020-09-29 09:36:07.470,4.665,500
2020-09-29 09:36:07.470,4.665,7500
2020-09-29 09:36:07.500,4.666,10000
2020-09-29 09:36:07.560,4.666,14100
2020-09-29 09:36:07.560,4.666,30000
2020-09-29 09:36:07.560,4.666,5000
2020-09-29 09:36:07.560,4.666,20900
2020-09-29 09:36:07.560,4.666,100
2020-09-29 09:36:07.560,4.666,8100
2020-09-29 09:36:07.560,4.666,300
2020-09-29 09:36:07.560,4.666,1500
2020-09-29 09:36:07.920,4.665,29000
2020-09-29 09:36:07.940,4.665,11500
2020-09-29 09:36:08.650,4.666,20400
2020-09-29 09:36:08.830,4.665,3200
2020-09-29 09:36:08.890,4.665,400
2020-09-29 09:36:09.140,4.665,500
2020-09-29 09:36:09.970,4.666,8100
2020-09-29 09:36:09.970,4.666,3900
2020-09-29 09:36:09.970,4.666,8000
2020-09-29 09:36:10.760,4.665,5400
2020-09-29 09:36:12.770,4.665,7100
2020-09-29 09:36:13.690,4.666,12000
2020-09-29 09:36:14.750,4.667,500
2020-09-29 09:36:15.850,4.666,500
2020-09-29 09:36:15.970,4.667,1600
2020-09-29 09:36:15.970,4.667,3000
2020-09-29 09:36:15.970,4.667,5400
2020-09-29 09:36:16.030,4.667,10000
2020-09-29 09:36:16.030,4.667,10000
2020-09-29 09:36:16.090,4.666,5000
2020-09-29 09:36:16.320,4.666,300
2020-09-29 09:36:16.680,4.666,700
2020-09-29 09:36:16.800,4.666,1500
2020-09-29 09:36:16.800,4.666,100
2020-09-29 09:36:16.800,4.666,5000
2020-09-29 09:36:17.160,4.666,13400
2020-09-29 09:36:17.730,4.666,100
2020-09-29 09:36:17.880,4.666,3500
2020-09-29 09:36:17.970,4.666,100
2020-09-29 09:36:19.020,4.667,10000
2020-09-29 09:36:19.720,4.666,5000
2020-09-29 09:36:19.990,4.667,3300
2020-09-29 09:36:19.990,4.667,700
2020-09-29 09:36:19.990,4.667,3000
2020-09-29 09:36:19.990,4.667,2100
2020-09-29 09:36:19.990,4.667,100
2020-09-29 09:36:19.990,4.667,3100
2020-09-29 09:36:20.260,4.667,3200
2020-09-29 09:36:20.330,4.667,1400
2020-09-29 09:36:20.360,4.667,1500
2020-09-29 09:36:21.510,4.667,100
2020-09-29 09:36:21.910,4.667,1500
2020-09-29 09:36:21.910,4.667,400
2020-09-29 09:36:22.120,4.667,1600
2020-09-29 09:36:22.490,4.668,2800
2020-09-29 09:36:22.490,4.668,2700
2020-09-29 09:36:22.490,4.668,4500
2020-09-29 09:36:22.950,4.667,100
2020-09-29 09:36:23.410,4.667,3000
2020-09-29 09:36:24.210,4.667,3800
2020-09-29 09:36:24.210,4.667,5100
2020-09-29 09:36:24.210,4.667,2100
2020-09-29 09:36:24.670,4.666,2000
2020-09-29 09:36:24.970,4.667,9000
2020-09-29 09:36:24.970,4.667,1000
2020-09-29 09:36:26.050,4.667,500
2020-09-29 09:36:26.340,4.666,2000
2020-09-29 09:36:26.410,4.667,3100
2020-09-29 09:36:29.420,4.666,30000
2020-09-29 09:36:30.060,4.667,6400
2020-09-29 09:36:30.060,4.667,5000
2020-09-29 09:36:30.060,4.667,10000
2020-09-29 09:36:30.060,4.668,5500
2020-09-29 09:36:30.060,4.668,500
2020-09-29 09:36:30.060,4.668,200
2020-09-29 09:36:30.060,4.668,1000
2020-09-29 09:36:30.060,4.668,5400
2020-09-29 09:36:30.060,4.668,600
2020-09-29 09:36:30.060,4.668,5100
2020-09-29 09:36:30.060,4.668,1000
2020-09-29 09:36:30.060,4.668,200
2020-09-29 09:36:30.060,4.668,1000
2020-09-29 09:36:30.060,4.668,500
2020-09-29 09:36:30.060,4.668,2000
2020-09-29 09:36:30.060,4.668,2000
2020-09-29 09:36:30.060,4.668,100
2020-09-29 09:36:30.060,4.668,500
2020-09-29 09:36:30.060,4.668,100
2020-09-29 09:36:30.060,4.668,2900
2020-09-29 09:36:30.970,4.668,7100
2020-09-29 09:36:30.970,4.668,12900
2020-09-29 09:36:31.000,4.668,7100
2020-09-29 09:36:31.000,4.668,2900
2020-09-29 09:36:31.790,4.667,1000
2020-09-29 09:36:32.430,4.667,3300
2020-09-29 09:36:32.430,4.667,6700
2020-09-29 09:36:33.170,4.668,500
2020-09-29 09:36:33.200,4.667,3300
2020-09-29 09:36:33.200,4.667,2000
2020-09-29 09:36:33.200,4.667,34700
2020-09-29 09:36:33.200,4.667,100
2020-09-29 09:36:33.450,4.667,16300
2020-09-29 09:36:33.630,4.667,12500
2020-09-29 09:36:33.690,4.667,1800
2020-09-29 09:36:34.010,4.667,20000
2020-09-29 09:36:34.040,4.667,5000
2020-09-29 09:36:34.320,4.666,200
2020-09-29 09:36:36.240,4.666,3500
2020-09-29 09:36:36.500,4.667,1000
2020-09-29 09:36:36.500,4.668,600
2020-09-29 09:36:36.500,4.668,200
2020-09-29 09:36:36.960,4.668,9800
2020-09-29 09:36:36.960,4.668,200
2020-09-29 09:36:37.010,4.668,4300
2020-09-29 09:36:37.010,4.668,1600
2020-09-29 09:36:37.010,4.668,300
2020-09-29 09:36:37.010,4.668,1000
2020-09-29 09:36:37.010,4.669,2800
2020-09-29 09:36:37.570,4.667,4000
2020-09-29 09:36:39.960,4.669,17600
2020-09-29 09:36:39.960,4.669,5000
2020-09-29 09:36:39.960,4.669,100
2020-09-29 09:36:39.960,4.669,200
2020-09-29 09:36:39.960,4.669,700
2020-09-29 09:36:39.960,4.669,5000
2020-09-29 09:36:39.960,4.669,5000
2020-09-29 09:36:39.960,4.669,1800
2020-09-29 09:36:39.960,4.669,1000
2020-09-29 09:36:39.960,4.669,3600
2020-09-29 09:36:41.200,4.668,900
2020-09-29 09:36:41.200,4.667,1600
2020-09-29 09:36:43.730,4.668,5000
2020-09-29 09:36:44.090,4.668,3000
2020-09-29 09:36:44.210,4.668,5000
2020-09-29 09:36:44.880,4.668,4100
2020-09-29 09:36:45.150,4.668,2500
2020-09-29 09:36:45.740,4.669,6400
2020-09-29 09:36:45.740,4.669,3500
2020-09-29 09:36:45.740,4.669,1000
2020-09-29 09:36:45.740,4.669,5100
2020-09-29 09:36:45.740,4.669,800
2020-09-29 09:36:47.300,4.669,1700
2020-09-29 09:36:47.300,4.669,3600
2020-09-29 09:36:47.300,4.669,140300
2020-09-29 09:36:47.370,4.668,1000
2020-09-29 09:36:47.870,4.669,80000
2020-09-29 09:36:49.350,4.669,10000
2020-09-29 09:36:50.110,4.668,16100
2020-09-29 09:36:50.270,4.669,500
2020-09-29 09:36:52.030,4.669,10000
2020-09-29 09:36:52.320,4.669,26100
2020-09-29 09:36:52.360,4.669,5000
2020-09-29 09:36:52.660,4.668,500
2020-09-29 09:36:53.360,4.669,1600
2020-09-29 09:36:53.570,4.668,2000
2020-09-29 09:36:53.710,4.669,2100
2020-09-29 09:36:54.290,4.669,400
2020-09-29 09:36:54.510,4.669,2000
2020-09-29 09:36:54.510,4.669,2100
2020-09-29 09:36:54.570,4.668,3500
2020-09-29 09:36:54.570,4.668,10000
2020-09-29 09:36:54.570,4.668,6500
2020-09-29 09:36:54.950,4.669,40000
2020-09-29 09:36:55.000,4.669,50000
2020-09-29 09:36:55.000,4.669,10000
2020-09-29 09:36:55.610,4.669,1300
2020-09-29 09:36:57.080,4.669,10000
2020-09-29 09:36:58.010,4.669,8600
2020-09-29 09:36:58.010,4.669,1400
2020-09-29 09:36:58.510,4.669,500
2020-09-29 09:36:58.540,4.669,100
2020-09-29 09:36:58.540,4.669,9300
2020-09-29 09:36:58.840,4.668,100
2020-09-29 09:36:58.900,4.669,100
2020-09-29 09:36:59.720,4.669,600
2020-09-29 09:36:59.720,4.669,400
2020-09-29 09:36:59.990,4.669,200
2020-09-29 09:37:00.480,4.669,400
2020-09-29 09:37:02.150,4.669,1600
2020-09-29 09:37:02.150,4.669,1000
2020-09-29 09:37:02.150,4.668,18400
2020-09-29 09:37:03.430,4.67,10000
2020-09-29 09:37:08.290,4.669,200
2020-09-29 09:37:08.290,4.669,1000
2020-09-29 09:37:08.290,4.669,15000
2020-09-29 09:37:08.290,4.669,2600
2020-09-29 09:37:08.290,4.669,2000
2020-09-29 09:37:08.290,4.669,2300
2020-09-29 09:37:09.190,4.669,1000
2020-09-29 09:37:10.540,4.669,100000
2020-09-29 09:37:10.570,4.669,30000
2020-09-29 09:37:10.570,4.669,10000
2020-09-29 09:37:10.800,4.669,400
2020-09-29 09:37:11.010,4.669,10000
2020-09-29 09:37:11.840,4.669,5000
2020-09-29 09:37:12.070,4.669,20500
2020-09-29 09:37:12.070,4.669,2700
2020-09-29 09:37:12.250,4.669,400
2020-09-29 09:37:16.000,4.669,500
2020-09-29 09:37:17.210,4.668,100
2020-09-29 09:37:17.210,4.668,1600
2020-09-29 09:37:18.380,4.668,3400
2020-09-29 09:37:18.380,4.668,5000
2020-09-29 09:37:19.160,4.669,1000
2020-09-29 09:37:20.230,4.668,200
2020-09-29 09:37:20.270,4.668,4000
2020-09-29 09:37:20.410,4.669,400
2020-09-29 09:37:20.410,4.669,200
2020-09-29 09:37:20.410,4.669,4000
2020-09-29 09:37:20.410,4.669,75400
2020-09-29 09:37:21.150,4.669,23000
2020-09-29 09:37:22.300,4.668,300
2020-09-29 09:37:24.520,4.668,500
2020-09-29 09:37:24.520,4.668,1000
2020-09-29 09:37:24.980,4.669,600
2020-09-29 09:37:25.530,4.668,200
2020-09-29 09:37:26.010,4.668,8800
2020-09-29 09:37:26.010,4.668,2800
2020-09-29 09:37:27.170,4.668,7200
2020-09-29 09:37:28.210,4.668,30000
2020-09-29 09:37:28.240,4.668,50000
2020-09-29 09:37:29.030,4.668,1300
2020-09-29 09:37:29.510,4.668,700
2020-09-29 09:37:29.510,4.668,10300
2020-09-29 09:37:32.120,4.668,2100
2020-09-29 09:37:33.530,4.668,100
2020-09-29 09:37:33.800,4.668,3500
2020-09-29 09:37:33.800,4.668,400
2020-09-29 09:37:33.800,4.668,400
2020-09-29 09:37:34.050,4.668,5000
2020-09-29 09:37:34.630,4.668,10900
2020-09-29 09:37:36.620,4.667,2900
2020-09-29 09:37:36.650,4.668,100
2020-09-29 09:37:36.770,4.668,200
2020-09-29 09:37:36.990,4.667,1500
2020-09-29 09:37:36.990,4.667,1100
2020-09-29 09:37:36.990,4.667,2500
2020-09-29 09:37:37.550,4.667,1000
2020-09-29 09:37:37.730,4.667,1600
2020-09-29 09:37:37.730,4.667,600
2020-09-29 09:37:38.720,4.667,3700
2020-09-29 09:37:38.720,4.667,1000
2020-09-29 09:37:38.720,4.667,30000
2020-09-29 09:37:38.720,4.667,1000
2020-09-29 09:37:38.720,4.667,2000
2020-09-29 09:37:38.720,4.667,31900
2020-09-29 09:37:38.720,4.667,5000
2020-09-29 09:37:38.720,4.667,5900
2020-09-29 09:37:38.720,4.667,500
2020-09-29 09:37:38.720,4.667,6000
2020-09-29 09:37:38.720,4.667,96700
2020-09-29 09:37:38.870,4.667,2000
2020-09-29 09:37:39.050,4.667,1300
2020-09-29 09:37:39.140,4.667,2100
2020-09-29 09:37:39.340,4.667,1700
2020-09-29 09:37:39.340,4.668,8300
2020-09-29 09:37:40.860,4.667,3200
2020-09-29 09:37:41.160,4.668,5000
2020-09-29 09:37:42.010,4.667,1800
2020-09-29 09:37:43.960,4.667,500
2020-09-29 09:37:45.420,4.666,2000
2020-09-29 09:37:45.900,4.667,700
2020-09-29 09:37:45.960,4.667,1400
2020-09-29 09:37:46.170,4.667,2000
2020-09-29 09:37:47.740,4.667,2000
2020-09-29 09:37:48.200,4.667,500
2020-09-29 09:37:48.740,4.667,600
2020-09-29 09:37:49.770,4.667,3500
2020-09-29 09:37:49.770,4.667,500
2020-09-29 09:37:50.590,4.666,10000
2020-09-29 09:37:50.990,4.667,1500
2020-09-29 09:37:50.990,4.667,1500
2020-09-29 09:37:52.720,4.667,100
2020-09-29 09:37:52.720,4.667,1000
2020-09-29 09:37:55.250,4.667,2600
2020-09-29 09:37:55.320,4.667,3300
2020-09-29 09:37:55.380,4.667,16700
2020-09-29 09:37:55.380,4.668,8700
2020-09-29 09:37:55.380,4.668,200
2020-09-29 09:37:55.380,4.668,400
2020-09-29 09:37:55.380,4.668,300
2020-09-29 09:37:55.380,4.668,11200
2020-09-29 09:37:55.380,4.668,3600
2020-09-29 09:37:55.380,4.668,38900
2020-09-29 09:37:55.440,4.668,51100
2020-09-29 09:37:55.440,4.668,4000
2020-09-29 09:37:55.440,4.668,2000
2020-09-29 09:37:55.440,4.668,2700
2020-09-29 09:37:55.440,4.668,2400
2020-09-29 09:37:55.980,4.668,8300
2020-09-29 09:37:56.570,4.668,500
2020-09-29 09:37:56.710,4.668,20000
2020-09-29 09:37:58.100,4.669,2400
2020-09-29 09:37:58.100,4.669,2600
2020-09-29 09:37:58.300,4.668,1600
2020-09-29 09:37:59.240,4.668,900
2020-09-29 09:37:59.420,4.668,6500
2020-09-29 09:37:59.420,4.668,200
2020-09-29 09:37:59.420,4.667,1000
2020-09-29 09:37:59.420,4.667,1300
2020-09-29 09:38:00.080,4.669,5000
2020-09-29 09:38:01.120,4.667,8700
2020-09-29 09:38:01.120,4.667,800
2020-09-29 09:38:03.960,4.667,70000
2020-09-29 09:38:05.240,4.667,20000
2020-09-29 09:38:05.360,4.667,200
2020-09-29 09:38:05.620,4.667,300
2020-09-29 09:38:07.380,4.668,600
2020-09-29 09:38:09.700,4.667,19000
2020-09-29 09:38:09.960,4.668,400
2020-09-29 09:38:09.960,4.668,9600
2020-09-29 09:38:09.960,4.668,100
2020-09-29 09:38:12.860,4.668,100
2020-09-29 09:38:12.950,4.668,7800
2020-09-29 09:38:12.950,4.668,12200
2020-09-29 09:38:13.040,4.668,200
2020-09-29 09:38:13.190,4.667,1400
2020-09-29 09:38:16.370,4.668,7600
2020-09-29 09:38:16.370,4.668,200
2020-09-29 09:38:16.370,4.668,500
2020-09-29 09:38:17.100,4.668,1400
2020-09-29 09:38:17.800,4.668,5000
2020-09-29 09:38:18.010,4.668,500
2020-09-29 09:38:18.430,4.669,7000
2020-09-29 09:38:18.430,4.669,800
2020-09-29 09:38:18.430,4.669,10000
2020-09-29 09:38:18.430,4.669,3000
2020-09-29 09:38:18.430,4.669,145200
2020-09-29 09:38:18.430,4.669,100000
2020-09-29 09:38:18.430,4.669,2300
2020-09-29 09:38:18.430,4.669,400
2020-09-29 09:38:18.430,4.669,1000
2020-09-29 09:38:18.430,4.669,5000
2020-09-29 09:38:18.430,4.669,100000
2020-09-29 09:38:18.430,4.669,5000
2020-09-29 09:38:18.430,4.669,1000
2020-09-29 09:38:18.430,4.669,3700
2020-09-29 09:38:18.430,4.669,5000
2020-09-29 09:38:18.430,4.669,1000
2020-09-29 09:38:18.430,4.669,9000
2020-09-29 09:38:18.430,4.669,30000
2020-09-29 09:38:18.430,4.669,300000
2020-09-29 09:38:18.430,4.67,5600
2020-09-29 09:38:18.430,4.67,100
2020-09-29 09:38:18.430,4.67,1000
2020-09-29 09:38:18.430,4.67,2000
2020-09-29 09:38:18.430,4.67,1000
2020-09-29 09:38:18.430,4.67,1000
2020-09-29 09:38:18.430,4.67,1000
2020-09-29 09:38:18.430,4.67,2300
2020-09-29 09:38:18.430,4.67,1000
2020-09-29 09:38:18.430,4.67,500
2020-09-29 09:38:18.430,4.67,240000
2020-09-29 09:38:18.430,4.67,14100
2020-09-29 09:38:18.430,4.67,5900
2020-09-29 09:38:18.430,4.67,5000
2020-09-29 09:38:18.430,4.67,500
2020-09-29 09:38:18.430,4.67,100
2020-09-29 09:38:18.430,4.67,3000
2020-09-29 09:38:18.430,4.67,6000
2020-09-29 09:38:18.430,4.67,15000
2020-09-29 09:38:18.430,4.67,20000
2020-09-29 09:38:18.430,4.67,2000
2020-09-29 09:38:18.430,4.67,1000
2020-09-29 09:38:18.430,4.67,10000
2020-09-29 09:38:18.430,4.67,11000
2020-09-29 09:38:18.430,4.67,1000
2020-09-29 09:38:18.430,4.67,1300
2020-09-29 09:38:18.430,4.67,10000
2020-09-29 09:38:18.430,4.67,100
2020-09-29 09:38:18.430,4.67,200
2020-09-29 09:38:18.430,4.67,5000
2020-09-29 09:38:18.430,4.67,1000
2020-09-29 09:38:18.430,4.67,50000
2020-09-29 09:38:18.430,4.67,1000
2020-09-29 09:38:18.430,4.67,200
2020-09-29 09:38:18.430,4.67,6000
2020-09-29 09:38:18.430,4.67,1000
2020-09-29 09:38:18.430,4.67,200
2020-09-29 09:38:18.430,4.67,3000
2020-09-29 09:38:18.430,4.67,1000
2020-09-29 09:38:18.430,4.67,6500
2020-09-29 09:38:18.430,4.67,1000
2020-09-29 09:38:18.430,4.67,300
2020-09-29 09:38:18.430,4.67,3000
2020-09-29 09:38:18.430,4.67,20000
2020-09-29 09:38:18.430,4.67,5000
2020-09-29 09:38:18.430,4.67,100
2020-09-29 09:38:18.430,4.67,100
2020-09-29 09:38:18.430,4.67,1000
2020-09-29 09:38:18.430,4.67,3500
2020-09-29 09:38:18.490,4.668,300000
2020-09-29 09:38:20.130,4.668,1000
2020-09-29 09:38:20.960,4.668,183800
2020-09-29 09:38:21.960,4.668,10000
2020-09-29 09:38:22.010,4.668,80000
2020-09-29 09:38:23.310,4.668,26200
2020-09-29 09:38:23.490,4.668,10000
2020-09-29 09:38:24.050,4.669,100
2020-09-29 09:38:24.050,4.669,1700
2020-09-29 09:38:25.440,4.669,1000
2020-09-29 09:38:25.800,4.669,100
2020-09-29 09:38:28.010,4.669,10000
2020-09-29 09:38:29.240,4.669,8900
2020-09-29 09:38:29.810,4.669,300
2020-09-29 09:38:29.950,4.669,200
2020-09-29 09:38:31.260,4.669,2300
2020-09-29 09:38:31.500,4.669,2000
2020-09-29 09:38:32.100,4.669,2000
2020-09-29 09:38:33.140,4.669,9700
2020-09-29 09:38:33.680,4.669,9700
2020-09-29 09:38:34.310,4.669,9700
2020-09-29 09:38:34.820,4.669,3800
2020-09-29 09:38:34.960,4.669,2000
2020-09-29 09:38:36.920,4.669,2000
2020-09-29 09:38:36.920,4.669,8000
2020-09-29 09:38:37.600,4.669,1100
2020-09-29 09:38:37.600,4.669,200
2020-09-29 09:38:37.600,4.669,2700
2020-09-29 09:38:37.660,4.669,200
2020-09-29 09:38:37.810,4.669,200
2020-09-29 09:38:38.560,4.67,200
2020-09-29 09:38:38.560,4.67,300
2020-09-29 09:38:38.560,4.67,3000
2020-09-29 09:38:38.560,4.67,8900
2020-09-29 09:38:38.560,4.67,500
2020-09-29 09:38:38.560,4.67,3500
2020-09-29 09:38:38.560,4.67,5000
2020-09-29 09:38:38.560,4.67,1000
2020-09-29 09:38:38.560,4.67,7200
2020-09-29 09:38:38.560,4.67,10000
2020-09-29 09:38:40.320,4.67,400
2020-09-29 09:38:40.320,4.669,100
2020-09-29 09:38:41.330,4.67,100
2020-09-29 09:38:41.560,4.67,400
2020-09-29 09:38:41.560,4.671,100
2020-09-29 09:38:41.560,4.671,1400
2020-09-29 09:38:41.560,4.671,800
2020-09-29 09:38:41.560,4.671,2000
2020-09-29 09:38:41.560,4.671,5300
2020-09-29 09:38:42.200,4.669,1800
2020-09-29 09:38:42.200,4.669,1000
2020-09-29 09:38:42.200,4.669,200
2020-09-29 09:38:42.200,4.669,1800
2020-09-29 09:38:43.110,4.669,90000
2020-09-29 09:38:43.860,4.671,4700
2020-09-29 09:38:43.860,4.671,1000
2020-09-29 09:38:43.860,4.671,84300
2020-09-29 09:38:44.760,4.669,1500
2020-09-29 09:38:48.660,4.67,2500
2020-09-29 09:38:48.960,4.671,40000
2020-09-29 09:38:49.640,4.67,1000
2020-09-29 09:38:49.670,4.671,6100
2020-09-29 09:38:49.670,4.671,2000
2020-09-29 09:38:49.670,4.671,1900
2020-09-29 09:38:50.860,4.67,1000
2020-09-29 09:38:51.950,4.671,13000
2020-09-29 09:38:51.950,4.671,5000
2020-09-29 09:38:51.950,4.671,2000
2020-09-29 09:38:53.080,4.671,200
2020-09-29 09:38:53.080,4.671,800
2020-09-29 09:38:53.200,4.67,3200
2020-09-29 09:38:53.340,4.67,3400
2020-09-29 09:38:54.950,4.671,3700
2020-09-29 09:38:54.950,4.671,5000
2020-09-29 09:38:54.950,4.671,1000
2020-09-29 09:38:54.950,4.671,300
2020-09-29 09:38:54.950,4.671,2200
2020-09-29 09:38:54.950,4.671,200
2020-09-29 09:38:54.950,4.671,1500
2020-09-29 09:38:54.950,4.671,16100
2020-09-29 09:38:54.950,4.671,10000
2020-09-29 09:38:54.950,4.671,10000
2020-09-29 09:38:54.950,4.671,30000
2020-09-29 09:38:55.940,4.671,33900
2020-09-29 09:38:55.940,4.671,10000
2020-09-29 09:38:55.940,4.671,7000
2020-09-29 09:38:55.940,4.671,3800
2020-09-29 09:38:55.940,4.671,37300
2020-09-29 09:38:58.620,4.671,45500
2020-09-29 09:39:00.580,4.67,100
2020-09-29 09:39:00.720,4.671,8000
2020-09-29 09:39:03.130,4.67,7800
2020-09-29 09:39:03.130,4.67,30000
2020-09-29 09:39:03.130,4.67,500
2020-09-29 09:39:03.130,4.67,500
2020-09-29 09:39:03.160,4.67,2800
2020-09-29 09:39:03.770,4.67,1500
2020-09-29 09:39:03.930,4.67,10000
2020-09-29 09:39:05.080,4.67,2000
2020-09-29 09:39:06.910,4.67,10000
2020-09-29 09:39:09.090,4.67,20000
2020-09-29 09:39:09.640,4.67,80000
2020-09-29 09:39:09.640,4.67,10000
2020-09-29 09:39:09.760,4.67,24900
2020-09-29 09:39:09.760,4.67,13100
2020-09-29 09:39:12.210,4.67,100
2020-09-29 09:39:12.210,4.67,2000
2020-09-29 09:39:12.210,4.67,7900
2020-09-29 09:39:12.830,4.67,20000
2020-09-29 09:39:14.830,4.669,3000
2020-09-29 09:39:15.650,4.67,200
2020-09-29 09:39:15.650,4.67,7200
2020-09-29 09:39:15.650,4.67,2600
2020-09-29 09:39:16.660,4.67,5000
2020-09-29 09:39:16.660,4.67,1000
2020-09-29 09:39:17.450,4.67,1400
2020-09-29 09:39:17.450,4.67,10000
2020-09-29 09:39:17.450,4.67,25000
2020-09-29 09:39:17.450,4.67,35200
2020-09-29 09:39:18.690,4.671,1000
2020-09-29 09:39:18.690,4.671,100
2020-09-29 09:39:18.690,4.671,1000
2020-09-29 09:39:18.690,4.671,5000
2020-09-29 09:39:18.690,4.671,600
2020-09-29 09:39:18.690,4.671,2300
2020-09-29 09:39:19.010,4.671,100
2020-09-29 09:39:19.670,4.67,2000
2020-09-29 09:39:20.440,4.67,5000
2020-09-29 09:39:20.620,4.67,10000
2020-09-29 09:39:20.850,4.67,400
2020-09-29 09:39:22.450,4.67,100
2020-09-29 09:39:22.780,4.67,1000
2020-09-29 09:39:25.470,4.67,2000
2020-09-29 09:39:25.560,4.67,100
2020-09-29 09:39:26.600,4.67,7200
2020-09-29 09:39:27.740,4.671,1000
2020-09-29 09:39:27.740,4.67,2200
2020-09-29 09:39:27.740,4.67,500
2020-09-29 09:39:27.740,4.67,2100
2020-09-29 09:39:27.740,4.67,2600
2020-09-29 09:39:27.740,4.67,100
2020-09-29 09:39:27.740,4.67,4300
2020-09-29 09:39:27.740,4.67,5500
2020-09-29 09:39:27.740,4.67,3000
2020-09-29 09:39:27.740,4.67,500
2020-09-29 09:39:28.100,4.67,1000
2020-09-29 09:39:28.190,4.67,12900
2020-09-29 09:39:30.540,4.67,600
2020-09-29 09:39:31.040,4.67,2000
2020-09-29 09:39:31.220,4.669,7000
2020-09-29 09:39:31.220,4.669,1000
2020-09-29 09:39:31.220,4.669,10000
2020-09-29 09:39:31.220,4.669,2100
2020-09-29 09:39:31.220,4.669,3000
2020-09-29 09:39:31.220,4.669,5000
2020-09-29 09:39:31.220,4.669,500
2020-09-29 09:39:31.220,4.669,1300
2020-09-29 09:39:31.220,4.669,2000
2020-09-29 09:39:31.220,4.669,800
2020-09-29 09:39:31.220,4.669,2100
2020-09-29 09:39:32.490,4.668,100
2020-09-29 09:39:32.490,4.668,1200
2020-09-29 09:39:32.490,4.668,8700
2020-09-29 09:39:32.700,4.669,5000
2020-09-29 09:39:34.160,4.67,300
2020-09-29 09:39:34.560,4.668,1300
2020-09-29 09:39:34.560,4.668,1400
2020-09-29 09:39:34.560,4.668,900
2020-09-29 09:39:34.560,4.668,500
2020-09-29 09:39:34.560,4.668,1800
2020-09-29 09:39:34.560,4.667,4100
2020-09-29 09:39:34.620,4.67,5000
2020-09-29 09:39:37.060,4.669,200
2020-09-29 09:39:38.870,4.669,70000
2020-09-29 09:39:39.200,4.669,29800
2020-09-29 09:39:39.200,4.669,16200
2020-09-29 09:39:40.060,4.669,10000
2020-09-29 09:39:40.080,4.669,10000
2020-09-29 09:39:40.080,4.669,10000
2020-09-29 09:39:41.120,4.668,2500
2020-09-29 09:39:41.420,4.668,2500
2020-09-29 09:39:41.420,4.668,4400
2020-09-29 09:39:41.470,4.668,3100
2020-09-29 09:39:41.470,4.669,1900
2020-09-29 09:39:41.980,4.669,200
2020-09-29 09:39:46.050,4.669,12700
2020-09-29 09:39:47.610,4.669,200
2020-09-29 09:39:48.960,4.668,400
2020-09-29 09:39:49.050,4.669,6000
2020-09-29 09:39:49.320,4.668,2600
2020-09-29 09:39:49.320,4.668,21500
2020-09-29 09:39:49.320,4.668,1300
2020-09-29 09:39:49.320,4.668,24600
2020-09-29 09:39:49.320,4.668,300
2020-09-29 09:39:49.890,4.668,3100
2020-09-29 09:39:49.890,4.668,200
2020-09-29 09:39:50.060,4.668,2900
2020-09-29 09:39:50.500,4.668,50000
2020-09-29 09:39:54.850,4.668,100
2020-09-29 09:39:55.140,4.668,5000
2020-09-29 09:39:56.180,4.667,17000
2020-09-29 09:39:56.750,4.668,4900
2020-09-29 09:39:56.750,4.668,100
2020-09-29 09:39:58.790,4.668,2200
2020-09-29 09:39:58.880,4.668,2100
2020-09-29 09:39:58.880,4.668,100
2020-09-29 09:39:58.880,4.668,1300
2020-09-29 09:39:58.880,4.668,200
2020-09-29 09:39:58.880,4.668,6300
2020-09-29 09:39:58.940,4.668,50000
2020-09-29 09:40:00.050,4.667,1000
2020-09-29 09:40:00.680,4.668,12700
2020-09-29 09:40:00.680,4.668,10000
2020-09-29 09:40:00.680,4.668,14000
2020-09-29 09:40:00.680,4.668,13300
2020-09-29 09:40:00.740,4.667,10000
2020-09-29 09:40:01.070,4.668,200
2020-09-29 09:40:01.610,4.668,200
2020-09-29 09:40:02.430,4.668,100
2020-09-29 09:40:03.380,4.668,16200
2020-09-29 09:40:03.380,4.668,3600
2020-09-29 09:40:03.380,4.668,10000
2020-09-29 09:40:03.440,4.668,12800
2020-09-29 09:40:05.050,4.669,2200
2020-09-29 09:40:05.190,4.668,4000
2020-09-29 09:40:05.250,4.668,53400
2020-09-29 09:40:05.250,4.668,1600
2020-09-29 09:40:05.250,4.667,47200
2020-09-29 09:40:05.250,4.667,1300
2020-09-29 09:40:05.250,4.667,2700
2020-09-29 09:40:05.250,4.667,100
2020-09-29 09:40:05.250,4.667,3200
2020-09-29 09:40:05.250,4.667,8300
2020-09-29 09:40:05.250,4.667,4200
2020-09-29 09:40:05.250,4.667,3000
2020-09-29 09:40:05.250,4.667,2000
2020-09-29 09:40:05.250,4.667,400
2020-09-29 09:40:05.250,4.667,5000
2020-09-29 09:40:05.250,4.667,2000
2020-09-29 09:40:05.250,4.667,10000
2020-09-29 09:40:05.250,4.667,100
2020-09-29 09:40:05.250,4.667,100
2020-09-29 09:40:05.250,4.667,2200
2020-09-29 09:40:05.250,4.667,2000
2020-09-29 09:40:05.250,4.667,100000
2020-09-29 09:40:05.250,4.667,1000
2020-09-29 09:40:05.250,4.667,400
2020-09-29 09:40:05.250,4.667,6000
2020-09-29 09:40:06.520,4.667,7000
2020-09-29 09:40:06.730,4.667,20000
2020-09-29 09:40:06.760,4.667,10000
2020-09-29 09:40:07.690,4.667,700
2020-09-29 09:40:07.690,4.668,1000
2020-09-29 09:40:07.690,4.668,3300
2020-09-29 09:40:07.860,4.668,300
2020-09-29 09:40:08.050,4.668,200
2020-09-29 09:40:08.160,4.668,300
2020-09-29 09:40:08.250,4.668,1000
2020-09-29 09:40:08.340,4.668,2000
2020-09-29 09:40:08.420,4.668,5500
2020-09-29 09:40:08.830,4.668,900
2020-09-29 09:40:09.700,4.667,20000
2020-09-29 09:40:09.700,4.667,10000
2020-09-29 09:40:09.700,4.667,10000
2020-09-29 09:40:09.700,4.667,20000
2020-09-29 09:40:09.700,4.667,20000
2020-09-29 09:40:09.750,4.667,20000
2020-09-29 09:40:11.350,4.667,900
2020-09-29 09:40:12.950,4.668,30000
2020-09-29 09:40:13.540,4.668,200
2020-09-29 09:40:14.320,4.667,29100
2020-09-29 09:40:15.670,4.667,40000
2020-09-29 09:40:15.730,4.667,80000
2020-09-29 09:40:16.030,4.667,500
2020-09-29 09:40:16.840,4.667,2000
2020-09-29 09:40:16.840,4.667,400
2020-09-29 09:40:17.860,4.666,3900
2020-09-29 09:40:18.690,4.667,10000
2020-09-29 09:40:18.750,4.667,10000
2020-09-29 09:40:18.750,4.667,20000
2020-09-29 09:40:18.750,4.667,20000
2020-09-29 09:40:18.750,4.667,10000
2020-09-29 09:40:20.500,4.667,400
2020-09-29 09:40:20.590,4.667,19600
2020-09-29 09:40:20.590,4.667,2200
2020-09-29 09:40:20.590,4.667,122400
2020-09-29 09:40:20.590,4.668,56300
2020-09-29 09:40:20.590,4.668,4900
2020-09-29 09:40:20.590,4.668,34200
2020-09-29 09:40:20.590,4.668,3000
2020-09-29 09:40:20.590,4.668,100000
2020-09-29 09:40:20.590,4.668,50000
2020-09-29 09:40:20.590,4.668,800
2020-09-29 09:40:20.590,4.668,500
2020-09-29 09:40:20.590,4.668,2000
2020-09-29 09:40:20.590,4.668,30000
2020-09-29 09:40:20.590,4.668,2100
2020-09-29 09:40:20.590,4.668,300
2020-09-29 09:40:20.590,4.668,1000
2020-09-29 09:40:20.900,4.668,5000
2020-09-29 09:40:22.180,4.668,30000
2020-09-29 09:40:22.790,4.668,1200
2020-09-29 09:40:25.260,4.668,34500
2020-09-29 09:40:25.410,4.667,200
2020-09-29 09:40:25.410,4.667,2000
2020-09-29 09:40:25.410,4.667,200
2020-09-29 09:40:25.410,4.667,300
2020-09-29 09:40:26.200,4.667,4000
2020-09-29 09:40:26.540,4.666,6100
2020-09-29 09:40:26.540,4.666,5000
2020-09-29 09:40:26.540,4.666,4000
2020-09-29 09:40:26.540,4.666,3000
2020-09-29 09:40:26.540,4.666,1000
2020-09-29 09:40:26.540,4.666,5000
2020-09-29 09:40:26.540,4.666,5000
2020-09-29 09:40:26.540,4.666,5000
2020-09-29 09:40:26.540,4.666,700
2020-09-29 09:40:26.540,4.666,500
2020-09-29 09:40:26.540,4.666,2300
2020-09-29 09:40:26.540,4.666,3800
2020-09-29 09:40:27.680,4.667,20000
2020-09-29 09:40:28.220,4.667,4300
2020-09-29 09:40:28.430,4.667,1000
2020-09-29 09:40:29.490,4.667,100
2020-09-29 09:40:32.560,4.666,500
2020-09-29 09:40:32.560,4.666,19500
2020-09-29 09:40:32.940,4.667,10000
2020-09-29 09:40:35.050,4.667,100
2020-09-29 09:40:35.260,4.666,6800
2020-09-29 09:40:37.240,4.666,5000
2020-09-29 09:40:37.580,4.666,1000
2020-09-29 09:40:38.670,4.667,1500
2020-09-29 09:40:39.150,4.666,67700
2020-09-29 09:40:39.150,4.666,1000
2020-09-29 09:40:39.150,4.666,10000
2020-09-29 09:40:39.150,4.666,4000
2020-09-29 09:40:39.150,4.666,2000
2020-09-29 09:40:39.150,4.666,113000
2020-09-29 09:40:39.970,4.666,500
2020-09-29 09:40:40.810,4.667,200
2020-09-29 09:40:41.460,4.667,700
2020-09-29 09:40:41.970,4.666,5000
2020-09-29 09:40:41.970,4.666,7800
2020-09-29 09:40:41.970,4.666,2000
2020-09-29 09:40:42.350,4.667,700
2020-09-29 09:40:42.560,4.666,200
2020-09-29 09:40:42.560,4.666,6600
2020-09-29 09:40:42.560,4.666,1000
2020-09-29 09:40:42.560,4.666,100000
2020-09-29 09:40:42.560,4.666,20000
2020-09-29 09:40:43.130,4.666,5000
2020-09-29 09:40:43.480,4.666,2600
2020-09-29 09:40:44.680,4.666,2700
2020-09-29 09:40:45.000,4.665,10000
2020-09-29 09:40:45.000,4.665,2100
2020-09-29 09:40:45.000,4.665,500
2020-09-29 09:40:45.000,4.665,500
2020-09-29 09:40:45.000,4.665,10000
2020-09-29 09:40:45.000,4.665,200
2020-09-29 09:40:45.000,4.665,3200
2020-09-29 09:40:45.000,4.665,200
2020-09-29 09:40:45.000,4.665,8000
2020-09-29 09:40:45.000,4.665,4000
2020-09-29 09:40:45.000,4.665,8000
2020-09-29 09:40:45.000,4.665,500
2020-09-29 09:40:45.000,4.665,100
2020-09-29 09:40:45.000,4.665,1000
2020-09-29 09:40:45.000,4.665,1000
2020-09-29 09:40:45.000,4.665,2000
2020-09-29 09:40:45.000,4.665,500
2020-09-29 09:40:45.720,4.665,20000
2020-09-29 09:40:45.720,4.665,50000
2020-09-29 09:40:46.080,4.665,100
2020-09-29 09:40:48.710,4.665,10000
2020-09-29 09:40:48.790,4.665,13300
2020-09-29 09:40:48.790,4.666,2400
2020-09-29 09:40:51.000,4.665,1000
2020-09-29 09:40:51.000,4.664,400
2020-09-29 09:40:51.000,4.664,7500
2020-09-29 09:40:51.000,4.664,1100
2020-09-29 09:40:51.210,4.666,200
2020-09-29 09:40:52.900,4.666,40000
2020-09-29 09:40:53.120,4.666,10000
2020-09-29 09:40:53.620,4.664,2000
2020-09-29 09:40:56.370,4.666,1000
2020-09-29 09:40:56.750,4.665,100
2020-09-29 09:40:57.760,4.665,30000
2020-09-29 09:40:59.600,4.664,2600
2020-09-29 09:41:00.260,4.664,3700
2020-09-29 09:41:00.470,4.664,8000
2020-09-29 09:41:00.670,4.665,9900
2020-09-29 09:41:00.670,4.665,100
2020-09-29 09:41:00.700,4.665,20000
2020-09-29 09:41:01.940,4.664,2000
2020-09-29 09:41:02.180,4.665,5000
2020-09-29 09:41:02.980,4.664,600
2020-09-29 09:41:02.980,4.664,1000
2020-09-29 09:41:02.980,4.664,2000
2020-09-29 09:41:02.980,4.664,4800
2020-09-29 09:41:03.320,4.665,4900
2020-09-29 09:41:07.720,4.664,1500
2020-09-29 09:41:10.810,4.665,1400
2020-09-29 09:41:11.790,4.665,1200
2020-09-29 09:41:11.850,4.665,100
2020-09-29 09:41:11.850,4.665,100
2020-09-29 09:41:13.790,4.665,2000
2020-09-29 09:41:15.330,4.664,2000
2020-09-29 09:41:16.240,4.664,1700
2020-09-29 09:41:16.240,4.664,400
2020-09-29 09:41:16.240,4.664,2300
2020-09-29 09:41:16.240,4.664,4000
2020-09-29 09:41:16.240,4.664,2000
2020-09-29 09:41:16.240,4.664,9600
2020-09-29 09:41:16.280,4.664,400
2020-09-29 09:41:16.280,4.664,600
2020-09-29 09:41:16.280,4.664,4000
2020-09-29 09:41:16.280,4.664,300
2020-09-29 09:41:16.280,4.664,30000
2020-09-29 09:41:16.280,4.664,200
2020-09-29 09:41:16.280,4.664,47000
2020-09-29 09:41:16.280,4.664,500
2020-09-29 09:41:16.280,4.664,1000
2020-09-29 09:41:16.280,4.664,16000
2020-09-29 09:41:17.010,4.665,200
2020-09-29 09:41:17.070,4.664,4000
2020-09-29 09:41:18.090,4.664,100
2020-09-29 09:41:18.180,4.664,100
2020-09-29 09:41:18.220,4.663,214500
2020-09-29 09:41:18.220,4.663,1000
2020-09-29 09:41:18.220,4.663,200
2020-09-29 09:41:18.220,4.663,100
2020-09-29 09:41:18.220,4.663,3000
2020-09-29 09:41:18.220,4.663,3000
2020-09-29 09:41:18.220,4.663,2300
2020-09-29 09:41:18.220,4.663,2500
2020-09-29 09:41:18.220,4.663,5000
2020-09-29 09:41:18.220,4.663,1500
2020-09-29 09:41:18.220,4.663,400
2020-09-29 09:41:18.220,4.663,2300
2020-09-29 09:41:18.220,4.663,700
2020-09-29 09:41:18.220,4.663,1000
2020-09-29 09:41:18.220,4.663,1000
2020-09-29 09:41:18.220,4.663,29400
2020-09-29 09:41:18.220,4.663,2300
2020-09-29 09:41:18.220,4.663,200
2020-09-29 09:41:18.220,4.663,20000
2020-09-29 09:41:18.220,4.663,2000
2020-09-29 09:41:19.310,4.663,10000
2020-09-29 09:41:19.960,4.663,2000
2020-09-29 09:41:22.290,4.663,1000
2020-09-29 09:41:23.360,4.663,300
2020-09-29 09:41:23.870,4.663,200
2020-09-29 09:41:24.360,4.663,200
2020-09-29 09:41:24.480,4.663,1100
2020-09-29 09:41:24.480,4.663,900
2020-09-29 09:41:24.480,4.664,1000
2020-09-29 09:41:25.160,4.662,5200
2020-09-29 09:41:25.160,4.662,7700
2020-09-29 09:41:25.160,4.662,1000
2020-09-29 09:41:25.160,4.662,5000
2020-09-29 09:41:25.160,4.662,9000
2020-09-29 09:41:25.160,4.662,191500
2020-09-29 09:41:25.250,4.664,4800
2020-09-29 09:41:25.250,4.664,1100
2020-09-29 09:41:25.280,4.664,3900
2020-09-29 09:41:25.280,4.664,2200
2020-09-29 09:41:25.280,4.664,13900
2020-09-29 09:41:25.340,4.664,20000
2020-09-29 09:41:25.340,4.664,60000
2020-09-29 09:41:26.170,4.664,200
2020-09-29 09:41:26.720,4.663,10000
2020-09-29 09:41:28.300,4.664,10000
2020-09-29 09:41:28.630,4.663,1000
2020-09-29 09:41:31.120,4.663,89000
2020-09-29 09:41:31.120,4.663,10000
2020-09-29 09:41:31.120,4.663,10000
2020-09-29 09:41:31.120,4.663,10000
2020-09-29 09:41:31.120,4.663,100
2020-09-29 09:41:31.120,4.663,1100
2020-09-29 09:41:31.120,4.663,100
2020-09-29 09:41:31.120,4.663,5000
2020-09-29 09:41:31.330,4.663,70000
2020-09-29 09:41:31.330,4.663,200
2020-09-29 09:41:31.330,4.663,19600
2020-09-29 09:41:31.330,4.664,10000
2020-09-29 09:41:31.330,4.664,2600
2020-09-29 09:41:31.330,4.664,49900
2020-09-29 09:41:31.980,4.665,2200
2020-09-29 09:41:31.980,4.665,500
2020-09-29 09:41:31.980,4.665,100
2020-09-29 09:41:31.980,4.665,7000
2020-09-29 09:41:31.980,4.665,3000
2020-09-29 09:41:31.980,4.665,200
2020-09-29 09:41:31.980,4.665,4000
2020-09-29 09:41:31.980,4.665,3000
2020-09-29 09:41:31.980,4.665,60000
2020-09-29 09:41:31.980,4.665,800
2020-09-29 09:41:31.980,4.665,14500
2020-09-29 09:41:32.890,4.665,2700
2020-09-29 09:41:33.010,4.665,116400
2020-09-29 09:41:33.010,4.664,37500
2020-09-29 09:41:33.010,4.664,3500
2020-09-29 09:41:33.010,4.663,32600
2020-09-29 09:41:34.440,4.664,100
2020-09-29 09:41:35.310,4.663,60000
2020-09-29 09:41:35.310,4.663,1200
2020-09-29 09:41:35.350,4.663,2000
2020-09-29 09:41:36.780,4.663,1000
2020-09-29 09:41:37.310,4.663,10000
2020-09-29 09:41:40.060,4.663,6000
2020-09-29 09:41:40.770,4.663,4000
2020-09-29 09:41:40.770,4.663,3800
2020-09-29 09:41:40.770,4.662,18500
2020-09-29 09:41:40.860,4.664,23400
2020-09-29 09:41:40.860,4.664,56600
2020-09-29 09:41:40.860,4.664,40000
2020-09-29 09:41:40.980,4.663,10000
2020-09-29 09:41:42.210,4.663,300
2020-09-29 09:41:42.580,4.663,2000
2020-09-29 09:41:43.950,4.663,4000
2020-09-29 09:41:44.810,4.663,200
2020-09-29 09:41:45.420,4.663,5000
2020-09-29 09:41:45.420,4.663,10000
2020-09-29 09:41:45.420,4.663,1000
2020-09-29 09:41:45.420,4.664,14200
2020-09-29 09:41:45.420,4.664,2700
2020-09-29 09:41:45.420,4.664,13100
2020-09-29 09:41:45.420,4.664,10000
2020-09-29 09:41:45.420,4.664,100
2020-09-29 09:41:45.420,4.664,200
2020-09-29 09:41:45.810,4.664,2000
2020-09-29 09:41:45.890,4.664,42600
2020-09-29 09:41:46.160,4.664,2500
2020-09-29 09:41:48.380,4.664,300
2020-09-29 09:41:49.540,4.664,100
2020-09-29 09:41:49.830,4.664,1600
2020-09-29 09:41:49.830,4.663,400
2020-09-29 09:41:51.430,4.663,8000
2020-09-29 09:41:51.430,4.663,2000
2020-09-29 09:41:52.040,4.663,10000
2020-09-29 09:41:52.100,4.663,40000
2020-09-29 09:41:52.100,4.663,20000
2020-09-29 09:41:52.970,4.663,100
2020-09-29 09:41:53.620,4.663,800
2020-09-29 09:41:53.920,4.663,100
2020-09-29 09:41:53.950,4.663,1300
2020-09-29 09:41:55.000,4.662,1000
2020-09-29 09:41:58.000,4.663,2800
2020-09-29 09:41:58.000,4.663,500
2020-09-29 09:41:58.000,4.663,16700
2020-09-29 09:41:58.020,4.663,10000
2020-09-29 09:41:58.020,4.663,10000
2020-09-29 09:41:58.020,4.663,10000
2020-09-29 09:41:58.020,4.663,10000
2020-09-29 09:41:58.020,4.663,100000
2020-09-29 09:41:58.020,4.663,10000
2020-09-29 09:41:58.020,4.663,70000
2020-09-29 09:41:59.360,4.663,63300
2020-09-29 09:41:59.960,4.664,5000
2020-09-29 09:42:00.050,4.663,10000
