Datetime,Price,Volume
2020-09-29 09:25:00.190,1.26,100
2020-09-29 09:30:03.570,1.265,20000
2020-09-29 09:30:13.060,1.265,10000
2020-09-29 09:30:47.550,1.265,3000
2020-09-29 09:31:06.940,1.265,2000
2020-09-29 09:32:11.700,1.263,200000
2020-09-29 09:32:13.980,1.263,7900
2020-09-29 09:32:27.540,1.263,7900
2020-09-29 09:32:27.920,1.263,7900
2020-09-29 09:32:28.380,1.263,7900
2020-09-29 09:32:28.790,1.263,8000
2020-09-29 09:32:29.200,1.263,7900
2020-09-29 09:32:29.680,1.263,7900
2020-09-29 09:32:30.130,1.263,8000
2020-09-29 09:32:41.880,1.263,8000
2020-09-29 09:36:12.120,1.262,8000
2020-09-29 09:36:36.070,1.262,192000
2020-09-29 09:37:13.310,1.262,500000
2020-09-29 09:39:09.360,1.263,800
2020-09-29 09:39:37.320,1.262,3100
2020-09-29 09:41:54.820,1.26,1900
2020-09-29 09:45:28.200,1.26,7900
2020-09-29 09:45:28.590,1.261,7800
2020-09-29 09:46:04.150,1.261,5000
2020-09-29 09:48:41.190,1.259,3000
2020-09-29 09:50:00.980,1.259,2000
2020-09-29 09:50:00.980,1.259,5000
2020-09-29 09:50:00.980,1.259,5000
2020-09-29 09:52:07.200,1.26,8000
2020-09-29 09:52:07.200,1.26,8000
2020-09-29 09:55:08.040,1.262,200000
2020-09-29 09:55:10.720,1.262,496900
2020-09-29 09:57:18.420,1.263,7900
2020-09-29 09:58:15.280,1.262,34000
2020-09-29 09:58:17.280,1.263,8000
2020-09-29 09:58:27.750,1.263,7900
2020-09-29 10:00:17.120,1.263,7900
2020-09-29 10:00:17.570,1.263,8000
2020-09-29 10:00:17.950,1.263,7900
2020-09-29 10:00:18.310,1.263,7900
2020-09-29 10:00:18.660,1.263,7900
2020-09-29 10:00:19.100,1.263,8000
2020-09-29 10:00:19.590,1.263,7900
2020-09-29 10:00:20.040,1.263,7900
2020-09-29 10:00:20.360,1.263,7900
2020-09-29 10:09:00.930,1.263,1800
2020-09-29 10:09:21.750,1.263,8000
2020-09-29 10:09:31.140,1.263,122900
2020-09-29 10:09:31.140,1.263,10000
2020-09-29 10:10:06.880,1.264,7800
2020-09-29 10:10:07.380,1.265,7700
2020-09-29 10:10:35.670,1.266,7900
2020-09-29 10:10:46.110,1.265,8000
2020-09-29 10:10:46.430,1.265,7900
2020-09-29 10:10:46.810,1.265,7900
2020-09-29 10:10:47.200,1.265,7900
2020-09-29 10:10:47.640,1.265,8000
2020-09-29 10:10:47.980,1.265,7900
2020-09-29 10:10:48.370,1.265,7900
2020-09-29 10:10:48.770,1.265,8000
2020-09-29 10:10:49.260,1.265,7900
2020-09-29 10:10:49.690,1.265,7900
2020-09-29 10:10:50.010,1.265,7900
2020-09-29 10:10:50.460,1.265,8000
2020-09-29 10:10:50.900,1.265,7900
2020-09-29 10:10:51.260,1.265,7900
2020-09-29 10:10:51.580,1.265,8000
2020-09-29 10:10:51.980,1.265,7900
2020-09-29 10:12:36.810,1.265,300000
2020-09-29 10:12:38.520,1.265,7700
2020-09-29 10:12:42.950,1.265,1900
2020-09-29 10:12:43.560,1.265,2000
2020-09-29 10:12:48.340,1.265,300000
2020-09-29 10:21:49.150,1.263,200000
2020-09-29 10:21:49.150,1.263,300000
2020-09-29 10:22:04.970,1.263,1800
2020-09-29 10:22:05.280,1.263,1900
2020-09-29 10:22:05.580,1.263,1800
2020-09-29 10:22:06.020,1.263,1900
2020-09-29 10:22:06.410,1.263,1800
2020-09-29 10:22:06.870,1.263,1900
2020-09-29 10:22:07.230,1.263,1900
2020-09-29 10:22:09.640,1.263,4700
2020-09-29 10:22:12.240,1.263,7800
2020-09-29 10:22:12.720,1.263,7800
2020-09-29 10:22:13.200,1.263,7800
2020-09-29 10:22:13.540,1.263,7800
2020-09-29 10:22:13.850,1.263,7800
2020-09-29 10:22:14.210,1.263,7500
2020-09-29 10:22:46.510,1.263,13500
2020-09-29 10:22:47.150,1.263,16800
2020-09-29 10:22:47.150,1.263,16800
2020-09-29 10:24:33.320,1.263,7700
2020-09-29 10:24:43.680,1.263,7900
2020-09-29 10:24:44.070,1.263,7300
2020-09-29 10:24:44.360,1.263,7300
2020-09-29 10:24:44.730,1.263,7300
2020-09-29 10:24:45.170,1.263,7300
2020-09-29 10:24:45.560,1.264,7300
2020-09-29 10:26:12.820,1.263,7700
2020-09-29 10:26:26.610,1.263,8000
2020-09-29 10:26:27.040,1.263,7900
2020-09-29 10:26:27.460,1.263,7900
2020-09-29 10:26:27.820,1.263,8000
2020-09-29 10:26:28.200,1.263,7900
2020-09-29 10:26:28.510,1.263,7900
2020-09-29 10:26:28.860,1.263,8000
2020-09-29 10:26:29.240,1.263,7900
2020-09-29 10:26:29.650,1.263,7900
2020-09-29 10:26:30.030,1.263,8000
2020-09-29 10:26:30.380,1.263,7900
2020-09-29 10:26:30.720,1.263,7900
2020-09-29 10:26:31.120,1.263,8000
2020-09-29 10:26:31.480,1.263,7900
2020-09-29 10:26:31.870,1.263,7900
2020-09-29 10:26:32.250,1.263,7400
2020-09-29 10:27:01.340,1.263,8000
2020-09-29 10:27:01.670,1.263,7900
2020-09-29 10:27:01.980,1.263,7900
2020-09-29 10:27:02.450,1.263,8000
2020-09-29 10:29:33.870,1.264,7700
2020-09-29 10:30:00.930,1.264,7700
2020-09-29 10:30:01.250,1.264,7700
2020-09-29 10:30:01.640,1.264,7800
2020-09-29 10:30:02.350,1.264,15600
2020-09-29 10:30:03.050,1.264,23800
2020-09-29 10:30:04.180,1.264,15400
2020-09-29 10:30:05.330,1.265,18900
2020-09-29 10:30:27.640,1.264,23700
2020-09-29 10:36:35.740,1.263,5000
2020-09-29 10:46:52.270,1.261,80000
2020-09-29 10:51:30.780,1.261,3000
2020-09-29 10:59:50.140,1.262,280000
2020-09-29 11:00:12.390,1.261,4900
2020-09-29 11:00:16.960,1.261,195100
2020-09-29 11:00:16.960,1.261,15000
2020-09-29 11:04:24.250,1.26,1000
2020-09-29 11:04:24.250,1.26,199000
2020-09-29 11:04:24.850,1.26,101000
2020-09-29 11:11:31.180,1.262,50000
2020-09-29 11:20:27.260,1.262,39900
2020-09-29 11:20:27.260,1.262,10100
2020-09-29 11:28:16.560,1.262,300
2020-09-29 13:03:49.460,1.262,5000
2020-09-29 13:10:49.300,1.262,8000
2020-09-29 13:11:51.160,1.262,14800
2020-09-29 13:14:12.510,1.262,1100
2020-09-29 13:14:57.790,1.262,2200
2020-09-29 13:15:02.820,1.262,7400
2020-09-29 13:15:06.690,1.262,400
2020-09-29 13:17:23.390,1.261,300
2020-09-29 13:30:53.090,1.259,5000
2020-09-29 13:30:53.090,1.259,5000
2020-09-29 13:35:35.900,1.26,4000
2020-09-29 13:49:31.780,1.261,300000
2020-09-29 13:59:05.000,1.261,156000
2020-09-29 14:00:30.600,1.262,460000
2020-09-29 14:06:13.250,1.262,6100
2020-09-29 14:06:13.250,1.262,155000
2020-09-29 14:09:19.320,1.264,300
2020-09-29 14:09:53.540,1.265,300
2020-09-29 14:10:14.280,1.265,1100
2020-09-29 14:10:21.900,1.265,8600
2020-09-29 14:17:11.380,1.265,1100
2020-09-29 14:25:02.200,1.263,1000
2020-09-29 14:26:31.540,1.262,1000
2020-09-29 14:41:32.560,1.26,4000
2020-09-29 14:44:32.250,1.26,5000
2020-09-29 14:51:47.870,1.26,2000
2020-09-29 14:51:57.570,1.26,19000
2020-09-29 14:51:57.570,1.26,10000
2020-09-29 14:58:16.780,1.261,2000
2020-09-29 14:58:50.820,1.26,15800
2020-09-29 14:58:50.820,1.259,39800
