Datetime,Price,Volume
2020-08-21 09:25:00.350,3.333,700
2020-08-21 09:25:00.350,3.333,11300
2020-08-21 09:25:00.350,3.333,9600
2020-08-21 09:25:00.350,3.333,3000
2020-08-21 09:25:00.350,3.333,6000
2020-08-21 09:25:00.350,3.333,28000
2020-08-21 09:25:00.350,3.333,10000
2020-08-21 09:25:00.350,3.333,3000
2020-08-21 09:25:00.350,3.333,100
2020-08-21 09:25:00.350,3.333,12000
2020-08-21 09:25:00.350,3.333,14700
2020-08-21 09:25:00.350,3.333,8000
2020-08-21 09:25:00.350,3.333,500
2020-08-21 09:25:00.350,3.333,1800
2020-08-21 09:25:00.350,3.333,3200
2020-08-21 09:25:00.350,3.333,10000
2020-08-21 09:25:00.350,3.333,11800
2020-08-21 09:25:00.350,3.333,5800
2020-08-21 09:25:00.350,3.333,600
2020-08-21 09:25:00.350,3.333,7300
2020-08-21 09:25:00.350,3.333,25000
2020-08-21 09:25:00.350,3.333,25000
2020-08-21 09:25:00.350,3.333,26100
2020-08-21 09:25:00.350,3.333,1000
2020-08-21 09:25:00.350,3.333,200
2020-08-21 09:25:00.350,3.333,500
2020-08-21 09:25:00.350,3.333,200
2020-08-21 09:25:00.350,3.333,2000
2020-08-21 09:25:00.350,3.333,2500
2020-08-21 09:25:00.350,3.333,500
2020-08-21 09:25:00.350,3.333,7000
2020-08-21 09:25:00.350,3.333,8204
2020-08-21 09:25:00.350,3.333,3000
2020-08-21 09:25:00.350,3.333,5796
2020-08-21 09:25:00.350,3.333,20204
2020-08-21 09:25:00.350,3.333,100
2020-08-21 09:25:00.350,3.333,17400
2020-08-21 09:25:00.350,3.333,100
2020-08-21 09:25:00.350,3.333,400
2020-08-21 09:25:00.350,3.333,1800
2020-08-21 09:25:00.350,3.333,300
2020-08-21 09:25:00.350,3.333,2600
2020-08-21 09:25:00.350,3.333,2600
2020-08-21 09:25:00.350,3.333,200
2020-08-21 09:25:00.350,3.333,200
2020-08-21 09:25:00.350,3.333,3000
2020-08-21 09:25:00.350,3.333,8296
2020-08-21 09:25:00.350,3.333,100
2020-08-21 09:25:00.350,3.333,4000
2020-08-21 09:25:00.350,3.333,1004
2020-08-21 09:25:00.350,3.333,500
2020-08-21 09:25:00.350,3.333,300
2020-08-21 09:25:00.350,3.333,9596
2020-08-21 09:25:00.350,3.333,15604
2020-08-21 09:25:00.350,3.333,3300
2020-08-21 09:25:00.350,3.333,600
2020-08-21 09:25:00.350,3.333,1200
2020-08-21 09:25:00.350,3.333,1000
2020-08-21 09:25:00.350,3.333,1000
2020-08-21 09:25:00.350,3.333,100
2020-08-21 09:25:00.350,3.333,100
2020-08-21 09:25:00.350,3.333,11600
2020-08-21 09:25:00.350,3.333,3000
2020-08-21 09:25:00.350,3.333,200
2020-08-21 09:25:00.350,3.333,10000
2020-08-21 09:25:00.350,3.333,200
2020-08-21 09:25:00.350,3.333,300
2020-08-21 09:25:00.350,3.333,1000
2020-08-21 09:25:00.350,3.333,6000
2020-08-21 09:25:00.350,3.333,300
2020-08-21 09:25:00.350,3.333,500
2020-08-21 09:25:00.350,3.333,1000
2020-08-21 09:25:00.350,3.333,10000
2020-08-21 09:25:00.350,3.333,2000
2020-08-21 09:25:00.350,3.333,100
2020-08-21 09:25:00.350,3.333,300
2020-08-21 09:25:00.350,3.333,1000
2020-08-21 09:25:00.350,3.333,2000
2020-08-21 09:25:00.350,3.333,10000
2020-08-21 09:25:00.350,3.333,6000
2020-08-21 09:25:00.350,3.333,10000
2020-08-21 09:25:00.350,3.333,5000
2020-08-21 09:25:00.350,3.333,6596
2020-08-21 09:25:00.350,3.333,2304
2020-08-21 09:25:00.350,3.333,10000
2020-08-21 09:25:00.350,3.333,1000
2020-08-21 09:25:00.350,3.333,3500
2020-08-21 09:25:00.350,3.333,100
2020-08-21 09:25:00.350,3.333,5000
2020-08-21 09:25:00.350,3.333,500
2020-08-21 09:25:00.350,3.333,4000
2020-08-21 09:25:00.350,3.333,11000
2020-08-21 09:25:00.350,3.333,200
2020-08-21 09:25:00.350,3.333,1000
2020-08-21 09:25:00.350,3.333,4400
2020-08-21 09:25:00.350,3.333,10000
2020-08-21 09:25:00.350,3.333,6000
2020-08-21 09:25:00.350,3.333,1000
2020-08-21 09:25:00.350,3.333,3500
2020-08-21 09:25:00.350,3.333,2000
2020-08-21 09:25:00.350,3.333,300
2020-08-21 09:25:00.350,3.333,200
2020-08-21 09:25:00.350,3.333,500
2020-08-21 09:25:00.350,3.333,500
2020-08-21 09:25:00.350,3.333,15000
2020-08-21 09:25:00.350,3.333,5000
2020-08-21 09:25:00.350,3.333,10000
2020-08-21 09:25:00.350,3.333,500
2020-08-21 09:25:00.350,3.333,100
2020-08-21 09:25:00.350,3.333,2396
2020-08-21 09:25:00.350,3.333,604
2020-08-21 09:25:00.350,3.333,6000
2020-08-21 09:25:00.350,3.333,3396
2020-08-21 09:25:00.350,3.333,1000
2020-08-21 09:25:00.350,3.333,100
2020-08-21 09:25:00.350,3.333,100
2020-08-21 09:25:00.350,3.333,100
2020-08-21 09:25:00.350,3.333,100
2020-08-21 09:25:00.350,3.333,100
2020-08-21 09:25:00.350,3.333,100
2020-08-21 09:25:00.350,3.333,4
2020-08-21 09:25:00.350,3.333,96
2020-08-21 09:25:00.350,3.333,4
2020-08-21 09:25:00.350,3.333,96
2020-08-21 09:25:00.350,3.333,100
2020-08-21 09:25:00.350,3.333,100
2020-08-21 09:25:00.350,3.333,100
2020-08-21 09:25:00.350,3.333,100
2020-08-21 09:25:00.350,3.333,100
2020-08-21 09:25:00.350,3.333,100
2020-08-21 09:25:00.350,3.333,100
2020-08-21 09:25:00.350,3.333,100
2020-08-21 09:25:00.350,3.333,100
2020-08-21 09:25:00.350,3.333,100
2020-08-21 09:25:00.350,3.333,100
2020-08-21 09:25:00.350,3.333,100
2020-08-21 09:25:00.350,3.333,100
2020-08-21 09:25:00.350,3.333,100
2020-08-21 09:25:00.350,3.333,100
2020-08-21 09:25:00.350,3.333,100
2020-08-21 09:25:00.350,3.333,100
2020-08-21 09:25:00.350,3.333,100
2020-08-21 09:25:00.350,3.333,100
2020-08-21 09:25:00.350,3.333,100
2020-08-21 09:25:00.350,3.333,100
2020-08-21 09:25:00.350,3.333,100
2020-08-21 09:25:00.350,3.333,100
2020-08-21 09:25:00.350,3.333,100
2020-08-21 09:25:00.350,3.333,100
2020-08-21 09:25:00.350,3.333,100
2020-08-21 09:25:00.350,3.333,100
2020-08-21 09:25:00.350,3.333,100
2020-08-21 09:25:00.350,3.333,100
2020-08-21 09:25:00.350,3.333,100
2020-08-21 09:25:00.350,3.333,100
2020-08-21 09:25:00.350,3.333,100
2020-08-21 09:25:00.350,3.333,100
2020-08-21 09:25:00.350,3.333,100
2020-08-21 09:25:00.350,3.333,100
2020-08-21 09:25:00.350,3.333,100
2020-08-21 09:25:00.350,3.333,100
2020-08-21 09:25:00.350,3.333,100
2020-08-21 09:25:00.350,3.333,100
2020-08-21 09:25:00.350,3.333,100
2020-08-21 09:25:00.350,3.333,100
2020-08-21 09:25:00.350,3.333,100
2020-08-21 09:25:00.350,3.333,100
2020-08-21 09:25:00.350,3.333,100
2020-08-21 09:25:00.350,3.333,100
2020-08-21 09:25:00.350,3.333,100
2020-08-21 09:25:00.350,3.333,100
2020-08-21 09:25:00.350,3.333,100
2020-08-21 09:25:00.350,3.333,100
2020-08-21 09:25:00.350,3.333,100
2020-08-21 09:25:00.350,3.333,100
2020-08-21 09:25:00.350,3.333,100
2020-08-21 09:25:00.350,3.333,100
2020-08-21 09:25:00.350,3.333,100
2020-08-21 09:25:00.350,3.333,100
2020-08-21 09:25:00.350,3.333,100
2020-08-21 09:25:00.350,3.333,100
2020-08-21 09:25:00.350,3.333,100
2020-08-21 09:25:00.350,3.333,100
2020-08-21 09:25:00.350,3.333,100
2020-08-21 09:25:00.350,3.333,100
2020-08-21 09:25:00.350,3.333,100
2020-08-21 09:25:00.350,3.333,100
2020-08-21 09:25:00.350,3.333,100
2020-08-21 09:25:00.350,3.333,100
2020-08-21 09:25:00.350,3.333,100
2020-08-21 09:25:00.350,3.333,100
2020-08-21 09:25:00.350,3.333,100
2020-08-21 09:25:00.350,3.333,100
2020-08-21 09:25:00.350,3.333,100
2020-08-21 09:25:00.350,3.333,100
2020-08-21 09:25:00.350,3.333,100
2020-08-21 09:25:00.350,3.333,100
2020-08-21 09:25:00.350,3.333,100
2020-08-21 09:25:00.350,3.333,100
2020-08-21 09:25:00.350,3.333,100
2020-08-21 09:25:00.350,3.333,100
2020-08-21 09:25:00.350,3.333,100
2020-08-21 09:25:00.350,3.333,100
2020-08-21 09:25:00.350,3.333,100
2020-08-21 09:25:00.350,3.333,100
2020-08-21 09:25:00.350,3.333,100
2020-08-21 09:25:00.350,3.333,100
2020-08-21 09:25:00.350,3.333,100
2020-08-21 09:25:00.350,3.333,100
2020-08-21 09:25:00.350,3.333,100
2020-08-21 09:25:00.350,3.333,100
2020-08-21 09:25:00.350,3.333,100
2020-08-21 09:25:00.350,3.333,100
2020-08-21 09:25:00.350,3.333,100
2020-08-21 09:25:00.350,3.333,100
2020-08-21 09:25:00.350,3.333,100
2020-08-21 09:25:00.350,3.333,100
2020-08-21 09:25:00.350,3.333,100
2020-08-21 09:25:00.350,3.333,100
2020-08-21 09:25:00.350,3.333,100
2020-08-21 09:25:00.350,3.333,100
2020-08-21 09:25:00.350,3.333,100
2020-08-21 09:25:00.350,3.333,100
2020-08-21 09:25:00.350,3.333,4
2020-08-21 09:25:00.350,3.333,96
2020-08-21 09:25:00.350,3.333,100
2020-08-21 09:25:00.350,3.333,100
2020-08-21 09:25:00.350,3.333,100
2020-08-21 09:25:00.350,3.333,100
2020-08-21 09:25:00.350,3.333,100
2020-08-21 09:25:00.350,3.333,100
2020-08-21 09:25:00.350,3.333,100
2020-08-21 09:25:00.350,3.333,100
2020-08-21 09:25:00.350,3.333,100
2020-08-21 09:25:00.350,3.333,100
2020-08-21 09:25:00.350,3.333,100
2020-08-21 09:25:00.350,3.333,100
2020-08-21 09:25:00.350,3.333,100
2020-08-21 09:25:00.350,3.333,100
2020-08-21 09:25:00.350,3.333,4
2020-08-21 09:25:00.350,3.333,96
2020-08-21 09:25:00.350,3.333,100
2020-08-21 09:25:00.350,3.333,100
2020-08-21 09:25:00.350,3.333,100
2020-08-21 09:25:00.350,3.333,100
2020-08-21 09:25:00.350,3.333,100
2020-08-21 09:25:00.350,3.333,100
2020-08-21 09:25:00.350,3.333,100
2020-08-21 09:25:00.350,3.333,100
2020-08-21 09:25:00.350,3.333,100
2020-08-21 09:25:00.350,3.333,100
2020-08-21 09:25:00.350,3.333,100
2020-08-21 09:25:00.350,3.333,100
2020-08-21 09:25:00.350,3.333,100
2020-08-21 09:25:00.350,3.333,100
2020-08-21 09:25:00.350,3.333,100
2020-08-21 09:25:00.350,3.333,100
2020-08-21 09:25:00.350,3.333,100
2020-08-21 09:25:00.350,3.333,100
2020-08-21 09:25:00.350,3.333,100
2020-08-21 09:25:00.350,3.333,100
2020-08-21 09:25:00.350,3.333,100
2020-08-21 09:25:00.350,3.333,100
2020-08-21 09:25:00.350,3.333,100
2020-08-21 09:25:00.350,3.333,100
2020-08-21 09:25:00.350,3.333,100
2020-08-21 09:25:00.350,3.333,100
2020-08-21 09:25:00.350,3.333,100
2020-08-21 09:25:00.350,3.333,100
2020-08-21 09:25:00.350,3.333,100
2020-08-21 09:25:00.350,3.333,100
2020-08-21 09:25:00.350,3.333,100
2020-08-21 09:25:00.350,3.333,100
2020-08-21 09:25:00.350,3.333,4
2020-08-21 09:25:00.350,3.333,96
2020-08-21 09:25:00.350,3.333,100
2020-08-21 09:25:00.350,3.333,100
2020-08-21 09:25:00.350,3.333,100
2020-08-21 09:25:00.350,3.333,100
2020-08-21 09:25:00.350,3.333,100
2020-08-21 09:25:00.350,3.333,100
2020-08-21 09:25:00.350,3.333,100
2020-08-21 09:25:00.350,3.333,100
2020-08-21 09:25:00.350,3.333,100
2020-08-21 09:25:00.350,3.333,4
2020-08-21 09:25:00.350,3.333,96
2020-08-21 09:25:00.350,3.333,100
2020-08-21 09:25:00.350,3.333,100
2020-08-21 09:25:00.350,3.333,100
2020-08-21 09:25:00.350,3.333,100
2020-08-21 09:25:00.350,3.333,100
2020-08-21 09:25:00.350,3.333,100
2020-08-21 09:25:00.350,3.333,100
2020-08-21 09:25:00.350,3.333,100
2020-08-21 09:25:00.350,3.333,100
2020-08-21 09:25:00.350,3.333,100
2020-08-21 09:25:00.350,3.333,100
2020-08-21 09:25:00.350,3.333,100
2020-08-21 09:25:00.350,3.333,100
2020-08-21 09:25:00.350,3.333,100
2020-08-21 09:25:00.350,3.333,100
2020-08-21 09:25:00.350,3.333,100
2020-08-21 09:25:00.350,3.333,100
2020-08-21 09:25:00.350,3.333,100
2020-08-21 09:25:00.350,3.333,100
2020-08-21 09:25:00.350,3.333,100
2020-08-21 09:25:00.350,3.333,100
2020-08-21 09:25:00.350,3.333,100
2020-08-21 09:25:00.350,3.333,100
2020-08-21 09:25:00.350,3.333,100
2020-08-21 09:25:00.350,3.333,100
2020-08-21 09:25:00.350,3.333,100
2020-08-21 09:25:00.350,3.333,100
2020-08-21 09:25:00.350,3.333,100
2020-08-21 09:25:00.350,3.333,100
2020-08-21 09:25:00.350,3.333,100
2020-08-21 09:25:00.350,3.333,100
2020-08-21 09:25:00.350,3.333,4
2020-08-21 09:25:00.350,3.333,96
2020-08-21 09:25:00.350,3.333,4
2020-08-21 09:25:00.350,3.333,96
2020-08-21 09:25:00.350,3.333,100
2020-08-21 09:25:00.350,3.333,100
2020-08-21 09:25:00.350,3.333,100
2020-08-21 09:25:00.350,3.333,100
2020-08-21 09:25:00.350,3.333,100
2020-08-21 09:25:00.350,3.333,100
2020-08-21 09:25:00.350,3.333,100
2020-08-21 09:25:00.350,3.333,100
2020-08-21 09:25:00.350,3.333,100
2020-08-21 09:25:00.350,3.333,100
2020-08-21 09:25:00.350,3.333,100
2020-08-21 09:25:00.350,3.333,100
2020-08-21 09:25:00.350,3.333,100
2020-08-21 09:25:00.350,3.333,100
2020-08-21 09:25:00.350,3.333,100
2020-08-21 09:25:00.350,3.333,100
2020-08-21 09:25:00.350,3.333,100
2020-08-21 09:25:00.350,3.333,100
2020-08-21 09:25:00.350,3.333,100
2020-08-21 09:25:00.350,3.333,100
2020-08-21 09:25:00.350,3.333,100
2020-08-21 09:25:00.350,3.333,100
2020-08-21 09:25:00.350,3.333,100
2020-08-21 09:25:00.350,3.333,100
2020-08-21 09:25:00.350,3.333,100
2020-08-21 09:25:00.350,3.333,100
2020-08-21 09:25:00.350,3.333,100
2020-08-21 09:25:00.350,3.333,100
2020-08-21 09:25:00.350,3.333,100
2020-08-21 09:25:00.350,3.333,100
2020-08-21 09:25:00.350,3.333,100
2020-08-21 09:25:00.350,3.333,100
2020-08-21 09:25:00.350,3.333,100
2020-08-21 09:25:00.350,3.333,100
2020-08-21 09:25:00.350,3.333,100
2020-08-21 09:25:00.350,3.333,100
2020-08-21 09:25:00.350,3.333,100
2020-08-21 09:25:00.350,3.333,100
2020-08-21 09:25:00.350,3.333,100
2020-08-21 09:25:00.350,3.333,100
2020-08-21 09:25:00.350,3.333,100
2020-08-21 09:25:00.350,3.333,100
2020-08-21 09:25:00.350,3.333,100
2020-08-21 09:25:00.350,3.333,100
2020-08-21 09:25:00.350,3.333,100
2020-08-21 09:25:00.350,3.333,100
2020-08-21 09:25:00.350,3.333,100
2020-08-21 09:25:00.350,3.333,100
2020-08-21 09:25:00.350,3.333,100
2020-08-21 09:25:00.350,3.333,100
2020-08-21 09:25:00.350,3.333,100
2020-08-21 09:25:00.350,3.333,100
2020-08-21 09:25:00.350,3.333,100
2020-08-21 09:25:00.350,3.333,100
2020-08-21 09:25:00.350,3.333,100
2020-08-21 09:25:00.350,3.333,100
2020-08-21 09:25:00.350,3.333,100
2020-08-21 09:25:00.350,3.333,100
2020-08-21 09:25:00.350,3.333,100
2020-08-21 09:25:00.350,3.333,100
2020-08-21 09:25:00.350,3.333,100
2020-08-21 09:25:00.350,3.333,100
2020-08-21 09:25:00.350,3.333,100
2020-08-21 09:25:00.350,3.333,100
2020-08-21 09:25:00.350,3.333,100
2020-08-21 09:25:00.350,3.333,100
2020-08-21 09:25:00.350,3.333,100
2020-08-21 09:25:00.350,3.333,100
2020-08-21 09:25:00.350,3.333,100
2020-08-21 09:25:00.350,3.333,100
2020-08-21 09:25:00.350,3.333,100
2020-08-21 09:25:00.350,3.333,100
2020-08-21 09:25:00.350,3.333,100
2020-08-21 09:25:00.350,3.333,100
2020-08-21 09:25:00.350,3.333,100
2020-08-21 09:25:00.350,3.333,100
2020-08-21 09:25:00.350,3.333,100
2020-08-21 09:25:00.350,3.333,100
2020-08-21 09:25:00.350,3.333,100
2020-08-21 09:25:00.350,3.333,100
2020-08-21 09:25:00.350,3.333,100
2020-08-21 09:25:00.350,3.333,100
2020-08-21 09:25:00.350,3.333,100
2020-08-21 09:25:00.350,3.333,100
2020-08-21 09:25:00.350,3.333,100
2020-08-21 09:25:00.350,3.333,100
2020-08-21 09:25:00.350,3.333,100
2020-08-21 09:25:00.350,3.333,100
2020-08-21 09:25:00.350,3.333,100
2020-08-21 09:25:00.350,3.333,100
2020-08-21 09:25:00.350,3.333,100
2020-08-21 09:25:00.350,3.333,100
2020-08-21 09:25:00.350,3.333,100
2020-08-21 09:25:00.350,3.333,100
2020-08-21 09:25:00.350,3.333,100
2020-08-21 09:25:00.350,3.333,100
2020-08-21 09:25:00.350,3.333,100
2020-08-21 09:25:00.350,3.333,100
2020-08-21 09:25:00.350,3.333,100
2020-08-21 09:25:00.350,3.333,100
2020-08-21 09:25:00.350,3.333,100
2020-08-21 09:25:00.350,3.333,100
2020-08-21 09:25:00.350,3.333,100
2020-08-21 09:25:00.350,3.333,100
2020-08-21 09:25:00.350,3.333,100
2020-08-21 09:25:00.350,3.333,100
2020-08-21 09:25:00.350,3.333,100
2020-08-21 09:25:00.350,3.333,100
2020-08-21 09:25:00.350,3.333,100
2020-08-21 09:25:00.350,3.333,100
2020-08-21 09:25:00.350,3.333,100
2020-08-21 09:25:00.350,3.333,100
2020-08-21 09:25:00.350,3.333,100
2020-08-21 09:25:00.350,3.333,100
2020-08-21 09:25:00.350,3.333,100
2020-08-21 09:25:00.350,3.333,100
2020-08-21 09:25:00.350,3.333,100
2020-08-21 09:25:00.350,3.333,100
2020-08-21 09:25:00.350,3.333,100
2020-08-21 09:25:00.350,3.333,100
2020-08-21 09:25:00.350,3.333,100
2020-08-21 09:25:00.350,3.333,100
2020-08-21 09:25:00.350,3.333,100
2020-08-21 09:25:00.350,3.333,100
2020-08-21 09:25:00.350,3.333,100
2020-08-21 09:25:00.350,3.333,100
2020-08-21 09:25:00.350,3.333,100
2020-08-21 09:25:00.350,3.333,100
2020-08-21 09:25:00.350,3.333,100
2020-08-21 09:25:00.350,3.333,100
2020-08-21 09:25:00.350,3.333,100
2020-08-21 09:25:00.350,3.333,100
2020-08-21 09:25:00.350,3.333,100
2020-08-21 09:25:00.350,3.333,100
2020-08-21 09:25:00.350,3.333,100
2020-08-21 09:25:00.350,3.333,100
2020-08-21 09:25:00.350,3.333,100
2020-08-21 09:25:00.350,3.333,100
2020-08-21 09:25:00.350,3.333,100
2020-08-21 09:25:00.350,3.333,100
2020-08-21 09:25:00.350,3.333,100
2020-08-21 09:25:00.350,3.333,100
2020-08-21 09:25:00.350,3.333,100
2020-08-21 09:25:00.350,3.333,100
2020-08-21 09:25:00.350,3.333,100
2020-08-21 09:25:00.350,3.333,100
2020-08-21 09:25:00.350,3.333,100
2020-08-21 09:25:00.350,3.333,100
2020-08-21 09:25:00.350,3.333,100
2020-08-21 09:25:00.350,3.333,100
2020-08-21 09:25:00.350,3.333,100
2020-08-21 09:25:00.350,3.333,100
2020-08-21 09:25:00.350,3.333,100
2020-08-21 09:25:00.350,3.333,100
2020-08-21 09:25:00.350,3.333,100
2020-08-21 09:25:00.350,3.333,100
2020-08-21 09:25:00.350,3.333,100
2020-08-21 09:25:00.350,3.333,100
2020-08-21 09:25:00.350,3.333,100
2020-08-21 09:25:00.350,3.333,100
2020-08-21 09:25:00.350,3.333,100
2020-08-21 09:25:00.350,3.333,100
2020-08-21 09:25:00.350,3.333,100
2020-08-21 09:25:00.350,3.333,100
2020-08-21 09:25:00.350,3.333,100
2020-08-21 09:25:00.350,3.333,100
2020-08-21 09:25:00.350,3.333,100
2020-08-21 09:25:00.350,3.333,100
2020-08-21 09:25:00.350,3.333,100
2020-08-21 09:25:00.350,3.333,100
2020-08-21 09:25:00.350,3.333,100
2020-08-21 09:25:00.350,3.333,100
2020-08-21 09:25:00.350,3.333,100
2020-08-21 09:25:00.350,3.333,100
2020-08-21 09:25:00.350,3.333,100
2020-08-21 09:25:00.350,3.333,100
2020-08-21 09:25:00.350,3.333,100
2020-08-21 09:25:00.350,3.333,100
2020-08-21 09:25:00.350,3.333,100
2020-08-21 09:25:00.350,3.333,100
2020-08-21 09:25:00.350,3.333,100
2020-08-21 09:25:00.350,3.333,100
2020-08-21 09:25:00.350,3.333,100
2020-08-21 09:25:00.350,3.333,100
2020-08-21 09:25:00.350,3.333,100
2020-08-21 09:25:00.350,3.333,100
2020-08-21 09:25:00.350,3.333,100
2020-08-21 09:25:00.350,3.333,100
2020-08-21 09:25:00.350,3.333,100
2020-08-21 09:25:00.350,3.333,100
2020-08-21 09:25:00.350,3.333,100
2020-08-21 09:25:00.350,3.333,100
2020-08-21 09:25:00.350,3.333,100
2020-08-21 09:25:00.350,3.333,100
2020-08-21 09:25:00.350,3.333,100
2020-08-21 09:25:00.350,3.333,100
2020-08-21 09:25:00.350,3.333,100
2020-08-21 09:25:00.350,3.333,100
2020-08-21 09:25:00.350,3.333,100
2020-08-21 09:25:00.350,3.333,100
2020-08-21 09:25:00.350,3.333,100
2020-08-21 09:25:00.350,3.333,64804
2020-08-21 09:25:00.350,3.333,1000
2020-08-21 09:25:00.350,3.333,6000
2020-08-21 09:25:00.350,3.333,10000
2020-08-21 09:25:00.350,3.333,12000
2020-08-21 09:25:00.350,3.333,4000
2020-08-21 09:25:00.350,3.333,100
2020-08-21 09:25:00.350,3.333,5000
2020-08-21 09:25:00.350,3.333,100
2020-08-21 09:25:00.350,3.333,5000
2020-08-21 09:25:00.350,3.333,500
2020-08-21 09:25:00.350,3.333,10000
2020-08-21 09:25:00.350,3.333,2000
2020-08-21 09:25:00.350,3.333,37200
2020-08-21 09:25:00.350,3.333,2296
2020-08-21 09:25:00.350,3.333,1204
2020-08-21 09:25:00.350,3.333,1000
2020-08-21 09:25:00.350,3.333,2000
2020-08-21 09:25:00.350,3.333,300
2020-08-21 09:25:00.350,3.333,10000
2020-08-21 09:25:00.350,3.333,5000
2020-08-21 09:25:00.350,3.333,2000
2020-08-21 09:25:00.350,3.333,500
2020-08-21 09:25:00.350,3.333,2900
2020-08-21 09:25:00.350,3.333,200
2020-08-21 09:25:00.350,3.333,100
2020-08-21 09:25:00.350,3.333,6000
2020-08-21 09:25:00.350,3.333,300
2020-08-21 09:25:00.350,3.333,5800
2020-08-21 09:25:00.350,3.333,2000
2020-08-21 09:25:00.350,3.333,200
2020-08-21 09:25:00.350,3.333,1000
2020-08-21 09:25:00.350,3.333,10000
2020-08-21 09:25:00.350,3.333,6000
2020-08-21 09:25:00.350,3.333,3496
2020-08-21 09:25:00.350,3.333,2504
2020-08-21 09:25:00.350,3.333,5000
2020-08-21 09:25:00.350,3.333,4300
2020-08-21 09:25:00.350,3.333,5700
2020-08-21 09:25:00.350,3.333,2000
2020-08-21 09:25:00.350,3.333,5000
2020-08-21 09:25:00.350,3.333,500
2020-08-21 09:25:00.350,3.333,100
2020-08-21 09:25:00.350,3.333,5000
2020-08-21 09:25:00.350,3.333,5000
2020-08-21 09:25:00.350,3.333,9000
2020-08-21 09:25:00.350,3.333,500
2020-08-21 09:25:00.350,3.333,2500
2020-08-21 09:25:00.350,3.333,200
2020-08-21 09:25:00.350,3.333,50000
2020-08-21 09:25:00.350,3.333,1500
2020-08-21 09:25:00.350,3.333,26000
2020-08-21 09:25:00.350,3.333,11000
2020-08-21 09:25:00.350,3.333,100
2020-08-21 09:25:00.350,3.333,1000
2020-08-21 09:25:00.350,3.333,3500
2020-08-21 09:25:00.350,3.333,100
2020-08-21 09:25:00.350,3.333,200
2020-08-21 09:25:00.350,3.333,1000
2020-08-21 09:25:00.350,3.333,5000
2020-08-21 09:25:00.350,3.333,5000
2020-08-21 09:25:00.350,3.333,3100
2020-08-21 09:25:00.350,3.333,10000
2020-08-21 09:25:00.350,3.333,14900
2020-08-21 09:25:00.350,3.333,100
2020-08-21 09:25:00.350,3.333,10000
2020-08-21 09:25:00.350,3.333,1100
2020-08-21 09:25:00.350,3.333,1000
2020-08-21 09:25:00.350,3.333,7500
2020-08-21 09:25:00.350,3.333,10500
2020-08-21 09:25:00.350,3.333,200
2020-08-21 09:25:00.350,3.333,200
2020-08-21 09:25:00.350,3.333,2000
2020-08-21 09:25:00.350,3.333,2500
2020-08-21 09:25:00.350,3.333,10000
2020-08-21 09:25:00.350,3.333,5000
2020-08-21 09:25:00.350,3.333,10000
2020-08-21 09:25:00.350,3.333,300
2020-08-21 09:25:00.350,3.333,1000
2020-08-21 09:25:00.350,3.333,58000
2020-08-21 09:25:00.350,3.333,6000
2020-08-21 09:25:00.350,3.333,50000
2020-08-21 09:25:00.350,3.333,2500
2020-08-21 09:25:00.350,3.333,1500
2020-08-21 09:25:00.350,3.333,2000
2020-08-21 09:25:00.350,3.333,5000
2020-08-21 09:25:00.350,3.333,500
2020-08-21 09:25:00.350,3.333,30000
2020-08-21 09:25:00.350,3.333,10000
2020-08-21 09:25:00.350,3.333,1000
2020-08-21 09:25:00.350,3.333,3000
2020-08-21 09:25:00.350,3.333,300
2020-08-21 09:25:00.350,3.333,200
2020-08-21 09:25:00.350,3.333,10000
2020-08-21 09:25:00.350,3.333,700
2020-08-21 09:25:00.350,3.333,10000
2020-08-21 09:25:00.350,3.333,5000
2020-08-21 09:25:00.350,3.333,100
2020-08-21 09:25:00.350,3.333,100
2020-08-21 09:25:00.350,3.333,1000
2020-08-21 09:25:00.350,3.333,200
2020-08-21 09:25:00.350,3.333,1000
2020-08-21 09:25:00.350,3.333,500
2020-08-21 09:25:00.350,3.333,10000
2020-08-21 09:25:00.350,3.333,6000
2020-08-21 09:25:00.350,3.333,5700
2020-08-21 09:25:00.350,3.333,438596
2020-08-21 09:25:00.350,3.333,50000
2020-08-21 09:25:00.350,3.333,11404
2020-08-21 09:25:00.350,3.333,1500
2020-08-21 09:25:00.350,3.333,1000
2020-08-21 09:25:00.350,3.333,5000
2020-08-21 09:25:00.350,3.333,6000
2020-08-21 09:25:00.350,3.333,10000
2020-08-21 09:25:00.350,3.333,1000
2020-08-21 09:25:00.350,3.333,600
2020-08-21 09:25:00.350,3.333,1000
2020-08-21 09:25:00.350,3.333,5000
2020-08-21 09:25:00.350,3.333,7496
2020-08-21 09:25:00.350,3.333,6704
2020-08-21 09:25:00.350,3.333,5000
2020-08-21 09:25:00.350,3.333,15000
2020-08-21 09:25:00.350,3.333,2000
2020-08-21 09:25:00.350,3.333,11000
2020-08-21 09:25:00.350,3.333,5000
2020-08-21 09:25:00.350,3.333,3000
2020-08-21 09:25:00.350,3.333,2200
2020-08-21 09:25:00.350,3.333,3000
2020-08-21 09:25:00.350,3.333,100
2020-08-21 09:25:00.350,3.333,2000
2020-08-21 09:25:00.350,3.333,10000
2020-08-21 09:25:00.350,3.333,100
2020-08-21 09:25:00.350,3.333,400
2020-08-21 09:25:00.350,3.333,1000
2020-08-21 09:25:00.350,3.333,100
2020-08-21 09:25:00.350,3.333,6000
2020-08-21 09:25:00.350,3.333,1000
2020-08-21 09:25:00.350,3.333,1396
2020-08-21 09:25:00.350,3.333,4604
2020-08-21 09:25:00.350,3.333,100
2020-08-21 09:25:00.350,3.333,300
2020-08-21 09:25:00.350,3.333,10000
2020-08-21 09:25:00.350,3.333,2800
2020-08-21 09:25:00.350,3.333,2000
2020-08-21 09:25:00.350,3.333,5800
2020-08-21 09:25:00.350,3.333,15000
2020-08-21 09:25:00.350,3.333,1500
2020-08-21 09:25:00.350,3.333,3000
2020-08-21 09:25:00.350,3.333,10000
2020-08-21 09:25:00.350,3.333,200
2020-08-21 09:25:00.350,3.333,3000
2020-08-21 09:25:00.350,3.333,4100
2020-08-21 09:25:00.350,3.333,5000
2020-08-21 09:25:00.350,3.333,5000
2020-08-21 09:25:00.350,3.333,31600
2020-08-21 09:25:00.350,3.333,500
2020-08-21 09:25:00.350,3.333,1000
2020-08-21 09:25:00.350,3.333,1000
2020-08-21 09:25:00.350,3.333,10000
2020-08-21 09:25:00.350,3.333,500
2020-08-21 09:25:00.350,3.333,1000
2020-08-21 09:25:00.350,3.333,1000
2020-08-21 09:25:00.350,3.333,600
2020-08-21 09:25:00.350,3.333,1000
2020-08-21 09:25:00.350,3.333,1000
2020-08-21 09:25:00.350,3.333,5000
2020-08-21 09:25:00.350,3.333,100
2020-08-21 09:25:00.350,3.333,73296
2020-08-21 09:25:00.350,3.333,100
2020-08-21 09:25:00.350,3.333,10000
2020-08-21 09:25:00.350,3.333,10604
2020-08-21 09:25:00.350,3.333,500
2020-08-21 09:25:00.350,3.333,7000
2020-08-21 09:25:00.350,3.333,200
2020-08-21 09:25:00.350,3.333,1000
2020-08-21 09:25:00.350,3.333,6000
2020-08-21 09:25:00.350,3.333,10000
2020-08-21 09:25:00.350,3.333,1500
2020-08-21 09:25:00.350,3.333,5000
2020-08-21 09:25:00.350,3.333,3000
2020-08-21 09:25:00.350,3.333,9700
2020-08-21 09:25:00.350,3.333,500
2020-08-21 09:25:00.350,3.333,100
2020-08-21 09:25:00.350,3.333,1000
2020-08-21 09:25:00.350,3.333,3000
2020-08-21 09:25:00.350,3.333,3000
2020-08-21 09:25:00.350,3.333,7000
2020-08-21 09:25:00.350,3.333,100
2020-08-21 09:25:00.350,3.333,6900
2020-08-21 09:25:00.350,3.333,5100
2020-08-21 09:25:00.350,3.333,4200
2020-08-21 09:25:00.350,3.333,2000
2020-08-21 09:25:00.350,3.333,10000
2020-08-21 09:25:00.350,3.333,200
2020-08-21 09:25:00.350,3.333,600
2020-08-21 09:25:00.350,3.333,9000
2020-08-21 09:25:00.350,3.333,700
2020-08-21 09:25:00.350,3.333,5000
2020-08-21 09:25:00.350,3.333,500
2020-08-21 09:25:00.350,3.333,200
2020-08-21 09:25:00.350,3.333,8396
2020-08-21 09:30:00.210,3.333,26204
2020-08-21 09:30:00.430,3.334,400
2020-08-21 09:30:00.470,3.334,3000
2020-08-21 09:30:00.520,3.334,1600
2020-08-21 09:30:00.520,3.334,1000
2020-08-21 09:30:00.520,3.334,10000
2020-08-21 09:30:00.520,3.334,6000
2020-08-21 09:30:00.520,3.334,300
2020-08-21 09:30:00.520,3.334,300
2020-08-21 09:30:00.520,3.334,200
2020-08-21 09:30:00.520,3.334,1500
2020-08-21 09:30:00.520,3.334,8000
2020-08-21 09:30:00.520,3.334,1100
2020-08-21 09:30:00.520,3.333,45800
2020-08-21 09:30:00.600,3.333,4000
2020-08-21 09:30:00.600,3.333,5000
2020-08-21 09:30:00.650,3.333,20000
2020-08-21 09:30:00.650,3.333,100
2020-08-21 09:30:00.700,3.333,50000
2020-08-21 09:30:00.700,3.333,21700
2020-08-21 09:30:00.700,3.333,2000
2020-08-21 09:30:00.850,3.333,3200
2020-08-21 09:30:00.850,3.334,3900
2020-08-21 09:30:00.850,3.335,3000
2020-08-21 09:30:00.850,3.335,100
2020-08-21 09:30:00.850,3.335,600
2020-08-21 09:30:00.850,3.333,7018
2020-08-21 09:30:00.900,3.333,4100
2020-08-21 09:30:00.940,3.333,10000
2020-08-21 09:30:00.940,3.333,30000
2020-08-21 09:30:00.940,3.333,1000
2020-08-21 09:30:01.060,3.333,27700
2020-08-21 09:30:01.060,3.333,200
2020-08-21 09:30:01.120,3.333,41978
2020-08-21 09:30:01.120,3.333,6322
2020-08-21 09:30:01.120,3.333,3678
2020-08-21 09:30:01.120,3.333,28000
2020-08-21 09:30:01.120,3.333,5000
2020-08-21 09:30:01.120,3.332,5000
2020-08-21 09:30:01.120,3.331,2900
2020-08-21 09:30:01.120,3.331,10000
2020-08-21 09:30:01.120,3.33,1300
2020-08-21 09:30:01.120,3.33,1000
2020-08-21 09:30:01.120,3.33,5000
2020-08-21 09:30:01.120,3.33,1000
2020-08-21 09:30:01.120,3.329,10000
2020-08-21 09:30:01.120,3.329,18300
2020-08-21 09:30:01.120,3.329,8822
2020-08-21 09:30:01.260,3.332,100
2020-08-21 09:30:01.300,3.332,500
2020-08-21 09:30:01.300,3.332,500
2020-08-21 09:30:01.300,3.332,500
2020-08-21 09:30:01.300,3.332,500
2020-08-21 09:30:01.390,3.333,800
2020-08-21 09:30:01.390,3.334,200
2020-08-21 09:30:01.390,3.334,3000
2020-08-21 09:30:01.430,3.332,6100
2020-08-21 09:30:01.430,3.332,100
2020-08-21 09:30:01.490,3.334,16800
2020-08-21 09:30:01.490,3.335,400
2020-08-21 09:30:01.490,3.335,2000
2020-08-21 09:30:01.490,3.335,1900
2020-08-21 09:30:01.490,3.333,800
2020-08-21 09:30:01.530,3.333,100
2020-08-21 09:30:01.530,3.332,1700
2020-08-21 09:30:01.530,3.332,7200
2020-08-21 09:30:01.530,3.332,500
2020-08-21 09:30:01.710,3.333,3000
2020-08-21 09:30:01.710,3.332,7000
2020-08-21 09:30:01.830,3.333,700
2020-08-21 09:30:01.830,3.333,400
2020-08-21 09:30:01.830,3.333,300
2020-08-21 09:30:01.830,3.333,3000
2020-08-21 09:30:01.830,3.334,5000
2020-08-21 09:30:01.830,3.335,3100
2020-08-21 09:30:01.830,3.335,3000
2020-08-21 09:30:01.830,3.335,100
2020-08-21 09:30:01.830,3.335,40000
2020-08-21 09:30:01.830,3.335,200
2020-08-21 09:30:01.830,3.335,1000
2020-08-21 09:30:01.830,3.335,5000
2020-08-21 09:30:01.830,3.335,2500
2020-08-21 09:30:01.830,3.335,9900
2020-08-21 09:30:01.830,3.335,100
2020-08-21 09:30:01.830,3.335,8000
2020-08-21 09:30:01.830,3.335,4000
2020-08-21 09:30:01.830,3.335,200
2020-08-21 09:30:01.830,3.335,5000
2020-08-21 09:30:01.830,3.336,200
2020-08-21 09:30:01.830,3.336,300
2020-08-21 09:30:01.830,3.336,500
2020-08-21 09:30:01.830,3.336,1000
2020-08-21 09:30:01.830,3.336,1000
2020-08-21 09:30:01.830,3.336,2000
2020-08-21 09:30:01.830,3.336,400
2020-08-21 09:30:01.830,3.336,4200
2020-08-21 09:30:01.960,3.333,3100
2020-08-21 09:30:01.960,3.333,300
2020-08-21 09:30:01.960,3.332,14100
2020-08-21 09:30:02.060,3.332,100
2020-08-21 09:30:02.210,3.332,3300
2020-08-21 09:30:02.210,3.333,2900
2020-08-21 09:30:02.210,3.332,3400
2020-08-21 09:30:02.340,3.332,2000
2020-08-21 09:30:02.370,3.333,2600
2020-08-21 09:30:02.370,3.333,2400
2020-08-21 09:30:02.370,3.333,2600
2020-08-21 09:30:02.370,3.333,2400
2020-08-21 09:30:02.370,3.333,2600
2020-08-21 09:30:02.410,3.332,25500
2020-08-21 09:30:02.550,3.333,4500
2020-08-21 09:30:02.550,3.333,100
2020-08-21 09:30:02.550,3.333,10000
2020-08-21 09:30:02.550,3.335,100
2020-08-21 09:30:02.550,3.336,1800
2020-08-21 09:30:02.550,3.336,20000
2020-08-21 09:30:02.550,3.336,1500
2020-08-21 09:30:02.550,3.336,10000
2020-08-21 09:30:02.550,3.336,2000
2020-08-21 09:30:02.550,3.336,2000
2020-08-21 09:30:02.550,3.336,5000
2020-08-21 09:30:02.550,3.336,3000
2020-08-21 09:30:02.550,3.336,2700
2020-08-21 09:30:02.550,3.336,200
2020-08-21 09:30:02.550,3.336,5800
2020-08-21 09:30:02.550,3.336,24600
2020-08-21 09:30:02.550,3.336,3000
2020-08-21 09:30:02.550,3.336,50000
2020-08-21 09:30:02.550,3.336,5000
2020-08-21 09:30:02.550,3.336,20000
2020-08-21 09:30:02.550,3.336,3700
2020-08-21 09:30:02.550,3.332,5000
2020-08-21 09:30:02.550,3.333,400
2020-08-21 09:30:02.550,3.332,10000
2020-08-21 09:30:02.550,3.333,2000
2020-08-21 09:30:02.680,3.333,1600
2020-08-21 09:30:02.680,3.333,5400
2020-08-21 09:30:02.680,3.333,1000
2020-08-21 09:30:02.680,3.335,100
2020-08-21 09:30:02.680,3.336,6300
2020-08-21 09:30:02.680,3.337,3800
2020-08-21 09:30:02.680,3.337,500
2020-08-21 09:30:02.680,3.337,3000
2020-08-21 09:30:02.680,3.337,10000
2020-08-21 09:30:02.680,3.337,20000
2020-08-21 09:30:02.680,3.337,1000
2020-08-21 09:30:02.680,3.337,500
2020-08-21 09:30:02.680,3.337,300
2020-08-21 09:30:02.680,3.337,50000
2020-08-21 09:30:02.680,3.337,3500
2020-08-21 09:30:02.680,3.333,700
2020-08-21 09:30:02.680,3.332,67000
2020-08-21 09:30:02.680,3.333,100
2020-08-21 09:30:02.680,3.332,14900
2020-08-21 09:30:03.040,3.332,5000
2020-08-21 09:30:03.040,3.333,2000
2020-08-21 09:30:03.040,3.333,33400
2020-08-21 09:30:03.080,3.332,5000
2020-08-21 09:30:03.080,3.332,600
2020-08-21 09:30:03.130,3.332,6000
2020-08-21 09:30:03.130,3.332,30000
2020-08-21 09:30:03.180,3.332,500
2020-08-21 09:30:03.230,3.332,24900
2020-08-21 09:30:03.270,3.332,1500
2020-08-21 09:30:03.350,3.333,100
2020-08-21 09:30:03.380,3.333,500
2020-08-21 09:30:03.380,3.332,7000
2020-08-21 09:30:03.440,3.333,5000
2020-08-21 09:30:03.490,3.333,30000
2020-08-21 09:30:03.490,3.332,5600
2020-08-21 09:30:03.540,3.332,30000
2020-08-21 09:30:03.610,3.332,5600
2020-08-21 09:30:03.650,3.333,3000
2020-08-21 09:30:03.770,3.333,3800
2020-08-21 09:30:03.770,3.332,82400
2020-08-21 09:30:03.920,3.333,300
2020-08-21 09:30:03.970,3.332,2000
2020-08-21 09:30:04.160,3.332,4200
2020-08-21 09:30:04.170,3.332,5000
2020-08-21 09:30:04.170,3.333,28000
2020-08-21 09:30:04.310,3.333,10000
2020-08-21 09:30:04.370,3.332,3000
2020-08-21 09:30:04.370,3.333,2000
2020-08-21 09:30:04.370,3.333,33900
2020-08-21 09:30:04.370,3.333,99100
2020-08-21 09:30:04.470,3.333,1500
2020-08-21 09:30:04.470,3.333,15200
2020-08-21 09:30:04.610,3.333,10000
2020-08-21 09:30:04.860,3.333,20000
2020-08-21 09:30:04.970,3.332,2000
2020-08-21 09:30:05.140,3.333,2000
2020-08-21 09:30:05.140,3.332,4500
2020-08-21 09:30:05.250,3.333,99000
2020-08-21 09:30:05.290,3.333,103200
2020-08-21 09:30:05.290,3.333,100
2020-08-21 09:30:05.290,3.333,3000
2020-08-21 09:30:05.290,3.333,236000
2020-08-21 09:30:05.290,3.333,24900
2020-08-21 09:30:05.290,3.333,200
2020-08-21 09:30:05.290,3.333,4700
2020-08-21 09:30:05.290,3.333,1600
2020-08-21 09:30:05.290,3.333,10000
2020-08-21 09:30:05.290,3.333,3500
2020-08-21 09:30:05.290,3.333,100
2020-08-21 09:30:05.290,3.333,5000
2020-08-21 09:30:05.290,3.333,500
2020-08-21 09:30:05.290,3.333,30000
2020-08-21 09:30:05.290,3.334,477200
2020-08-21 09:30:05.310,3.333,5600
2020-08-21 09:30:05.420,3.333,4200
2020-08-21 09:30:05.420,3.333,19700
2020-08-21 09:30:05.420,3.332,6100
2020-08-21 09:30:05.490,3.333,400
2020-08-21 09:30:05.550,3.333,5600
2020-08-21 09:30:05.550,3.333,3000
2020-08-21 09:30:05.590,3.332,5000
2020-08-21 09:30:05.660,3.332,10000
2020-08-21 09:30:05.660,3.332,5000
2020-08-21 09:30:05.690,3.332,5000
2020-08-21 09:30:05.790,3.333,4700
2020-08-21 09:30:05.840,3.332,9100
2020-08-21 09:30:05.890,3.332,10000
2020-08-21 09:30:05.960,3.333,5000
2020-08-21 09:30:05.960,3.333,300
2020-08-21 09:30:06.050,3.333,3000
2020-08-21 09:30:06.180,3.332,20000
2020-08-21 09:30:06.290,3.333,10000
2020-08-21 09:30:06.290,3.332,700
2020-08-21 09:30:06.330,3.333,5000
2020-08-21 09:30:06.500,3.332,144300
2020-08-21 09:30:06.500,3.331,300000
2020-08-21 09:30:06.500,3.331,1000
2020-08-21 09:30:06.500,3.331,10000
2020-08-21 09:30:06.500,3.331,10000
2020-08-21 09:30:06.500,3.331,300000
2020-08-21 09:30:06.500,3.331,234700
2020-08-21 09:30:06.520,3.331,2300
2020-08-21 09:30:06.790,3.331,15000
2020-08-21 09:30:06.920,3.331,48000
2020-08-21 09:30:07.070,3.331,5000
2020-08-21 09:30:07.070,3.331,300000
2020-08-21 09:30:07.110,3.331,800
2020-08-21 09:30:07.240,3.33,20000
2020-08-21 09:30:07.240,3.33,14900
2020-08-21 09:30:07.240,3.33,396100
2020-08-21 09:30:07.240,3.331,1400
2020-08-21 09:30:07.580,3.331,200
2020-08-21 09:30:07.620,3.331,300000
2020-08-21 09:30:07.620,3.331,200
2020-08-21 09:30:07.860,3.331,100
2020-08-21 09:30:07.860,3.331,7000
2020-08-21 09:30:08.010,3.331,100
2020-08-21 09:30:08.050,3.331,2400
2020-08-21 09:30:08.130,3.331,39600
2020-08-21 09:30:08.180,3.331,4000
2020-08-21 09:30:08.380,3.331,10000
2020-08-21 09:30:08.490,3.331,100
2020-08-21 09:30:08.560,3.33,5000
2020-08-21 09:30:08.630,3.331,281100
2020-08-21 09:30:08.630,3.331,1000
2020-08-21 09:30:08.630,3.331,3700
2020-08-21 09:30:08.630,3.331,10000
2020-08-21 09:30:08.630,3.332,200
2020-08-21 09:30:08.700,3.332,10000
2020-08-21 09:30:08.700,3.332,47800
2020-08-21 09:30:08.700,3.332,23800
2020-08-21 09:30:08.700,3.332,5000
2020-08-21 09:30:08.700,3.332,8700
2020-08-21 09:30:08.700,3.332,2000
2020-08-21 09:30:08.700,3.333,212700
2020-08-21 09:30:08.770,3.333,3000
2020-08-21 09:30:09.030,3.333,18000
2020-08-21 09:30:09.160,3.333,5000
2020-08-21 09:30:09.160,3.333,63200
2020-08-21 09:30:09.160,3.333,17300
2020-08-21 09:30:09.160,3.333,143800
2020-08-21 09:30:09.160,3.333,10000
2020-08-21 09:30:09.160,3.333,9800
2020-08-21 09:30:09.160,3.333,5700
2020-08-21 09:30:09.160,3.333,6000
2020-08-21 09:30:09.160,3.333,1100
2020-08-21 09:30:09.160,3.333,400
2020-08-21 09:30:09.160,3.333,100
2020-08-21 09:30:09.160,3.333,2500
2020-08-21 09:30:09.160,3.333,100
2020-08-21 09:30:09.160,3.333,9600
2020-08-21 09:30:09.430,3.332,5000
2020-08-21 09:30:09.510,3.332,6000
2020-08-21 09:30:09.510,3.332,10000
2020-08-21 09:30:09.510,3.333,200
2020-08-21 09:30:09.570,3.333,200
2020-08-21 09:30:09.570,3.333,12000
2020-08-21 09:30:09.570,3.333,3000
2020-08-21 09:30:09.570,3.333,1000
2020-08-21 09:30:09.570,3.334,13800
2020-08-21 09:30:09.640,3.334,9000
2020-08-21 09:30:09.640,3.334,100
2020-08-21 09:30:09.640,3.334,200
2020-08-21 09:30:09.640,3.334,1400
2020-08-21 09:30:09.640,3.334,3000
2020-08-21 09:30:09.640,3.335,10000
2020-08-21 09:30:09.640,3.335,1000
2020-08-21 09:30:09.640,3.335,5300
2020-08-21 09:30:09.640,3.335,30000
2020-08-21 09:30:09.700,3.334,30000
2020-08-21 09:30:09.700,3.333,300
2020-08-21 09:30:09.870,3.333,1700
2020-08-21 09:30:10.060,3.333,8300
2020-08-21 09:30:10.060,3.333,1000
2020-08-21 09:30:10.200,3.334,700
2020-08-21 09:30:10.450,3.333,10700
2020-08-21 09:30:10.450,3.333,29300
2020-08-21 09:30:10.450,3.334,6300
2020-08-21 09:30:10.450,3.335,1700
2020-08-21 09:30:10.530,3.335,3000
2020-08-21 09:30:10.560,3.333,700
2020-08-21 09:30:10.560,3.333,100
2020-08-21 09:30:10.560,3.332,4200
2020-08-21 09:30:10.740,3.333,1000
2020-08-21 09:30:10.740,3.332,27000
2020-08-21 09:30:10.770,3.335,100
2020-08-21 09:30:10.960,3.333,200
2020-08-21 09:30:10.960,3.333,9800
2020-08-21 09:30:11.280,3.334,100
2020-08-21 09:30:11.450,3.334,9900
2020-08-21 09:30:11.450,3.333,10200
2020-08-21 09:30:11.450,3.333,5000
2020-08-21 09:30:11.450,3.333,4900
2020-08-21 09:30:11.510,3.333,5100
2020-08-21 09:30:11.510,3.332,10300
2020-08-21 09:30:11.910,3.333,100
2020-08-21 09:30:11.910,3.333,100
2020-08-21 09:30:11.910,3.333,200
2020-08-21 09:30:11.910,3.333,100
2020-08-21 09:30:11.910,3.332,14500
2020-08-21 09:30:12.150,3.335,1000
2020-08-21 09:30:12.540,3.334,200
2020-08-21 09:30:12.610,3.334,5000
2020-08-21 09:30:12.640,3.334,2000
2020-08-21 09:30:12.860,3.334,12800
2020-08-21 09:30:12.860,3.333,1000
2020-08-21 09:30:12.860,3.333,200
2020-08-21 09:30:12.860,3.333,16700
2020-08-21 09:30:13.080,3.333,100
2020-08-21 09:30:14.550,3.333,8100
2020-08-21 09:30:14.550,3.333,1000
2020-08-21 09:30:14.550,3.332,10900
2020-08-21 09:30:14.610,3.334,21100
2020-08-21 09:30:14.800,3.333,5200
2020-08-21 09:30:14.800,3.332,12100
2020-08-21 09:30:14.800,3.332,700
2020-08-21 09:30:14.830,3.332,65000
2020-08-21 09:30:14.990,3.332,30000
2020-08-21 09:30:15.140,3.332,1000
2020-08-21 09:30:15.140,3.332,3300
2020-08-21 09:30:15.140,3.331,2800
2020-08-21 09:30:15.390,3.331,53100
2020-08-21 09:30:15.480,3.334,10000
2020-08-21 09:30:15.500,3.331,44100
2020-08-21 09:30:15.500,3.331,1200
2020-08-21 09:30:15.620,3.334,18900
2020-08-21 09:30:15.620,3.334,59900
2020-08-21 09:30:15.620,3.334,10000
2020-08-21 09:30:15.620,3.335,458900
2020-08-21 09:30:15.620,3.335,5000
2020-08-21 09:30:15.620,3.335,1000
2020-08-21 09:30:15.620,3.335,1000
2020-08-21 09:30:15.620,3.335,6000
2020-08-21 09:30:15.620,3.335,2000
2020-08-21 09:30:15.620,3.335,5000
2020-08-21 09:30:15.620,3.335,1000
2020-08-21 09:30:15.620,3.335,18000
2020-08-21 09:30:15.620,3.335,5300
2020-08-21 09:30:15.620,3.335,600
2020-08-21 09:30:15.620,3.335,500
2020-08-21 09:30:15.620,3.335,1900
2020-08-21 09:30:15.620,3.335,100
2020-08-21 09:30:15.620,3.335,1000
2020-08-21 09:30:15.620,3.335,10000
2020-08-21 09:30:15.620,3.335,10000
2020-08-21 09:30:15.620,3.335,500
2020-08-21 09:30:15.620,3.335,300
2020-08-21 09:30:15.620,3.335,100000
2020-08-21 09:30:15.620,3.335,600
2020-08-21 09:30:15.680,3.335,13300
2020-08-21 09:30:15.720,3.335,10000
2020-08-21 09:30:15.750,3.335,2000
2020-08-21 09:30:15.900,3.335,20000
2020-08-21 09:30:16.250,3.335,500
2020-08-21 09:30:16.630,3.335,3700
2020-08-21 09:30:16.800,3.335,133000
2020-08-21 09:30:16.800,3.335,100
2020-08-21 09:30:16.800,3.335,200
2020-08-21 09:30:16.800,3.335,200
2020-08-21 09:30:16.800,3.333,1000
2020-08-21 09:30:16.800,3.333,500
2020-08-21 09:30:16.800,3.333,1400
2020-08-21 09:30:17.230,3.333,1300
2020-08-21 09:30:17.230,3.333,7000
2020-08-21 09:30:17.730,3.333,800
2020-08-21 09:30:17.920,3.333,2300
2020-08-21 09:30:18.110,3.333,1000
2020-08-21 09:30:18.350,3.332,100
2020-08-21 09:30:18.350,3.332,4800
2020-08-21 09:30:18.480,3.333,1100
2020-08-21 09:30:18.590,3.331,1000
2020-08-21 09:30:19.870,3.333,400
2020-08-21 09:30:19.970,3.331,4500
2020-08-21 09:30:19.970,3.331,3000
2020-08-21 09:30:19.970,3.331,192500
2020-08-21 09:30:20.180,3.331,1400
2020-08-21 09:30:20.800,3.333,34200
2020-08-21 09:30:21.050,3.331,2900
2020-08-21 09:30:21.360,3.331,10000
2020-08-21 09:30:21.390,3.333,4000
2020-08-21 09:30:22.050,3.333,1600
2020-08-21 09:30:22.110,3.333,1000
2020-08-21 09:30:22.150,3.333,1100
2020-08-21 09:30:22.210,3.331,100
2020-08-21 09:30:22.240,3.331,15000
2020-08-21 09:30:22.280,3.333,200
2020-08-21 09:30:22.310,3.333,3000
2020-08-21 09:30:22.780,3.331,6400
2020-08-21 09:30:22.800,3.332,4000
2020-08-21 09:30:22.800,3.333,3400
2020-08-21 09:30:22.830,3.331,100
2020-08-21 09:30:23.040,3.333,1100
2020-08-21 09:30:23.210,3.333,1100
2020-08-21 09:30:23.310,3.333,50000
2020-08-21 09:30:23.310,3.333,149000
2020-08-21 09:30:23.310,3.333,30500
2020-08-21 09:30:23.310,3.333,50000
2020-08-21 09:30:23.310,3.333,3000
2020-08-21 09:30:23.310,3.333,100
2020-08-21 09:30:23.850,3.334,3000
2020-08-21 09:30:24.210,3.333,50000
2020-08-21 09:30:24.290,3.334,1000
2020-08-21 09:30:24.420,3.333,1000
2020-08-21 09:30:24.610,3.333,500
2020-08-21 09:30:24.610,3.333,500
2020-08-21 09:30:24.610,3.333,15400
2020-08-21 09:30:24.610,3.333,10500
2020-08-21 09:30:24.670,3.333,500
2020-08-21 09:30:24.670,3.333,500
2020-08-21 09:30:24.740,3.334,3500
2020-08-21 09:30:24.740,3.334,200
2020-08-21 09:30:24.740,3.334,34000
2020-08-21 09:30:24.740,3.335,2300
2020-08-21 09:30:24.740,3.335,40000
2020-08-21 09:30:24.740,3.335,7700
2020-08-21 09:30:24.740,3.335,1000
2020-08-21 09:30:24.740,3.335,16000
2020-08-21 09:30:24.740,3.335,10000
2020-08-21 09:30:24.740,3.335,5300
2020-08-21 09:30:24.740,3.335,40000
2020-08-21 09:30:24.740,3.333,6000
2020-08-21 09:30:24.860,3.333,7700
2020-08-21 09:30:24.860,3.333,22300
2020-08-21 09:30:24.930,3.333,10000
2020-08-21 09:30:25.190,3.335,200
2020-08-21 09:30:25.190,3.335,800
2020-08-21 09:30:25.610,3.334,3700
2020-08-21 09:30:25.700,3.334,5900
2020-08-21 09:30:25.730,3.333,1000
2020-08-21 09:30:26.220,3.334,400
2020-08-21 09:30:26.800,3.334,100
2020-08-21 09:30:27.810,3.335,29200
2020-08-21 09:30:27.810,3.335,100
2020-08-21 09:30:27.810,3.335,1000
2020-08-21 09:30:27.810,3.335,10000
2020-08-21 09:30:27.810,3.335,700
2020-08-21 09:30:27.810,3.335,22400
2020-08-21 09:30:27.810,3.335,2000
2020-08-21 09:30:27.810,3.335,20000
2020-08-21 09:30:27.870,3.335,47000
2020-08-21 09:30:28.050,3.335,23100
2020-08-21 09:30:28.670,3.336,30000
2020-08-21 09:30:29.080,3.334,2000
2020-08-21 09:30:29.660,3.334,2500
2020-08-21 09:30:29.660,3.333,16700
2020-08-21 09:30:29.660,3.333,800
2020-08-21 09:30:29.940,3.335,1800
2020-08-21 09:30:30.040,3.333,99200
2020-08-21 09:30:30.040,3.333,10000
2020-08-21 09:30:30.040,3.333,190800
2020-08-21 09:30:30.100,3.334,1000
2020-08-21 09:30:30.100,3.335,16000
2020-08-21 09:30:30.100,3.335,1000
2020-08-21 09:30:30.360,3.333,300
2020-08-21 09:30:30.730,3.334,300
2020-08-21 09:30:31.330,3.333,20200
2020-08-21 09:30:31.370,3.334,800
2020-08-21 09:30:31.730,3.334,88900
2020-08-21 09:30:31.730,3.335,21200
2020-08-21 09:30:31.730,3.335,4300
2020-08-21 09:30:31.730,3.335,5000
2020-08-21 09:30:31.730,3.335,14000
2020-08-21 09:30:31.730,3.335,2500
2020-08-21 09:30:31.730,3.335,30000
2020-08-21 09:30:31.730,3.335,45000
2020-08-21 09:30:32.460,3.335,39900
2020-08-21 09:30:32.510,3.335,5000
2020-08-21 09:30:33.050,3.336,6100
2020-08-21 09:30:33.050,3.336,3900
2020-08-21 09:30:33.340,3.336,7000
2020-08-21 09:30:33.460,3.335,44200
2020-08-21 09:30:33.460,3.335,5000
2020-08-21 09:30:33.460,3.334,500
2020-08-21 09:30:33.490,3.333,200
2020-08-21 09:30:33.550,3.334,9500
2020-08-21 09:30:34.150,3.333,21500
2020-08-21 09:30:35.430,3.333,56900
2020-08-21 09:30:35.430,3.333,1000
2020-08-21 09:30:35.430,3.333,5000
2020-08-21 09:30:35.430,3.333,500
2020-08-21 09:30:35.430,3.333,400
2020-08-21 09:30:35.430,3.333,36200
2020-08-21 09:30:35.660,3.333,19000
2020-08-21 09:30:35.850,3.333,10000
2020-08-21 09:30:36.080,3.333,30000
2020-08-21 09:30:37.530,3.334,5000
2020-08-21 09:30:37.590,3.334,31900
2020-08-21 09:30:37.590,3.334,10000
2020-08-21 09:30:37.590,3.334,400
2020-08-21 09:30:37.590,3.335,96100
2020-08-21 09:30:37.590,3.335,11300
2020-08-21 09:30:37.590,3.335,2000
2020-08-21 09:30:37.590,3.335,1000
2020-08-21 09:30:37.590,3.335,2000
2020-08-21 09:30:37.590,3.335,18000
2020-08-21 09:30:37.590,3.335,30000
2020-08-21 09:30:37.590,3.335,1500
2020-08-21 09:30:37.590,3.335,900
2020-08-21 09:30:37.590,3.335,94900
2020-08-21 09:30:37.850,3.335,100000
2020-08-21 09:30:38.120,3.333,500
2020-08-21 09:30:38.140,3.333,49500
2020-08-21 09:30:38.180,3.333,1000
2020-08-21 09:30:38.560,3.333,100
2020-08-21 09:30:38.620,3.333,100
2020-08-21 09:30:38.620,3.333,100
2020-08-21 09:30:38.730,3.333,2000
2020-08-21 09:30:38.850,3.333,63400
2020-08-21 09:30:38.850,3.334,5000
2020-08-21 09:30:39.550,3.334,31600
2020-08-21 09:30:39.920,3.333,100
2020-08-21 09:30:39.940,3.332,1000
2020-08-21 09:30:40.180,3.332,4000
2020-08-21 09:30:40.180,3.332,16000
2020-08-21 09:30:41.200,3.332,101100
2020-08-21 09:30:41.630,3.333,1000
2020-08-21 09:30:42.240,3.332,9300
2020-08-21 09:30:42.360,3.333,3000
2020-08-21 09:30:42.440,3.333,900
2020-08-21 09:30:42.890,3.333,3000
2020-08-21 09:30:43.180,3.333,50000
2020-08-21 09:30:44.310,3.333,400
2020-08-21 09:30:44.310,3.333,4600
2020-08-21 09:30:44.980,3.331,200
2020-08-21 09:30:44.980,3.331,1200
2020-08-21 09:30:46.390,3.333,400
2020-08-21 09:30:46.390,3.333,2100
2020-08-21 09:30:46.620,3.333,10000
2020-08-21 09:30:46.760,3.332,10000
2020-08-21 09:30:47.120,3.332,30000
2020-08-21 09:30:47.200,3.332,260000
2020-08-21 09:30:47.270,3.331,300
2020-08-21 09:30:47.270,3.331,3000
2020-08-21 09:30:47.270,3.331,2000
2020-08-21 09:30:47.270,3.331,84700
2020-08-21 09:30:47.720,3.332,30000
2020-08-21 09:30:47.750,3.332,1500
2020-08-21 09:30:48.130,3.331,1000
2020-08-21 09:30:48.350,3.332,1000
2020-08-21 09:30:48.380,3.332,2900
2020-08-21 09:30:49.030,3.332,5900
2020-08-21 09:30:49.030,3.331,6000
2020-08-21 09:30:49.200,3.332,6300
2020-08-21 09:30:49.370,3.332,30000
2020-08-21 09:30:49.370,3.332,100000
2020-08-21 09:30:49.370,3.332,10000
2020-08-21 09:30:49.370,3.332,80000
2020-08-21 09:30:49.370,3.332,20000
2020-08-21 09:30:49.370,3.332,30000
2020-08-21 09:30:49.370,3.332,40000
2020-08-21 09:30:49.370,3.332,30000
2020-08-21 09:30:49.370,3.332,30000
2020-08-21 09:30:49.370,3.332,70000
2020-08-21 09:30:49.370,3.332,30000
2020-08-21 09:30:51.020,3.332,30000
2020-08-21 09:30:51.020,3.332,60000
2020-08-21 09:30:51.930,3.332,2100
2020-08-21 09:30:51.950,3.332,30300
2020-08-21 09:30:51.950,3.332,100
2020-08-21 09:30:51.950,3.332,1000
2020-08-21 09:30:51.950,3.332,2000
2020-08-21 09:30:52.040,3.332,20100
2020-08-21 09:30:52.760,3.332,1000
2020-08-21 09:30:52.920,3.332,1600
2020-08-21 09:30:53.030,3.332,1000
2020-08-21 09:30:53.170,3.332,500
2020-08-21 09:30:53.360,3.332,40000
2020-08-21 09:30:53.710,3.332,2400
2020-08-21 09:30:53.710,3.332,38000
2020-08-21 09:30:53.710,3.331,200
2020-08-21 09:30:54.000,3.331,10000
2020-08-21 09:30:54.000,3.331,30000
2020-08-21 09:30:55.710,3.331,5600
2020-08-21 09:30:55.760,3.331,13800
2020-08-21 09:30:55.760,3.331,1000
2020-08-21 09:30:55.760,3.331,35200
2020-08-21 09:30:55.930,3.331,200
2020-08-21 09:30:55.930,3.331,264600
2020-08-21 09:30:55.930,3.331,4400
2020-08-21 09:30:55.960,3.332,700
2020-08-21 09:30:56.160,3.332,3600
2020-08-21 09:30:56.310,3.331,12600
2020-08-21 09:30:56.850,3.331,18400
2020-08-21 09:30:56.940,3.331,10000
2020-08-21 09:30:57.110,3.331,2000
2020-08-21 09:30:57.480,3.331,2700
2020-08-21 09:30:57.480,3.332,2300
2020-08-21 09:30:57.800,3.33,7500
2020-08-21 09:30:57.800,3.33,15000
2020-08-21 09:30:57.800,3.33,500
2020-08-21 09:30:57.800,3.33,10000
2020-08-21 09:30:57.800,3.33,4500
2020-08-21 09:30:57.800,3.33,5000
2020-08-21 09:30:57.800,3.33,19900
2020-08-21 09:30:57.800,3.33,100
2020-08-21 09:30:57.800,3.33,4500
2020-08-21 09:30:57.800,3.33,1600
2020-08-21 09:30:57.800,3.33,7100
2020-08-21 09:30:57.800,3.33,900
2020-08-21 09:30:57.800,3.33,5400
2020-08-21 09:30:57.800,3.33,4600
2020-08-21 09:30:57.800,3.33,1000
2020-08-21 09:30:57.800,3.33,9900
2020-08-21 09:30:57.800,3.33,5000
2020-08-21 09:30:57.800,3.33,5000
2020-08-21 09:30:57.800,3.33,200
2020-08-21 09:30:57.800,3.33,1000
2020-08-21 09:30:57.800,3.33,5600
2020-08-21 09:30:57.870,3.331,10000
2020-08-21 09:30:57.990,3.331,10000
2020-08-21 09:30:58.650,3.331,24800
2020-08-21 09:30:58.960,3.332,3400
2020-08-21 09:30:58.960,3.332,2000
2020-08-21 09:30:58.960,3.332,1000
2020-08-21 09:30:58.960,3.332,20000
2020-08-21 09:30:58.960,3.332,3600
2020-08-21 09:30:59.040,3.332,800
2020-08-21 09:30:59.640,3.332,30000
2020-08-21 09:30:59.730,3.331,5200
2020-08-21 09:30:59.730,3.33,4000
2020-08-21 09:30:59.730,3.33,5900
2020-08-21 09:30:59.730,3.33,1000
2020-08-21 09:30:59.730,3.33,3900
2020-08-21 09:30:59.960,3.332,10100
2020-08-21 09:30:59.960,3.332,5000
2020-08-21 09:30:59.960,3.332,4900
2020-08-21 09:30:59.960,3.332,5100
2020-08-21 09:30:59.960,3.332,1500
2020-08-21 09:30:59.960,3.332,23400
2020-08-21 09:30:59.960,3.332,30000
2020-08-21 09:30:59.960,3.332,20000
2020-08-21 09:31:00.500,3.331,5000
2020-08-21 09:31:00.500,3.331,1000
2020-08-21 09:31:00.660,3.332,800
2020-08-21 09:31:00.810,3.332,30000
2020-08-21 09:31:01.710,3.332,900
2020-08-21 09:31:01.710,3.332,5000
2020-08-21 09:31:01.710,3.332,24100
2020-08-21 09:31:01.710,3.332,900
2020-08-21 09:31:01.710,3.332,11500
2020-08-21 09:31:01.710,3.333,8000
2020-08-21 09:31:01.710,3.333,100
2020-08-21 09:31:01.710,3.333,9500
2020-08-21 09:31:02.140,3.332,800
2020-08-21 09:31:02.420,3.332,29200
2020-08-21 09:31:02.760,3.333,10500
2020-08-21 09:31:02.760,3.333,10000
2020-08-21 09:31:02.760,3.333,9000
2020-08-21 09:31:02.760,3.333,500
2020-08-21 09:31:03.010,3.333,10000
2020-08-21 09:31:03.010,3.333,23500
2020-08-21 09:31:03.010,3.333,5000
2020-08-21 09:31:03.010,3.333,900
2020-08-21 09:31:03.010,3.333,10000
2020-08-21 09:31:03.010,3.333,17400
2020-08-21 09:31:03.010,3.333,600
2020-08-21 09:31:03.010,3.333,10000
2020-08-21 09:31:03.010,3.333,32600
2020-08-21 09:31:03.040,3.333,20000
2020-08-21 09:31:03.550,3.332,8500
2020-08-21 09:31:03.720,3.332,2000
2020-08-21 09:31:04.150,3.333,7500
2020-08-21 09:31:04.270,3.333,18800
2020-08-21 09:31:04.750,3.333,3700
2020-08-21 09:31:04.750,3.332,6300
2020-08-21 09:31:04.810,3.334,1100
2020-08-21 09:31:04.810,3.334,25000
2020-08-21 09:31:05.210,3.332,3600
2020-08-21 09:31:05.270,3.332,40900
2020-08-21 09:31:05.360,3.332,4400
2020-08-21 09:31:05.620,3.333,11500
2020-08-21 09:31:06.010,3.334,25000
2020-08-21 09:31:06.010,3.334,5000
2020-08-21 09:31:06.420,3.333,10000
2020-08-21 09:31:06.950,3.334,7500
2020-08-21 09:31:07.120,3.334,4000
2020-08-21 09:31:07.540,3.334,18500
2020-08-21 09:31:07.540,3.333,278500
2020-08-21 09:31:07.540,3.333,50000
2020-08-21 09:31:07.540,3.333,50000
2020-08-21 09:31:07.540,3.333,9000
2020-08-21 09:31:07.540,3.333,50000
2020-08-21 09:31:07.540,3.333,208300
2020-08-21 09:31:07.540,3.332,205100
2020-08-21 09:31:07.540,3.332,300
2020-08-21 09:31:07.540,3.332,100000
2020-08-21 09:31:07.540,3.332,5000
2020-08-21 09:31:07.540,3.332,20000
2020-08-21 09:31:07.540,3.331,5300
2020-08-21 09:31:07.540,3.331,4700
2020-08-21 09:31:07.540,3.331,100000
2020-08-21 09:31:07.540,3.331,10000
2020-08-21 09:31:07.540,3.331,2000
2020-08-21 09:31:07.540,3.331,40000
2020-08-21 09:31:07.540,3.331,300000
2020-08-21 09:31:07.540,3.331,2000
2020-08-21 09:31:07.540,3.33,400
2020-08-21 09:31:07.540,3.33,93000
2020-08-21 09:31:07.540,3.33,100000
2020-08-21 09:31:07.540,3.33,400
2020-08-21 09:31:07.540,3.33,6900
2020-08-21 09:31:08.020,3.33,300000
2020-08-21 09:31:08.130,3.33,40600
2020-08-21 09:31:08.130,3.33,259400
2020-08-21 09:31:08.300,3.33,10000
2020-08-21 09:31:08.990,3.33,57800
2020-08-21 09:31:09.030,3.33,233700
2020-08-21 09:31:09.030,3.33,20000
2020-08-21 09:31:09.030,3.33,19100
2020-08-21 09:31:09.030,3.33,40900
2020-08-21 09:31:09.030,3.33,10000
2020-08-21 09:31:09.030,3.33,10000
2020-08-21 09:31:09.030,3.33,10000
2020-08-21 09:31:09.030,3.33,100000
2020-08-21 09:31:09.030,3.33,20000
2020-08-21 09:31:09.030,3.33,30000
2020-08-21 09:31:09.030,3.33,30000
2020-08-21 09:31:09.030,3.33,100000
2020-08-21 09:31:09.030,3.33,100000
2020-08-21 09:31:09.030,3.33,10000
2020-08-21 09:31:09.030,3.33,30000
2020-08-21 09:31:09.030,3.33,20000
2020-08-21 09:31:09.030,3.33,30000
2020-08-21 09:31:09.030,3.33,20000
2020-08-21 09:31:09.030,3.33,10000
2020-08-21 09:31:09.030,3.33,80000
2020-08-21 09:31:09.030,3.33,30000
2020-08-21 09:31:09.030,3.33,30000
2020-08-21 09:31:09.030,3.33,30000
2020-08-21 09:31:09.050,3.33,20000
2020-08-21 09:31:09.050,3.33,100000
2020-08-21 09:31:09.050,3.33,30000
2020-08-21 09:31:09.050,3.33,100000
2020-08-21 09:31:09.050,3.33,9100
2020-08-21 09:31:09.050,3.33,300
2020-08-21 09:31:09.680,3.332,1000
2020-08-21 09:31:10.240,3.332,50000
2020-08-21 09:31:10.240,3.332,43000
2020-08-21 09:31:10.240,3.332,7000
2020-08-21 09:31:10.240,3.332,300
2020-08-21 09:31:10.240,3.332,49700
2020-08-21 09:31:10.280,3.332,40000
2020-08-21 09:31:10.660,3.332,3300
2020-08-21 09:31:11.330,3.332,56600
2020-08-21 09:31:11.330,3.332,36400
2020-08-21 09:31:12.360,3.333,20000
2020-08-21 09:31:12.360,3.333,10000
2020-08-21 09:31:14.110,3.334,7000
2020-08-21 09:31:14.110,3.334,3000
2020-08-21 09:31:14.110,3.334,5000
2020-08-21 09:31:14.110,3.334,10000
2020-08-21 09:31:14.110,3.334,10000
2020-08-21 09:31:14.110,3.334,2000
2020-08-21 09:31:14.110,3.334,5000
2020-08-21 09:31:14.110,3.335,1200
2020-08-21 09:31:14.110,3.335,1000
2020-08-21 09:31:14.110,3.335,3000
2020-08-21 09:31:14.110,3.335,4000
2020-08-21 09:31:14.110,3.335,18500
2020-08-21 09:31:14.110,3.335,5000
2020-08-21 09:31:14.110,3.335,200
2020-08-21 09:31:14.110,3.335,5000
2020-08-21 09:31:14.110,3.335,32000
2020-08-21 09:31:14.110,3.335,6000
2020-08-21 09:31:14.110,3.335,20000
2020-08-21 09:31:14.110,3.335,28300
2020-08-21 09:31:14.110,3.335,2000
2020-08-21 09:31:14.110,3.335,3000
2020-08-21 09:31:14.110,3.335,31300
2020-08-21 09:31:14.110,3.335,1000
2020-08-21 09:31:14.530,3.335,96500
2020-08-21 09:31:14.530,3.334,263600
2020-08-21 09:31:14.530,3.333,3000
2020-08-21 09:31:14.530,3.333,20000
2020-08-21 09:31:14.530,3.333,16900
2020-08-21 09:31:14.890,3.333,300
2020-08-21 09:31:14.980,3.334,100000
2020-08-21 09:31:14.980,3.334,100000
2020-08-21 09:31:14.980,3.334,40000
2020-08-21 09:31:15.010,3.333,200
2020-08-21 09:31:15.260,3.333,32600
2020-08-21 09:31:15.930,3.333,200
2020-08-21 09:31:15.930,3.335,19800
2020-08-21 09:31:17.110,3.333,6000
2020-08-21 09:31:17.230,3.333,10000
2020-08-21 09:31:17.680,3.332,500
2020-08-21 09:31:17.680,3.332,50000
2020-08-21 09:31:17.680,3.332,50000
2020-08-21 09:31:17.680,3.332,10000
2020-08-21 09:31:17.680,3.332,50000
2020-08-21 09:31:17.680,3.332,100000
2020-08-21 09:31:17.680,3.332,3000
2020-08-21 09:31:17.930,3.332,1700
2020-08-21 09:31:18.080,3.332,20000
2020-08-21 09:31:19.660,3.331,5000
2020-08-21 09:31:19.660,3.331,200
2020-08-21 09:31:19.660,3.331,54700
2020-08-21 09:31:19.780,3.332,14800
2020-08-21 09:31:19.780,3.332,15000
2020-08-21 09:31:19.780,3.332,20200
2020-08-21 09:31:19.840,3.332,100
2020-08-21 09:31:21.040,3.332,10600
2020-08-21 09:31:21.040,3.332,10000
2020-08-21 09:31:21.680,3.331,1000
2020-08-21 09:31:21.800,3.331,50000
2020-08-21 09:31:21.890,3.331,600
2020-08-21 09:31:22.240,3.331,100000
2020-08-21 09:31:23.440,3.331,300
2020-08-21 09:31:24.730,3.331,148100
2020-08-21 09:31:24.730,3.331,14800
2020-08-21 09:31:24.730,3.331,100000
2020-08-21 09:31:24.730,3.331,37100
2020-08-21 09:31:25.520,3.33,800
2020-08-21 09:31:25.520,3.33,2800
2020-08-21 09:31:25.970,3.33,46900
2020-08-21 09:31:25.970,3.33,40000
2020-08-21 09:31:25.970,3.33,3300
2020-08-21 09:31:25.970,3.33,93000
2020-08-21 09:31:25.970,3.33,10000
2020-08-21 09:31:25.970,3.33,300
2020-08-21 09:31:25.970,3.33,100000
2020-08-21 09:31:26.880,3.33,6500
2020-08-21 09:31:27.320,3.331,100
2020-08-21 09:31:27.990,3.331,10000
2020-08-21 09:31:28.350,3.329,9700
2020-08-21 09:31:28.720,3.33,30000
2020-08-21 09:31:30.010,3.331,4900
2020-08-21 09:31:30.040,3.331,50000
2020-08-21 09:31:30.950,3.33,107000
2020-08-21 09:31:31.160,3.329,1500
2020-08-21 09:31:31.160,3.329,1000
2020-08-21 09:31:31.160,3.329,1000
2020-08-21 09:31:31.160,3.329,20000
2020-08-21 09:31:31.160,3.329,1000
2020-08-21 09:31:31.160,3.329,5000
2020-08-21 09:31:31.160,3.329,5000
2020-08-21 09:31:31.160,3.329,1500
2020-08-21 09:31:31.160,3.329,1000
2020-08-21 09:31:31.160,3.329,30000
2020-08-21 09:31:31.160,3.329,50000
2020-08-21 09:31:31.160,3.329,100000
2020-08-21 09:31:32.250,3.329,1100
2020-08-21 09:31:32.330,3.328,1600
2020-08-21 09:31:32.620,3.329,10000
2020-08-21 09:31:32.770,3.329,10000
2020-08-21 09:31:32.920,3.329,45900
2020-08-21 09:31:32.920,3.329,54100
2020-08-21 09:31:32.960,3.329,1000
2020-08-21 09:31:32.990,3.328,400
2020-08-21 09:31:32.990,3.328,35700
2020-08-21 09:31:32.990,3.328,1600
2020-08-21 09:31:32.990,3.328,7600
2020-08-21 09:31:32.990,3.328,1500
2020-08-21 09:31:32.990,3.328,15000
2020-08-21 09:31:32.990,3.328,30000
2020-08-21 09:31:32.990,3.328,208200
2020-08-21 09:31:33.090,3.329,30000
2020-08-21 09:31:33.090,3.329,100000
2020-08-21 09:31:33.090,3.329,40000
2020-08-21 09:31:33.090,3.329,74900
2020-08-21 09:31:33.090,3.329,18900
2020-08-21 09:31:33.090,3.329,6200
2020-08-21 09:31:33.530,3.329,18700
2020-08-21 09:31:33.700,3.328,300000
2020-08-21 09:31:34.320,3.33,10100
2020-08-21 09:31:35.780,3.328,50000
2020-08-21 09:31:35.780,3.328,50000
2020-08-21 09:31:35.780,3.328,30000
2020-08-21 09:31:35.830,3.328,200
2020-08-21 09:31:36.020,3.328,50000
2020-08-21 09:31:36.080,3.328,30000
2020-08-21 09:31:36.080,3.328,30000
2020-08-21 09:31:36.080,3.328,30000
2020-08-21 09:31:36.080,3.328,10000
2020-08-21 09:31:36.080,3.328,19800
2020-08-21 09:31:36.690,3.329,10000
2020-08-21 09:31:36.690,3.33,20000
2020-08-21 09:31:38.020,3.329,5000
2020-08-21 09:31:38.140,3.329,12500
2020-08-21 09:31:38.370,3.33,1500
2020-08-21 09:31:38.370,3.33,1700
2020-08-21 09:31:38.370,3.33,1800
2020-08-21 09:31:38.550,3.329,12500
2020-08-21 09:31:39.030,3.328,6900
2020-08-21 09:31:39.810,3.33,4300
2020-08-21 09:31:39.900,3.33,9300
2020-08-21 09:31:40.170,3.329,3100
2020-08-21 09:31:41.330,3.329,16100
2020-08-21 09:31:41.670,3.329,8000
2020-08-21 09:31:41.760,3.329,2800
2020-08-21 09:31:41.760,3.329,2200
2020-08-21 09:31:42.100,3.33,2100
2020-08-21 09:31:42.100,3.33,7100
2020-08-21 09:31:42.100,3.33,10000
2020-08-21 09:31:42.100,3.33,10800
2020-08-21 09:31:42.610,3.329,27800
2020-08-21 09:31:42.610,3.329,10000
2020-08-21 09:31:42.610,3.329,10000
2020-08-21 09:31:42.610,3.329,30000
2020-08-21 09:31:42.610,3.329,30000
2020-08-21 09:31:42.610,3.329,7800
2020-08-21 09:31:45.040,3.33,9300
2020-08-21 09:31:45.040,3.33,700
2020-08-21 09:31:45.870,3.329,22200
2020-08-21 09:31:45.870,3.329,9300
2020-08-21 09:31:46.000,3.33,2300
2020-08-21 09:31:46.000,3.33,100
2020-08-21 09:31:46.000,3.33,1500
2020-08-21 09:31:46.000,3.33,5000
2020-08-21 09:31:46.000,3.33,1000
2020-08-21 09:31:46.000,3.33,17100
2020-08-21 09:31:46.180,3.329,2500
2020-08-21 09:31:46.270,3.33,5000
2020-08-21 09:31:47.030,3.329,10000
2020-08-21 09:31:47.710,3.329,1000
2020-08-21 09:31:47.950,3.33,3000
2020-08-21 09:31:48.580,3.33,3000
2020-08-21 09:31:48.760,3.33,400
2020-08-21 09:31:48.790,3.331,40000
2020-08-21 09:31:49.100,3.331,80000
2020-08-21 09:31:49.100,3.331,30000
2020-08-21 09:31:49.100,3.331,30000
2020-08-21 09:31:49.100,3.331,20000
2020-08-21 09:31:50.990,3.33,26700
2020-08-21 09:31:51.110,3.33,2900
2020-08-21 09:31:51.110,3.33,12100
2020-08-21 09:31:51.190,3.33,37900
2020-08-21 09:31:51.190,3.33,50000
2020-08-21 09:31:51.190,3.33,50000
2020-08-21 09:31:51.630,3.33,400
2020-08-21 09:31:52.170,3.33,24600
2020-08-21 09:31:52.170,3.33,5400
2020-08-21 09:31:52.460,3.329,100
2020-08-21 09:31:52.840,3.33,1000
2020-08-21 09:31:52.900,3.33,3600
2020-08-21 09:31:52.900,3.33,26400
2020-08-21 09:31:53.160,3.329,29900
2020-08-21 09:31:53.160,3.329,800
2020-08-21 09:31:53.160,3.329,20000
2020-08-21 09:31:53.160,3.329,100000
2020-08-21 09:31:53.190,3.329,50000
2020-08-21 09:31:53.360,3.329,500
2020-08-21 09:31:53.740,3.329,1200
2020-08-21 09:31:53.860,3.329,50000
2020-08-21 09:31:53.960,3.329,30000
2020-08-21 09:31:54.050,3.329,17600
2020-08-21 09:31:54.050,3.329,22400
2020-08-21 09:31:54.190,3.328,5400
2020-08-21 09:31:54.540,3.329,500
2020-08-21 09:31:54.630,3.329,2000
2020-08-21 09:31:54.690,3.329,1000
2020-08-21 09:31:55.180,3.329,4600
2020-08-21 09:31:55.180,3.329,20000
2020-08-21 09:31:55.350,3.329,50000
2020-08-21 09:31:55.870,3.329,6000
2020-08-21 09:31:55.870,3.329,90000
2020-08-21 09:31:55.870,3.329,10000
2020-08-21 09:31:56.130,3.329,800
2020-08-21 09:31:56.310,3.329,200
2020-08-21 09:31:57.020,3.33,4700
2020-08-21 09:31:57.020,3.33,3000
2020-08-21 09:31:57.020,3.33,42300
2020-08-21 09:31:57.020,3.33,90000
2020-08-21 09:31:57.020,3.33,100000
2020-08-21 09:31:59.560,3.33,12000
2020-08-21 09:31:59.620,3.33,55700
2020-08-21 09:31:59.620,3.33,2000
2020-08-21 09:31:59.620,3.33,5000
2020-08-21 09:31:59.620,3.331,35100
2020-08-21 09:31:59.620,3.331,3000
2020-08-21 09:31:59.620,3.331,19700
2020-08-21 09:31:59.620,3.331,60000
2020-08-21 09:31:59.620,3.331,200
2020-08-21 09:31:59.620,3.331,10000
2020-08-21 09:31:59.620,3.331,30000
2020-08-21 09:31:59.620,3.331,90000
2020-08-21 09:31:59.620,3.331,300000
2020-08-21 09:31:59.620,3.331,100
2020-08-21 09:31:59.620,3.331,500
2020-08-21 09:31:59.780,3.331,300000
2020-08-21 09:31:59.980,3.332,3300
2020-08-21 09:31:59.980,3.332,20000
2020-08-21 09:31:59.980,3.332,6700
2020-08-21 09:32:00.070,3.331,5000
2020-08-21 09:32:00.360,3.331,83700
2020-08-21 09:32:00.360,3.329,193000
2020-08-21 09:32:00.360,3.329,50000
2020-08-21 09:32:00.360,3.329,44400
2020-08-21 09:32:00.390,3.329,5600
2020-08-21 09:32:00.390,3.329,4400
2020-08-21 09:32:00.960,3.329,2000
2020-08-21 09:32:01.340,3.329,1800
2020-08-21 09:32:01.530,3.329,3100
2020-08-21 09:32:02.080,3.329,95100
2020-08-21 09:32:02.140,3.329,50000
2020-08-21 09:32:02.140,3.329,50000
2020-08-21 09:32:02.140,3.329,100000
2020-08-21 09:32:02.140,3.329,80000
2020-08-21 09:32:02.140,3.329,100000
2020-08-21 09:32:02.140,3.329,10000
2020-08-21 09:32:02.280,3.329,43600
2020-08-21 09:32:02.280,3.329,50000
2020-08-21 09:32:03.020,3.328,2000
2020-08-21 09:32:03.080,3.329,21300
2020-08-21 09:32:03.140,3.33,10000
2020-08-21 09:32:03.530,3.33,40000
2020-08-21 09:32:03.530,3.33,5000
2020-08-21 09:32:03.530,3.33,50000
2020-08-21 09:32:03.530,3.33,4100
2020-08-21 09:32:03.690,3.33,500
2020-08-21 09:32:03.690,3.33,4900
2020-08-21 09:32:04.230,3.331,3200
2020-08-21 09:32:04.230,3.331,3000
2020-08-21 09:32:04.230,3.332,23300
2020-08-21 09:32:04.230,3.332,5000
2020-08-21 09:32:04.230,3.332,2000
2020-08-21 09:32:04.230,3.332,1000
2020-08-21 09:32:04.770,3.332,8500
2020-08-21 09:32:05.000,3.332,600
2020-08-21 09:32:05.000,3.332,300
2020-08-21 09:32:06.440,3.332,11400
2020-08-21 09:32:07.010,3.331,1100
2020-08-21 09:32:07.450,3.333,1500
2020-08-21 09:32:07.450,3.333,8500
2020-08-21 09:32:08.000,3.332,1000
2020-08-21 09:32:08.210,3.333,10000
2020-08-21 09:32:08.410,3.331,9100
2020-08-21 09:32:08.530,3.331,7400
2020-08-21 09:32:09.010,3.331,3100
2020-08-21 09:32:09.500,3.331,20000
2020-08-21 09:32:10.700,3.331,100
2020-08-21 09:32:11.000,3.331,28700
2020-08-21 09:32:11.960,3.331,1000
2020-08-21 09:32:12.680,3.331,8300
2020-08-21 09:32:12.900,3.331,7100
2020-08-21 09:32:13.180,3.331,10000
2020-08-21 09:32:13.210,3.332,200
2020-08-21 09:32:13.210,3.332,39800
2020-08-21 09:32:14.190,3.332,10000
2020-08-21 09:32:14.730,3.332,1000
2020-08-21 09:32:14.760,3.331,1000
2020-08-21 09:32:15.060,3.332,50000
2020-08-21 09:32:15.060,3.332,10000
2020-08-21 09:32:15.060,3.332,20000
2020-08-21 09:32:15.060,3.332,70000
2020-08-21 09:32:15.410,3.332,1000
2020-08-21 09:32:15.440,3.331,2200
2020-08-21 09:32:17.220,3.331,100
2020-08-21 09:32:17.750,3.332,40000
2020-08-21 09:32:17.860,3.332,100
2020-08-21 09:32:17.860,3.332,8100
2020-08-21 09:32:18.480,3.332,2000
2020-08-21 09:32:18.520,3.332,3000
2020-08-21 09:32:18.690,3.332,1500
2020-08-21 09:32:19.720,3.332,30000
2020-08-21 09:32:19.770,3.332,255400
2020-08-21 09:32:19.770,3.332,20000
2020-08-21 09:32:19.770,3.332,3000
2020-08-21 09:32:19.770,3.332,10000
2020-08-21 09:32:19.770,3.332,10000
2020-08-21 09:32:19.770,3.332,100
2020-08-21 09:32:19.770,3.331,1500
2020-08-21 09:32:20.140,3.333,6500
2020-08-21 09:32:20.140,3.333,6000
2020-08-21 09:32:20.590,3.332,10000
2020-08-21 09:32:21.700,3.332,2000
2020-08-21 09:32:22.550,3.332,7600
2020-08-21 09:32:22.840,3.332,5500
2020-08-21 09:32:23.810,3.332,300
2020-08-21 09:32:24.470,3.333,2100
2020-08-21 09:32:26.350,3.332,2000
2020-08-21 09:32:27.170,3.332,900
2020-08-21 09:32:27.490,3.332,200
2020-08-21 09:32:27.490,3.332,50000
2020-08-21 09:32:27.490,3.332,40000
2020-08-21 09:32:28.110,3.332,3000
2020-08-21 09:32:28.210,3.332,25300
2020-08-21 09:32:29.030,3.332,1000
2020-08-21 09:32:29.160,3.332,78000
2020-08-21 09:32:29.700,3.332,102500
2020-08-21 09:32:29.700,3.332,25000
2020-08-21 09:32:29.700,3.332,50000
2020-08-21 09:32:29.700,3.332,700
2020-08-21 09:32:29.700,3.332,11400
2020-08-21 09:32:29.700,3.332,2000
2020-08-21 09:32:29.700,3.332,108100
2020-08-21 09:32:30.020,3.332,30000
2020-08-21 09:32:30.020,3.332,20000
2020-08-21 09:32:30.020,3.332,30000
2020-08-21 09:32:30.020,3.332,10000
2020-08-21 09:32:30.020,3.332,30000
2020-08-21 09:32:30.020,3.332,30000
2020-08-21 09:32:30.100,3.332,41900
2020-08-21 09:32:30.100,3.333,46600
2020-08-21 09:32:30.100,3.333,10000
2020-08-21 09:32:30.100,3.333,10000
2020-08-21 09:32:30.100,3.333,5000
2020-08-21 09:32:30.100,3.333,1900
2020-08-21 09:32:30.100,3.333,4800
2020-08-21 09:32:30.100,3.333,6000
2020-08-21 09:32:30.100,3.333,3000
2020-08-21 09:32:30.100,3.333,14300
2020-08-21 09:32:30.100,3.333,2000
2020-08-21 09:32:30.100,3.333,2000
2020-08-21 09:32:30.100,3.333,152500
2020-08-21 09:32:30.800,3.333,10000
2020-08-21 09:32:31.010,3.333,10000
2020-08-21 09:32:32.280,3.333,200
2020-08-21 09:32:32.830,3.332,1000
2020-08-21 09:32:33.060,3.333,50000
2020-08-21 09:32:33.060,3.333,50000
2020-08-21 09:32:33.060,3.333,33300
2020-08-21 09:32:33.060,3.333,16000
2020-08-21 09:32:33.060,3.333,50700
2020-08-21 09:32:33.060,3.333,30000
2020-08-21 09:32:33.060,3.333,100000
2020-08-21 09:32:33.060,3.333,100000
2020-08-21 09:32:33.060,3.333,19400
2020-08-21 09:32:33.060,3.333,300
2020-08-21 09:32:33.060,3.333,300
2020-08-21 09:32:33.120,3.333,9700
2020-08-21 09:32:33.120,3.333,1000
2020-08-21 09:32:33.120,3.333,89300
2020-08-21 09:32:33.120,3.333,20000
2020-08-21 09:32:33.120,3.333,30000
2020-08-21 09:32:33.490,3.333,4400
2020-08-21 09:32:33.590,3.332,2000
2020-08-21 09:32:34.000,3.332,5000
2020-08-21 09:32:34.150,3.332,65000
2020-08-21 09:32:34.650,3.332,227000
2020-08-21 09:32:34.650,3.332,400
2020-08-21 09:32:34.650,3.332,50000
2020-08-21 09:32:34.650,3.332,22600
2020-08-21 09:32:34.840,3.332,4400
2020-08-21 09:32:34.930,3.333,20000
2020-08-21 09:32:34.980,3.332,2200
2020-08-21 09:32:35.480,3.333,200
2020-08-21 09:32:35.660,3.332,2000
2020-08-21 09:32:35.660,3.332,3000
2020-08-21 09:32:35.770,3.332,25400
2020-08-21 09:32:36.070,3.332,30000
2020-08-21 09:32:36.070,3.332,30000
2020-08-21 09:32:36.070,3.332,30000
2020-08-21 09:32:36.070,3.332,10000
2020-08-21 09:32:36.070,3.332,30000
2020-08-21 09:32:36.070,3.332,30000
2020-08-21 09:32:36.070,3.332,10000
2020-08-21 09:32:36.070,3.332,30000
2020-08-21 09:32:36.070,3.332,10000
2020-08-21 09:32:36.070,3.332,30000
2020-08-21 09:32:36.070,3.332,10000
2020-08-21 09:32:36.310,3.332,19600
2020-08-21 09:32:36.310,3.332,1200
2020-08-21 09:32:36.310,3.331,20000
2020-08-21 09:32:37.350,3.332,48800
2020-08-21 09:32:37.350,3.332,1200
2020-08-21 09:32:38.130,3.331,2100
2020-08-21 09:32:38.180,3.331,11900
2020-08-21 09:32:38.270,3.332,8800
2020-08-21 09:32:38.270,3.332,13600
2020-08-21 09:32:39.100,3.332,10000
2020-08-21 09:32:39.190,3.332,6400
2020-08-21 09:32:39.610,3.332,1000
2020-08-21 09:32:39.640,3.333,10000
2020-08-21 09:32:39.990,3.332,2000
2020-08-21 09:32:40.010,3.333,10000
2020-08-21 09:32:40.080,3.332,3500
2020-08-21 09:32:40.080,3.333,10000
2020-08-21 09:32:40.140,3.332,3200
2020-08-21 09:32:41.050,3.332,4000
2020-08-21 09:32:41.080,3.332,50000
2020-08-21 09:32:41.350,3.332,2400
2020-08-21 09:32:41.670,3.333,106100
2020-08-21 09:32:41.670,3.333,14000
2020-08-21 09:32:41.670,3.333,179900
2020-08-21 09:32:41.770,3.333,120100
2020-08-21 09:32:41.770,3.333,3000
2020-08-21 09:32:41.770,3.333,5000
2020-08-21 09:32:41.770,3.334,5000
2020-08-21 09:32:41.770,3.334,4000
2020-08-21 09:32:41.770,3.334,10000
2020-08-21 09:32:41.770,3.334,4800
2020-08-21 09:32:41.770,3.334,13800
2020-08-21 09:32:41.770,3.334,6000
2020-08-21 09:32:41.770,3.334,2000
2020-08-21 09:32:41.770,3.334,80300
2020-08-21 09:32:41.770,3.334,40000
2020-08-21 09:32:41.770,3.334,300
2020-08-21 09:32:41.770,3.334,2000
2020-08-21 09:32:41.770,3.334,3700
2020-08-21 09:32:41.800,3.334,3800
2020-08-21 09:32:41.800,3.334,1000
2020-08-21 09:32:41.800,3.334,4600
2020-08-21 09:32:42.780,3.332,90000
2020-08-21 09:32:43.080,3.332,800
2020-08-21 09:32:45.290,3.333,1300
2020-08-21 09:32:45.290,3.333,700
2020-08-21 09:32:45.360,3.333,29300
2020-08-21 09:32:45.360,3.332,10700
2020-08-21 09:32:45.590,3.335,1000
2020-08-21 09:32:45.590,3.335,2200
2020-08-21 09:32:45.590,3.335,1100
2020-08-21 09:32:45.590,3.335,25500
2020-08-21 09:32:45.590,3.335,200
2020-08-21 09:32:45.590,3.335,29800
2020-08-21 09:32:45.590,3.335,30200
2020-08-21 09:32:47.590,3.333,100
2020-08-21 09:32:47.590,3.333,4100
2020-08-21 09:32:47.850,3.333,1400
2020-08-21 09:32:47.850,3.333,300
2020-08-21 09:32:47.850,3.333,8300
2020-08-21 09:32:47.980,3.334,60000
2020-08-21 09:32:47.980,3.334,10000
2020-08-21 09:32:47.980,3.334,30000
2020-08-21 09:32:47.980,3.334,10000
2020-08-21 09:32:47.980,3.334,80000
2020-08-21 09:32:47.980,3.334,50000
2020-08-21 09:32:48.040,3.334,10000
2020-08-21 09:32:48.130,3.334,10000
2020-08-21 09:32:48.280,3.334,10000
2020-08-21 09:32:48.630,3.334,10000
2020-08-21 09:32:49.580,3.334,20000
2020-08-21 09:32:49.750,3.334,5000
2020-08-21 09:32:49.860,3.334,7500
2020-08-21 09:32:50.360,3.335,18800
2020-08-21 09:32:50.360,3.335,1000
2020-08-21 09:32:50.360,3.335,10000
2020-08-21 09:32:50.360,3.335,2000
2020-08-21 09:32:50.360,3.335,1000
2020-08-21 09:32:50.360,3.335,1800
2020-08-21 09:32:50.360,3.335,500
2020-08-21 09:32:50.360,3.335,10000
2020-08-21 09:32:50.360,3.336,39100
2020-08-21 09:32:50.360,3.336,200
2020-08-21 09:32:50.360,3.336,2000
2020-08-21 09:32:50.360,3.336,6000
2020-08-21 09:32:50.360,3.336,5000
2020-08-21 09:32:50.360,3.336,200
2020-08-21 09:32:50.360,3.336,4100
2020-08-21 09:32:50.360,3.336,10000
2020-08-21 09:32:50.360,3.336,100
2020-08-21 09:32:50.360,3.336,1000
2020-08-21 09:32:50.360,3.336,10100
2020-08-21 09:32:50.360,3.336,1000
2020-08-21 09:32:50.360,3.336,900
2020-08-21 09:32:50.360,3.336,7000
2020-08-21 09:32:50.360,3.336,600
2020-08-21 09:32:50.360,3.336,400
2020-08-21 09:32:50.360,3.336,1000
2020-08-21 09:32:50.360,3.336,500
2020-08-21 09:32:50.360,3.336,3100
2020-08-21 09:32:50.360,3.336,100
2020-08-21 09:32:50.360,3.336,2500
2020-08-21 09:32:50.360,3.336,500
2020-08-21 09:32:50.360,3.336,3000
2020-08-21 09:32:50.360,3.336,2000
2020-08-21 09:32:50.360,3.336,2000
2020-08-21 09:32:50.360,3.336,10000
2020-08-21 09:32:50.360,3.336,1000
2020-08-21 09:32:50.360,3.336,2000
2020-08-21 09:32:50.360,3.336,5400
2020-08-21 09:32:50.360,3.336,5000
2020-08-21 09:32:50.360,3.336,500
2020-08-21 09:32:50.360,3.336,20000
2020-08-21 09:32:50.360,3.336,2000
2020-08-21 09:32:50.360,3.336,60000
2020-08-21 09:32:50.360,3.336,2400
2020-08-21 09:32:50.360,3.336,10000
2020-08-21 09:32:50.360,3.336,500
2020-08-21 09:32:50.360,3.336,5000
2020-08-21 09:32:51.930,3.336,200
2020-08-21 09:32:52.870,3.336,7000
2020-08-21 09:32:52.980,3.336,3000
2020-08-21 09:32:53.320,3.336,300
2020-08-21 09:32:53.900,3.336,18200
2020-08-21 09:32:53.900,3.335,2200
2020-08-21 09:32:53.900,3.334,4800
2020-08-21 09:32:54.460,3.336,20300
2020-08-21 09:32:54.460,3.334,200
2020-08-21 09:32:54.460,3.333,2800
2020-08-21 09:32:55.550,3.336,6000
2020-08-21 09:32:57.100,3.335,10000
2020-08-21 09:32:57.100,3.335,10000
2020-08-21 09:32:57.100,3.335,30000
2020-08-21 09:32:57.100,3.335,30000
2020-08-21 09:32:57.760,3.335,200
2020-08-21 09:32:58.610,3.335,300
2020-08-21 09:32:59.740,3.335,100
2020-08-21 09:33:00.050,3.335,20000
2020-08-21 09:33:00.050,3.335,30000
2020-08-21 09:33:00.050,3.335,30000
2020-08-21 09:33:00.050,3.335,30000
2020-08-21 09:33:00.050,3.335,30000
2020-08-21 09:33:00.050,3.335,30000
2020-08-21 09:33:00.470,3.334,10000
2020-08-21 09:33:00.820,3.334,20000
2020-08-21 09:33:01.300,3.333,30000
2020-08-21 09:33:02.630,3.334,274900
2020-08-21 09:33:02.630,3.334,25100
2020-08-21 09:33:03.080,3.334,20000
2020-08-21 09:33:03.080,3.334,80000
2020-08-21 09:33:03.080,3.334,40000
2020-08-21 09:33:03.080,3.334,50000
2020-08-21 09:33:03.080,3.334,20000
2020-08-21 09:33:03.440,3.334,1700
2020-08-21 09:33:03.730,3.333,800
2020-08-21 09:33:04.450,3.334,100
2020-08-21 09:33:05.990,3.334,30000
2020-08-21 09:33:06.020,3.334,20000
2020-08-21 09:33:06.230,3.334,13100
2020-08-21 09:33:06.230,3.334,44900
2020-08-21 09:33:08.170,3.334,2200
2020-08-21 09:33:08.410,3.333,1600
2020-08-21 09:33:08.910,3.333,200
2020-08-21 09:33:08.910,3.333,1800
2020-08-21 09:33:08.910,3.333,1000
2020-08-21 09:33:08.910,3.333,3300
2020-08-21 09:33:08.910,3.333,2000
2020-08-21 09:33:08.910,3.333,300
2020-08-21 09:33:08.910,3.333,300
2020-08-21 09:33:08.910,3.333,10000
2020-08-21 09:33:08.910,3.333,3100
2020-08-21 09:33:08.910,3.332,44600
2020-08-21 09:33:08.960,3.334,10000
2020-08-21 09:33:09.440,3.333,1000
2020-08-21 09:33:10.580,3.334,30000
2020-08-21 09:33:10.580,3.334,70000
2020-08-21 09:33:10.580,3.334,30000
2020-08-21 09:33:10.580,3.334,10000
2020-08-21 09:33:11.360,3.334,1500
2020-08-21 09:33:11.670,3.333,4000
2020-08-21 09:33:11.670,3.333,200
2020-08-21 09:33:11.670,3.333,5800
2020-08-21 09:33:11.760,3.333,10000
2020-08-21 09:33:12.130,3.333,30000
2020-08-21 09:33:12.160,3.333,4200
2020-08-21 09:33:12.160,3.333,10000
2020-08-21 09:33:12.560,3.333,30000
2020-08-21 09:33:12.560,3.333,40000
2020-08-21 09:33:12.580,3.333,5800
2020-08-21 09:33:12.580,3.334,4200
2020-08-21 09:33:13.030,3.333,300
2020-08-21 09:33:15.000,3.333,15000
2020-08-21 09:33:16.400,3.332,81400
2020-08-21 09:33:16.400,3.332,30700
2020-08-21 09:33:16.400,3.332,60000
2020-08-21 09:33:16.510,3.333,8200
2020-08-21 09:33:16.510,3.333,5000
2020-08-21 09:33:16.510,3.333,30500
2020-08-21 09:33:16.510,3.333,2400
2020-08-21 09:33:16.510,3.333,9100
2020-08-21 09:33:16.510,3.333,200
2020-08-21 09:33:16.510,3.333,10000
2020-08-21 09:33:16.510,3.334,33500
2020-08-21 09:33:16.810,3.333,1600
2020-08-21 09:33:18.130,3.332,200
2020-08-21 09:33:18.330,3.332,13000
2020-08-21 09:33:18.640,3.332,3200
2020-08-21 09:33:19.350,3.332,600
2020-08-21 09:33:19.450,3.332,2000
2020-08-21 09:33:20.270,3.331,4000
2020-08-21 09:33:20.840,3.332,12500
2020-08-21 09:33:22.320,3.331,9100
2020-08-21 09:33:23.120,3.331,152200
2020-08-21 09:33:23.120,3.331,1100
2020-08-21 09:33:23.120,3.331,1000
2020-08-21 09:33:23.120,3.331,50000
2020-08-21 09:33:23.260,3.331,76200
2020-08-21 09:33:23.260,3.332,4100
2020-08-21 09:33:23.620,3.33,100
2020-08-21 09:33:24.130,3.331,10000
2020-08-21 09:33:24.130,3.331,10000
2020-08-21 09:33:24.720,3.331,29400
2020-08-21 09:33:24.720,3.331,20600
2020-08-21 09:33:25.070,3.331,1200
2020-08-21 09:33:25.160,3.331,28200
2020-08-21 09:33:25.160,3.331,1800
2020-08-21 09:33:26.690,3.332,700
2020-08-21 09:33:27.470,3.331,500
2020-08-21 09:33:27.620,3.332,30000
2020-08-21 09:33:27.620,3.332,30000
2020-08-21 09:33:27.620,3.332,30000
2020-08-21 09:33:27.620,3.332,30000
2020-08-21 09:33:27.620,3.332,30000
2020-08-21 09:33:27.620,3.332,30000
2020-08-21 09:33:27.620,3.332,30000
2020-08-21 09:33:27.620,3.332,10000
2020-08-21 09:33:27.620,3.332,30000
2020-08-21 09:33:27.620,3.331,49500
2020-08-21 09:33:27.940,3.331,14500
2020-08-21 09:33:27.940,3.332,6800
2020-08-21 09:33:27.940,3.332,5000
2020-08-21 09:33:28.110,3.33,4500
2020-08-21 09:33:28.110,3.33,10000
2020-08-21 09:33:28.110,3.33,500
2020-08-21 09:33:28.110,3.33,20000
2020-08-21 09:33:28.110,3.33,10000
2020-08-21 09:33:28.110,3.33,5000
2020-08-21 09:33:28.290,3.332,1900
2020-08-21 09:33:28.290,3.332,300
2020-08-21 09:33:29.220,3.332,700
2020-08-21 09:33:29.220,3.332,2300
2020-08-21 09:33:29.920,3.331,800
2020-08-21 09:33:30.760,3.331,2000
2020-08-21 09:33:31.330,3.331,200
2020-08-21 09:33:31.330,3.331,8500
2020-08-21 09:33:31.970,3.331,11500
2020-08-21 09:33:31.970,3.331,12000
2020-08-21 09:33:31.970,3.331,300
2020-08-21 09:33:31.970,3.332,700
2020-08-21 09:33:31.970,3.332,30000
2020-08-21 09:33:31.970,3.332,8700
2020-08-21 09:33:31.970,3.332,12300
2020-08-21 09:33:31.970,3.332,1000
2020-08-21 09:33:31.970,3.332,5300
2020-08-21 09:33:31.970,3.332,4000
2020-08-21 09:33:32.110,3.333,298400
2020-08-21 09:33:32.110,3.333,1600
2020-08-21 09:33:32.540,3.333,5300
2020-08-21 09:33:32.740,3.332,214200
2020-08-21 09:33:33.600,3.331,100
2020-08-21 09:33:33.690,3.331,7400
2020-08-21 09:33:33.690,3.332,2600
2020-08-21 09:33:33.810,3.33,5000
2020-08-21 09:33:33.970,3.33,1000
2020-08-21 09:33:33.970,3.33,1000
2020-08-21 09:33:35.390,3.332,10000
2020-08-21 09:33:35.780,3.332,23200
2020-08-21 09:33:35.780,3.332,500
2020-08-21 09:33:35.780,3.332,3000
2020-08-21 09:33:35.780,3.332,10000
2020-08-21 09:33:35.780,3.333,263300
2020-08-21 09:33:36.010,3.333,30000
2020-08-21 09:33:36.010,3.333,200
2020-08-21 09:33:36.010,3.333,500
2020-08-21 09:33:36.010,3.333,29300
2020-08-21 09:33:36.010,3.333,30000
2020-08-21 09:33:36.010,3.333,30000
2020-08-21 09:33:36.010,3.333,30000
2020-08-21 09:33:36.010,3.333,30000
2020-08-21 09:33:36.010,3.333,30000
2020-08-21 09:33:36.010,3.333,30000
2020-08-21 09:33:36.010,3.333,30000
2020-08-21 09:33:36.010,3.333,20000
2020-08-21 09:33:36.010,3.333,30000
2020-08-21 09:33:36.010,3.333,10800
2020-08-21 09:33:36.010,3.333,4000
2020-08-21 09:33:36.010,3.333,5000
2020-08-21 09:33:36.010,3.333,10200
2020-08-21 09:33:36.010,3.333,30000
2020-08-21 09:33:36.010,3.333,30000
2020-08-21 09:33:36.010,3.333,30000
2020-08-21 09:33:36.010,3.333,10000
2020-08-21 09:33:36.010,3.333,7800
2020-08-21 09:33:36.010,3.333,500
2020-08-21 09:33:36.010,3.333,1700
2020-08-21 09:33:36.010,3.333,12700
2020-08-21 09:33:36.010,3.333,17300
2020-08-21 09:33:36.010,3.333,10000
2020-08-21 09:33:36.010,3.333,22700
2020-08-21 09:33:36.010,3.333,7300
2020-08-21 09:33:37.740,3.331,1000
2020-08-21 09:33:37.740,3.331,2700
2020-08-21 09:33:37.950,3.331,100
2020-08-21 09:33:37.950,3.331,297200
2020-08-21 09:33:37.950,3.331,2800
2020-08-21 09:33:38.880,3.331,500
2020-08-21 09:33:38.880,3.331,5100
2020-08-21 09:33:39.050,3.332,30000
2020-08-21 09:33:39.050,3.332,30000
2020-08-21 09:33:39.050,3.332,30000
2020-08-21 09:33:39.050,3.332,10000
2020-08-21 09:33:39.050,3.332,30000
2020-08-21 09:33:39.050,3.332,30000
2020-08-21 09:33:39.050,3.332,30000
2020-08-21 09:33:39.080,3.332,10000
2020-08-21 09:33:39.080,3.332,10000
2020-08-21 09:33:39.080,3.332,10000
2020-08-21 09:33:39.080,3.332,30000
2020-08-21 09:33:39.080,3.332,30000
2020-08-21 09:33:39.080,3.332,30000
2020-08-21 09:33:39.130,3.331,100
2020-08-21 09:33:39.130,3.331,300
2020-08-21 09:33:39.930,3.331,6000
2020-08-21 09:33:40.380,3.331,4800
2020-08-21 09:33:40.560,3.332,10000
2020-08-21 09:33:40.810,3.331,45200
2020-08-21 09:33:40.810,3.331,50000
2020-08-21 09:33:40.810,3.331,50000
2020-08-21 09:33:40.990,3.331,43700
2020-08-21 09:33:41.260,3.331,11100
2020-08-21 09:33:41.260,3.332,3900
2020-08-21 09:33:42.050,3.332,60000
2020-08-21 09:33:42.630,3.33,200
2020-08-21 09:33:42.840,3.332,1500
2020-08-21 09:33:43.190,3.332,200
2020-08-21 09:33:43.300,3.331,800
2020-08-21 09:33:44.390,3.331,500
2020-08-21 09:33:44.390,3.331,7700
2020-08-21 09:33:44.630,3.331,4000
2020-08-21 09:33:45.000,3.331,10000
2020-08-21 09:33:45.210,3.331,7800
2020-08-21 09:33:45.210,3.331,2300
2020-08-21 09:33:45.520,3.331,25000
2020-08-21 09:33:47.000,3.332,4400
2020-08-21 09:33:47.000,3.332,5000
2020-08-21 09:33:47.000,3.332,2000
2020-08-21 09:33:47.000,3.332,900
2020-08-21 09:33:47.000,3.332,4000
2020-08-21 09:33:47.000,3.332,9000
2020-08-21 09:33:47.000,3.332,1200
2020-08-21 09:33:47.000,3.332,500
2020-08-21 09:33:47.000,3.332,73000
2020-08-21 09:33:47.810,3.331,3000
2020-08-21 09:33:48.040,3.332,4000
2020-08-21 09:33:48.040,3.332,16000
2020-08-21 09:33:48.040,3.332,11800
2020-08-21 09:33:48.040,3.332,18200
2020-08-21 09:33:48.040,3.332,30000
2020-08-21 09:33:48.040,3.332,30000
2020-08-21 09:33:48.040,3.332,10000
2020-08-21 09:33:48.040,3.332,30000
2020-08-21 09:33:48.040,3.332,30000
2020-08-21 09:33:48.040,3.332,30000
2020-08-21 09:33:48.040,3.332,10000
2020-08-21 09:33:48.040,3.332,20000
2020-08-21 09:33:48.040,3.332,30000
2020-08-21 09:33:48.040,3.332,30000
2020-08-21 09:33:48.040,3.332,30000
2020-08-21 09:33:48.040,3.332,1800
2020-08-21 09:33:48.040,3.332,28200
2020-08-21 09:33:48.040,3.332,30000
2020-08-21 09:33:48.040,3.332,30000
2020-08-21 09:33:48.040,3.332,30000
2020-08-21 09:33:48.040,3.332,30000
2020-08-21 09:33:48.040,3.332,30000
2020-08-21 09:33:48.040,3.332,10000
2020-08-21 09:33:48.040,3.332,30000
2020-08-21 09:33:48.390,3.331,47000
2020-08-21 09:33:48.390,3.331,253000
2020-08-21 09:33:48.970,3.331,2500
2020-08-21 09:33:49.090,3.331,3200
2020-08-21 09:33:49.540,3.331,10000
2020-08-21 09:33:50.060,3.331,5600
2020-08-21 09:33:50.720,3.331,3100
2020-08-21 09:33:50.720,3.331,1500
2020-08-21 09:33:50.720,3.331,5500
2020-08-21 09:33:51.010,3.332,80000
2020-08-21 09:33:51.010,3.332,7700
2020-08-21 09:33:51.010,3.332,10000
2020-08-21 09:33:51.010,3.332,10000
2020-08-21 09:33:51.010,3.332,2300
2020-08-21 09:33:52.420,3.332,100
2020-08-21 09:33:52.870,3.331,10000
2020-08-21 09:33:52.930,3.331,10000
2020-08-21 09:33:53.510,3.331,8000
2020-08-21 09:33:53.940,3.331,700
2020-08-21 09:33:53.960,3.332,7600
2020-08-21 09:33:53.960,3.332,20000
2020-08-21 09:33:53.960,3.332,2000
2020-08-21 09:33:53.960,3.332,100
2020-08-21 09:33:53.960,3.332,300
2020-08-21 09:33:54.040,3.332,1200
2020-08-21 09:33:54.040,3.332,28800
2020-08-21 09:33:54.320,3.331,400
2020-08-21 09:33:54.410,3.331,100
2020-08-21 09:33:54.890,3.332,14500
2020-08-21 09:33:56.190,3.332,6700
2020-08-21 09:33:56.750,3.332,300
2020-08-21 09:33:57.600,3.332,70000
2020-08-21 09:33:58.050,3.331,500
2020-08-21 09:33:58.050,3.331,4200
2020-08-21 09:33:58.840,3.331,1300
2020-08-21 09:33:58.840,3.331,100
2020-08-21 09:33:59.360,3.331,1400
2020-08-21 09:33:59.740,3.331,2500
2020-08-21 09:33:59.740,3.331,100
2020-08-21 09:33:59.830,3.331,900
2020-08-21 09:34:00.020,3.332,70000
2020-08-21 09:34:00.020,3.332,100000
2020-08-21 09:34:00.020,3.332,60000
2020-08-21 09:34:00.020,3.332,20000
2020-08-21 09:34:00.020,3.332,70000
2020-08-21 09:34:00.020,3.332,100000
2020-08-21 09:34:00.390,3.331,1500
2020-08-21 09:34:00.790,3.331,7500
2020-08-21 09:34:00.850,3.332,110000
2020-08-21 09:34:00.850,3.332,3000
2020-08-21 09:34:00.850,3.333,102300
2020-08-21 09:34:00.850,3.333,400
2020-08-21 09:34:00.850,3.333,10000
2020-08-21 09:34:00.850,3.333,30000
2020-08-21 09:34:00.850,3.333,300
2020-08-21 09:34:00.850,3.333,44000
2020-08-21 09:34:00.900,3.332,6000
2020-08-21 09:34:01.120,3.332,200
2020-08-21 09:34:01.480,3.332,3000
2020-08-21 09:34:01.830,3.332,6500
2020-08-21 09:34:02.980,3.333,30000
2020-08-21 09:34:02.980,3.333,30000
2020-08-21 09:34:03.060,3.333,10000
2020-08-21 09:34:03.060,3.333,100000
2020-08-21 09:34:03.060,3.333,40000
2020-08-21 09:34:03.090,3.332,2400
2020-08-21 09:34:04.740,3.332,50000
2020-08-21 09:34:04.900,3.332,8000
2020-08-21 09:34:05.310,3.332,3100
2020-08-21 09:34:05.420,3.332,1500
2020-08-21 09:34:07.120,3.332,100
2020-08-21 09:34:07.580,3.333,20000
2020-08-21 09:34:08.010,3.332,2000
2020-08-21 09:34:08.190,3.332,1000
2020-08-21 09:34:08.350,3.332,14200
2020-08-21 09:34:08.620,3.333,1500
2020-08-21 09:34:08.780,3.332,1500
2020-08-21 09:34:09.090,3.332,15600
2020-08-21 09:34:09.090,3.332,5600
2020-08-21 09:34:09.230,3.332,15200
2020-08-21 09:34:09.400,3.332,85000
2020-08-21 09:34:09.480,3.332,15000
2020-08-21 09:34:09.950,3.333,16800
2020-08-21 09:34:10.110,3.333,800
2020-08-21 09:34:10.670,3.332,100
2020-08-21 09:34:11.850,3.332,1000
2020-08-21 09:34:12.730,3.332,1000
2020-08-21 09:34:12.770,3.333,10000
2020-08-21 09:34:13.030,3.332,400
2020-08-21 09:34:13.630,3.332,61600
2020-08-21 09:34:13.630,3.332,600
2020-08-21 09:34:13.630,3.332,10000
2020-08-21 09:34:13.630,3.332,10000
2020-08-21 09:34:13.630,3.332,1000
2020-08-21 09:34:13.630,3.332,14800
2020-08-21 09:34:13.630,3.332,4000
2020-08-21 09:34:13.630,3.332,100
2020-08-21 09:34:13.710,3.332,10000
2020-08-21 09:34:14.980,3.332,30000
2020-08-21 09:34:14.980,3.332,20000
2020-08-21 09:34:15.060,3.332,70000
2020-08-21 09:34:15.060,3.332,67900
2020-08-21 09:34:15.060,3.332,2100
2020-08-21 09:34:15.250,3.332,47900
2020-08-21 09:34:15.250,3.333,2900
2020-08-21 09:34:15.250,3.333,13900
2020-08-21 09:34:15.250,3.333,1300
2020-08-21 09:34:15.250,3.333,6000
2020-08-21 09:34:15.250,3.333,5000
2020-08-21 09:34:15.250,3.333,273000
2020-08-21 09:34:15.990,3.332,18000
2020-08-21 09:34:17.890,3.332,9300
2020-08-21 09:34:17.970,3.332,100
2020-08-21 09:34:18.000,3.331,2500
2020-08-21 09:34:18.000,3.331,300
2020-08-21 09:34:18.000,3.331,10000
2020-08-21 09:34:18.000,3.331,10000
2020-08-21 09:34:18.000,3.331,300
2020-08-21 09:34:18.000,3.331,26900
2020-08-21 09:34:18.120,3.332,10000
2020-08-21 09:34:18.120,3.332,2000
2020-08-21 09:34:18.450,3.332,1500
2020-08-21 09:34:18.450,3.332,600
2020-08-21 09:34:19.040,3.332,1400
2020-08-21 09:34:19.040,3.332,2000
2020-08-21 09:34:19.040,3.332,1600
2020-08-21 09:34:19.730,3.332,300
2020-08-21 09:34:20.280,3.331,200
2020-08-21 09:34:20.310,3.33,2500
2020-08-21 09:34:21.070,3.332,7900
2020-08-21 09:34:21.070,3.332,10000
2020-08-21 09:34:21.070,3.332,2100
2020-08-21 09:34:21.220,3.332,7400
2020-08-21 09:34:22.110,3.332,2600
2020-08-21 09:34:22.250,3.331,200
2020-08-21 09:34:23.100,3.331,200
2020-08-21 09:34:24.450,3.331,2300
2020-08-21 09:34:24.450,3.331,700
2020-08-21 09:34:26.080,3.331,6800
2020-08-21 09:34:26.080,3.332,3900
2020-08-21 09:34:26.080,3.332,100
2020-08-21 09:34:26.080,3.332,4000
2020-08-21 09:34:26.080,3.332,30000
2020-08-21 09:34:26.080,3.332,5000
2020-08-21 09:34:26.080,3.332,2000
2020-08-21 09:34:26.080,3.333,27000
2020-08-21 09:34:26.080,3.333,2000
2020-08-21 09:34:26.080,3.333,50000
2020-08-21 09:34:26.080,3.333,15000
2020-08-21 09:34:26.080,3.333,3000
2020-08-21 09:34:26.080,3.333,100000
2020-08-21 09:34:26.080,3.333,51200
2020-08-21 09:34:26.910,3.33,1700
2020-08-21 09:34:27.040,3.333,20000
2020-08-21 09:34:27.040,3.333,10000
2020-08-21 09:34:27.040,3.333,10000
2020-08-21 09:34:27.040,3.333,10000
2020-08-21 09:34:27.040,3.333,30000
2020-08-21 09:34:27.040,3.333,30000
2020-08-21 09:34:27.040,3.333,30000
2020-08-21 09:34:27.040,3.333,10000
2020-08-21 09:34:27.040,3.333,10000
2020-08-21 09:34:28.160,3.331,50000
2020-08-21 09:34:29.290,3.332,2000
2020-08-21 09:34:30.050,3.333,3700
2020-08-21 09:34:30.050,3.333,5000
2020-08-21 09:34:30.050,3.333,5000
2020-08-21 09:34:30.050,3.333,10000
2020-08-21 09:34:30.050,3.333,2000
2020-08-21 09:34:30.050,3.333,4300
2020-08-21 09:34:30.050,3.333,10000
2020-08-21 09:34:30.050,3.333,30000
2020-08-21 09:34:30.050,3.333,20000
2020-08-21 09:34:30.070,3.332,2300
2020-08-21 09:34:30.570,3.332,2400
2020-08-21 09:34:31.160,3.332,9100
2020-08-21 09:34:32.790,3.332,20000
2020-08-21 09:34:33.070,3.333,20000
2020-08-21 09:34:33.210,3.332,500
2020-08-21 09:34:34.290,3.333,5700
2020-08-21 09:34:34.940,3.333,10000
2020-08-21 09:34:36.040,3.334,900
2020-08-21 09:34:36.040,3.334,15000
2020-08-21 09:34:36.040,3.334,4100
2020-08-21 09:34:36.040,3.334,900
2020-08-21 09:34:36.040,3.334,1000
2020-08-21 09:34:36.040,3.334,12000
2020-08-21 09:34:36.040,3.334,100
2020-08-21 09:34:36.040,3.334,500
2020-08-21 09:34:36.040,3.334,100
2020-08-21 09:34:36.040,3.334,500
2020-08-21 09:34:36.040,3.334,4900
2020-08-21 09:34:36.040,3.334,100
2020-08-21 09:34:36.040,3.334,12000
2020-08-21 09:34:36.040,3.334,17900
2020-08-21 09:34:36.040,3.334,20000
2020-08-21 09:34:36.040,3.334,30000
2020-08-21 09:34:36.040,3.334,20000
2020-08-21 09:34:36.040,3.334,30000
2020-08-21 09:34:36.040,3.334,40000
2020-08-21 09:34:36.040,3.334,30000
2020-08-21 09:34:36.040,3.334,30000
2020-08-21 09:34:36.120,3.333,18600
2020-08-21 09:34:36.150,3.333,300
2020-08-21 09:34:36.220,3.333,2000
2020-08-21 09:34:36.350,3.333,50000
2020-08-21 09:34:36.960,3.333,1500
2020-08-21 09:34:37.280,3.333,200
2020-08-21 09:34:37.400,3.333,10000
2020-08-21 09:34:37.400,3.334,100
2020-08-21 09:34:37.880,3.333,1700
2020-08-21 09:34:37.880,3.333,7300
2020-08-21 09:34:37.970,3.333,1200
2020-08-21 09:34:37.970,3.333,4700
2020-08-21 09:34:37.970,3.333,4100
2020-08-21 09:34:38.880,3.333,7500
2020-08-21 09:34:39.020,3.334,30000
2020-08-21 09:34:39.080,3.334,20000
2020-08-21 09:34:39.080,3.334,10000
2020-08-21 09:34:39.390,3.333,5000
2020-08-21 09:34:40.620,3.333,1710
2020-08-21 09:34:42.040,3.334,10000
2020-08-21 09:34:43.750,3.333,1300
2020-08-21 09:34:45.020,3.334,10000
2020-08-21 09:34:45.070,3.334,2000
2020-08-21 09:34:45.070,3.334,1000
2020-08-21 09:34:47.240,3.334,6000
2020-08-21 09:34:51.920,3.334,3200
2020-08-21 09:34:51.920,3.334,90000
2020-08-21 09:34:51.920,3.334,100
2020-08-21 09:34:51.920,3.334,1500
2020-08-21 09:34:51.920,3.333,85200
2020-08-21 09:34:52.540,3.333,4000
2020-08-21 09:34:53.640,3.334,7000
2020-08-21 09:34:53.640,3.335,5000
2020-08-21 09:34:53.640,3.335,100
2020-08-21 09:34:53.640,3.335,17900
2020-08-21 09:34:53.640,3.335,2100
2020-08-21 09:34:53.640,3.335,1200
2020-08-21 09:34:53.640,3.335,7000
2020-08-21 09:34:53.640,3.335,2900
2020-08-21 09:34:53.640,3.335,200
2020-08-21 09:34:53.640,3.335,400
2020-08-21 09:34:53.640,3.335,4000
2020-08-21 09:34:53.640,3.335,5000
2020-08-21 09:34:53.640,3.335,3500
2020-08-21 09:34:53.640,3.335,5000
2020-08-21 09:34:53.640,3.335,200
2020-08-21 09:34:53.640,3.335,11000
2020-08-21 09:34:53.640,3.335,5000
2020-08-21 09:34:53.640,3.335,2500
2020-08-21 09:34:53.640,3.335,4500
2020-08-21 09:34:53.640,3.335,1500
2020-08-21 09:34:53.640,3.335,10000
2020-08-21 09:34:53.640,3.335,3000
2020-08-21 09:34:53.640,3.335,1000
2020-08-21 09:34:54.260,3.335,1000
2020-08-21 09:34:54.260,3.335,10000
2020-08-21 09:34:54.260,3.335,10000
2020-08-21 09:34:54.260,3.335,100
2020-08-21 09:34:54.260,3.335,56900
2020-08-21 09:34:54.810,3.334,5000
2020-08-21 09:34:55.110,3.335,1900
2020-08-21 09:34:55.480,3.335,200
2020-08-21 09:34:55.660,3.334,20000
2020-08-21 09:34:55.660,3.334,5000
2020-08-21 09:34:55.710,3.334,9800
2020-08-21 09:34:55.710,3.334,200
2020-08-21 09:34:57.410,3.334,300
2020-08-21 09:34:58.140,3.335,30000
2020-08-21 09:34:58.140,3.335,30000
2020-08-21 09:34:58.140,3.335,30000
2020-08-21 09:34:58.140,3.335,30000
2020-08-21 09:34:58.140,3.335,30000
2020-08-21 09:34:58.140,3.335,91000
2020-08-21 09:34:58.140,3.335,9000
2020-08-21 09:34:58.140,3.335,1500
2020-08-21 09:34:58.140,3.335,100
2020-08-21 09:34:58.140,3.335,28400
2020-08-21 09:34:58.140,3.335,20000
2020-08-21 09:34:58.140,3.335,30000
2020-08-21 09:34:58.140,3.335,30000
2020-08-21 09:34:58.140,3.335,30000
2020-08-21 09:34:58.140,3.335,30000
2020-08-21 09:34:58.140,3.335,100000
2020-08-21 09:34:58.140,3.335,31600
2020-08-21 09:34:58.140,3.335,8400
2020-08-21 09:34:58.220,3.334,600
2020-08-21 09:34:58.220,3.334,1500
2020-08-21 09:34:58.220,3.334,2900
2020-08-21 09:34:58.500,3.334,2000
2020-08-21 09:34:59.040,3.335,2900
2020-08-21 09:34:59.150,3.335,10000
2020-08-21 09:34:59.150,3.335,8700
2020-08-21 09:34:59.150,3.335,1500
2020-08-21 09:34:59.150,3.335,1000
2020-08-21 09:34:59.460,3.335,5000
2020-08-21 09:35:00.090,3.335,5000
2020-08-21 09:35:00.120,3.335,8800
2020-08-21 09:35:00.120,3.335,7500
2020-08-21 09:35:00.180,3.335,12500
2020-08-21 09:35:00.180,3.335,17500
2020-08-21 09:35:00.660,3.335,5000
2020-08-21 09:35:01.510,3.335,2000
2020-08-21 09:35:01.700,3.336,1000
2020-08-21 09:35:01.700,3.336,5000
2020-08-21 09:35:01.700,3.336,500
2020-08-21 09:35:01.700,3.336,100
2020-08-21 09:35:01.700,3.336,1600
2020-08-21 09:35:01.700,3.336,10000
2020-08-21 09:35:01.700,3.336,100
2020-08-21 09:35:01.700,3.336,200
2020-08-21 09:35:01.700,3.336,2000
2020-08-21 09:35:01.700,3.336,19500
2020-08-21 09:35:01.870,3.335,5000
2020-08-21 09:35:02.270,3.335,500
2020-08-21 09:35:02.270,3.335,4600
2020-08-21 09:35:02.740,3.335,2000
2020-08-21 09:35:02.820,3.335,3000
2020-08-21 09:35:02.850,3.335,10000
2020-08-21 09:35:04.770,3.335,60000
2020-08-21 09:35:05.300,3.335,2300
2020-08-21 09:35:06.070,3.335,18100
2020-08-21 09:35:06.070,3.335,1900
2020-08-21 09:35:06.550,3.336,30500
2020-08-21 09:35:06.550,3.336,6000
2020-08-21 09:35:06.550,3.336,9900
2020-08-21 09:35:06.550,3.336,5000
2020-08-21 09:35:06.550,3.336,100
2020-08-21 09:35:06.550,3.336,1500
2020-08-21 09:35:06.550,3.336,5400
2020-08-21 09:35:06.550,3.336,100
2020-08-21 09:35:06.550,3.336,1500
2020-08-21 09:35:06.550,3.336,10000
2020-08-21 09:35:06.550,3.336,10000
2020-08-21 09:35:07.160,3.335,28100
2020-08-21 09:35:07.160,3.335,30000
2020-08-21 09:35:07.160,3.335,30000
2020-08-21 09:35:07.160,3.335,30000
2020-08-21 09:35:07.160,3.335,30000
2020-08-21 09:35:07.160,3.335,30000
2020-08-21 09:35:07.160,3.335,30000
2020-08-21 09:35:07.160,3.335,10000
2020-08-21 09:35:07.160,3.335,30000
2020-08-21 09:35:07.160,3.335,13000
2020-08-21 09:35:07.160,3.335,9500
2020-08-21 09:35:07.160,3.335,4000
2020-08-21 09:35:07.160,3.335,25400
2020-08-21 09:35:07.160,3.335,100
2020-08-21 09:35:08.680,3.335,3000
2020-08-21 09:35:09.060,3.335,2000
2020-08-21 09:35:09.060,3.335,1100
2020-08-21 09:35:09.320,3.334,100
2020-08-21 09:35:09.770,3.335,300
2020-08-21 09:35:10.100,3.335,6100
2020-08-21 09:35:10.100,3.335,3900
2020-08-21 09:35:10.100,3.335,10000
2020-08-21 09:35:10.980,3.334,900
2020-08-21 09:35:10.980,3.334,2000
2020-08-21 09:35:12.070,3.334,1200
2020-08-21 09:35:12.210,3.334,500
2020-08-21 09:35:12.290,3.334,50000
2020-08-21 09:35:13.420,3.334,100
2020-08-21 09:35:14.790,3.334,1500
2020-08-21 09:35:15.400,3.334,100
2020-08-21 09:35:15.780,3.333,41190
2020-08-21 09:35:15.780,3.333,300
2020-08-21 09:35:15.780,3.333,20000
2020-08-21 09:35:15.780,3.333,100
2020-08-21 09:35:15.780,3.333,20000
2020-08-21 09:35:16.890,3.332,4000
2020-08-21 09:35:18.320,3.333,2000
2020-08-21 09:35:18.340,3.332,8400
2020-08-21 09:35:18.520,3.333,9500
2020-08-21 09:35:18.840,3.333,9500
2020-08-21 09:35:18.840,3.332,55600
2020-08-21 09:35:18.840,3.332,15000
2020-08-21 09:35:18.840,3.332,5000
2020-08-21 09:35:18.840,3.332,3000
2020-08-21 09:35:18.840,3.332,4000
2020-08-21 09:35:18.840,3.332,5000
2020-08-21 09:35:19.220,3.332,80000
2020-08-21 09:35:19.220,3.332,30000
2020-08-21 09:35:19.220,3.332,10000
2020-08-21 09:35:19.220,3.332,30000
2020-08-21 09:35:20.090,3.332,9400
2020-08-21 09:35:20.090,3.332,53000
2020-08-21 09:35:20.090,3.332,300000
2020-08-21 09:35:20.380,3.332,300000
2020-08-21 09:35:20.500,3.332,10000
2020-08-21 09:35:21.070,3.332,237000
2020-08-21 09:35:21.150,3.332,2000
2020-08-21 09:35:21.150,3.333,18000
2020-08-21 09:35:22.290,3.331,250000
2020-08-21 09:35:22.290,3.331,138800
2020-08-21 09:35:22.320,3.332,20000
2020-08-21 09:35:22.320,3.333,10000
2020-08-21 09:35:23.200,3.332,5000
2020-08-21 09:35:23.200,3.333,25000
2020-08-21 09:35:23.200,3.333,30000
2020-08-21 09:35:23.200,3.333,30000
2020-08-21 09:35:23.200,3.333,30000
2020-08-21 09:35:23.200,3.333,30000
2020-08-21 09:35:23.200,3.333,10000
2020-08-21 09:35:23.200,3.333,30000
2020-08-21 09:35:23.290,3.331,161200
2020-08-21 09:35:23.290,3.331,3400
2020-08-21 09:35:23.290,3.331,100
2020-08-21 09:35:23.290,3.331,5800
2020-08-21 09:35:23.290,3.331,200
2020-08-21 09:35:23.290,3.331,3000
2020-08-21 09:35:23.290,3.331,50000
2020-08-21 09:35:23.290,3.331,30000
2020-08-21 09:35:23.290,3.331,46300
2020-08-21 09:35:23.510,3.332,200
2020-08-21 09:35:25.170,3.332,10000
2020-08-21 09:35:25.170,3.332,10000
2020-08-21 09:35:25.170,3.332,20000
2020-08-21 09:35:25.530,3.331,3000
2020-08-21 09:35:25.740,3.332,2400
2020-08-21 09:35:26.060,3.332,3000
2020-08-21 09:35:26.340,3.332,4400
2020-08-21 09:35:26.340,3.332,1000
2020-08-21 09:35:27.650,3.332,25000
2020-08-21 09:35:27.770,3.332,9000
2020-08-21 09:35:28.090,3.332,5200
2020-08-21 09:35:28.090,3.332,2000
2020-08-21 09:35:28.090,3.331,42800
2020-08-21 09:35:28.370,3.331,10000
2020-08-21 09:35:28.600,3.333,1400
2020-08-21 09:35:28.810,3.331,7600
2020-08-21 09:35:28.930,3.333,3000
2020-08-21 09:35:28.990,3.333,100
2020-08-21 09:35:29.340,3.331,114000
2020-08-21 09:35:29.680,3.333,30000
2020-08-21 09:35:29.680,3.333,30000
2020-08-21 09:35:29.680,3.333,22500
2020-08-21 09:35:29.680,3.333,77500
2020-08-21 09:35:29.680,3.333,30000
2020-08-21 09:35:29.680,3.333,30000
2020-08-21 09:35:29.680,3.333,30000
2020-08-21 09:35:29.680,3.333,30000
2020-08-21 09:35:29.680,3.333,30000
2020-08-21 09:35:29.680,3.333,30000
2020-08-21 09:35:29.680,3.333,42500
2020-08-21 09:35:29.680,3.333,3000
2020-08-21 09:35:29.680,3.333,54500
2020-08-21 09:35:29.680,3.333,40000
2020-08-21 09:35:30.310,3.332,1000
2020-08-21 09:35:30.790,3.332,1000
2020-08-21 09:35:31.490,3.332,2000
2020-08-21 09:35:32.670,3.332,4000
2020-08-21 09:35:32.670,3.332,5000
2020-08-21 09:35:32.670,3.332,1000
2020-08-21 09:35:32.670,3.332,20500
2020-08-21 09:35:33.210,3.331,50000
2020-08-21 09:35:33.210,3.331,1000
2020-08-21 09:35:34.240,3.331,3800
2020-08-21 09:35:34.240,3.331,6200
2020-08-21 09:35:34.650,3.331,2000
2020-08-21 09:35:35.580,3.331,10000
2020-08-21 09:35:35.780,3.331,11800
2020-08-21 09:35:35.780,3.332,1700
2020-08-21 09:35:35.780,3.333,16500
2020-08-21 09:35:36.300,3.333,10000
2020-08-21 09:35:37.130,3.332,700
2020-08-21 09:35:37.550,3.333,179900
2020-08-21 09:35:37.550,3.333,10000
2020-08-21 09:35:37.550,3.333,110100
2020-08-21 09:35:37.920,3.332,800
2020-08-21 09:35:38.090,3.332,200
2020-08-21 09:35:38.190,3.331,200
2020-08-21 09:35:38.190,3.33,3400
2020-08-21 09:35:38.240,3.332,13000
2020-08-21 09:35:38.480,3.332,3000
2020-08-21 09:35:39.860,3.332,3300
2020-08-21 09:35:40.160,3.332,2000
2020-08-21 09:35:40.290,3.332,37000
2020-08-21 09:35:41.310,3.332,10000
2020-08-21 09:35:41.950,3.332,1100
2020-08-21 09:35:42.290,3.332,9000
2020-08-21 09:35:42.510,3.332,400
2020-08-21 09:35:42.740,3.333,1000
2020-08-21 09:35:42.790,3.332,500
2020-08-21 09:35:43.480,3.332,10000
2020-08-21 09:35:43.680,3.332,10000
2020-08-21 09:35:44.270,3.332,50000
2020-08-21 09:35:45.340,3.332,9500
2020-08-21 09:35:45.690,3.333,300
2020-08-21 09:35:46.100,3.332,2000
2020-08-21 09:35:46.360,3.332,3800
2020-08-21 09:35:47.340,3.332,200
2020-08-21 09:35:47.740,3.332,3500
2020-08-21 09:35:47.960,3.332,5000
2020-08-21 09:35:48.470,3.332,50000
2020-08-21 09:35:48.560,3.332,54083
2020-08-21 09:35:49.380,3.332,22617
2020-08-21 09:35:49.380,3.332,1000
2020-08-21 09:35:49.380,3.332,5000
2020-08-21 09:35:50.480,3.332,1383
2020-08-21 09:35:50.480,3.332,2000
2020-08-21 09:35:50.480,3.333,16617
2020-08-21 09:35:50.790,3.333,3200
2020-08-21 09:35:51.180,3.333,10000
2020-08-21 09:35:52.470,3.331,76800
2020-08-21 09:35:52.670,3.331,20000
2020-08-21 09:35:54.860,3.332,3000
2020-08-21 09:35:54.860,3.332,2500
2020-08-21 09:35:54.860,3.332,100
2020-08-21 09:35:54.860,3.332,24400
2020-08-21 09:35:56.130,3.332,1500
2020-08-21 09:35:56.630,3.331,30100
2020-08-21 09:35:56.880,3.331,2000
2020-08-21 09:35:57.880,3.332,4100
2020-08-21 09:35:57.880,3.332,9000
2020-08-21 09:35:57.880,3.332,2000
2020-08-21 09:35:57.880,3.332,1000
2020-08-21 09:35:57.880,3.332,4200
2020-08-21 09:35:57.880,3.332,900
2020-08-21 09:35:57.880,3.332,8800
2020-08-21 09:35:57.880,3.332,20000
2020-08-21 09:35:58.230,3.331,67600
2020-08-21 09:35:58.540,3.331,10000
2020-08-21 09:36:00.370,3.332,300
2020-08-21 09:36:00.850,3.332,22300
2020-08-21 09:36:00.850,3.332,1000
2020-08-21 09:36:00.850,3.332,26700
2020-08-21 09:36:00.880,3.332,1500
2020-08-21 09:36:00.910,3.332,11800
2020-08-21 09:36:01.590,3.332,50000
2020-08-21 09:36:02.310,3.332,1000
2020-08-21 09:36:02.340,3.332,3000
2020-08-21 09:36:03.290,3.332,10000
2020-08-21 09:36:03.710,3.332,9000
2020-08-21 09:36:04.090,3.333,30000
2020-08-21 09:36:04.090,3.333,30000
2020-08-21 09:36:04.090,3.333,20000
2020-08-21 09:36:05.570,3.332,4500
2020-08-21 09:36:06.070,3.333,72783
2020-08-21 09:36:06.070,3.333,7217
2020-08-21 09:36:08.140,3.333,800
2020-08-21 09:36:08.880,3.333,50000
2020-08-21 09:36:11.240,3.333,400
2020-08-21 09:36:12.560,3.332,3000
2020-08-21 09:36:13.070,3.332,500
2020-08-21 09:36:13.100,3.332,400
2020-08-21 09:36:13.620,3.332,5000
2020-08-21 09:36:13.650,3.332,1000
2020-08-21 09:36:13.740,3.333,20000
2020-08-21 09:36:13.820,3.333,400
2020-08-21 09:36:14.490,3.332,800
2020-08-21 09:36:14.490,3.332,29200
2020-08-21 09:36:14.940,3.332,1600
2020-08-21 09:36:15.150,3.332,20200
2020-08-21 09:36:15.620,3.332,5000
2020-08-21 09:36:15.950,3.332,54100
2020-08-21 09:36:16.200,3.332,6900
2020-08-21 09:36:16.430,3.332,8000
