Datetime,Price,Volume
2020-08-21 09:25:00.040,4.767,2000
2020-08-21 09:25:00.040,4.767,3500
2020-08-21 09:25:00.040,4.767,1000
2020-08-21 09:25:00.040,4.767,100
2020-08-21 09:25:00.040,4.767,1000
2020-08-21 09:25:00.040,4.767,1000
2020-08-21 09:25:00.040,4.767,12800
2020-08-21 09:25:00.040,4.767,7200
2020-08-21 09:25:00.040,4.767,17800
2020-08-21 09:25:00.040,4.767,2200
2020-08-21 09:25:00.040,4.767,20000
2020-08-21 09:25:00.040,4.767,2800
2020-08-21 09:25:00.040,4.767,100
2020-08-21 09:25:00.040,4.767,10000
2020-08-21 09:25:00.040,4.767,7100
2020-08-21 09:25:00.040,4.767,17900
2020-08-21 09:25:00.040,4.767,2100
2020-08-21 09:25:00.040,4.767,13100
2020-08-21 09:25:00.040,4.767,5000
2020-08-21 09:25:00.040,4.767,1900
2020-08-21 09:25:00.040,4.767,8100
2020-08-21 09:25:00.040,4.767,11900
2020-08-21 09:25:00.040,4.767,16200
2020-08-21 09:25:00.040,4.767,3800
2020-08-21 09:25:00.040,4.767,20000
2020-08-21 09:25:00.040,4.767,20000
2020-08-21 09:25:00.040,4.767,6200
2020-08-21 09:25:00.040,4.767,10000
2020-08-21 09:25:00.040,4.767,3800
2020-08-21 09:25:00.040,4.767,6200
2020-08-21 09:25:00.040,4.767,200
2020-08-21 09:25:00.040,4.767,100
2020-08-21 09:25:00.040,4.767,13500
2020-08-21 09:25:00.040,4.767,20000
2020-08-21 09:25:00.040,4.767,16500
2020-08-21 09:25:00.040,4.767,3500
2020-08-21 09:25:00.040,4.767,20000
2020-08-21 09:25:00.040,4.767,20000
2020-08-21 09:25:00.040,4.767,500
2020-08-21 09:25:00.040,4.767,3000
2020-08-21 09:25:00.040,4.767,4100
2020-08-21 09:25:00.040,4.767,2900
2020-08-21 09:25:00.040,4.767,7100
2020-08-21 09:25:00.040,4.767,400
2020-08-21 09:25:00.040,4.767,2500
2020-08-21 09:25:00.040,4.767,2400
2020-08-21 09:25:00.040,4.767,42500
2020-08-21 09:25:00.040,4.767,7200
2020-08-21 09:25:00.040,4.767,10000
2020-08-21 09:25:00.040,4.767,90000
2020-08-21 09:25:00.040,4.767,16000
2020-08-21 09:25:00.040,4.767,100
2020-08-21 09:25:00.040,4.767,400
2020-08-21 09:25:00.040,4.767,4000
2020-08-21 09:25:00.040,4.767,100
2020-08-21 09:25:00.040,4.767,2500
2020-08-21 09:25:00.040,4.767,100
2020-08-21 09:25:00.040,4.767,37900
2020-08-21 09:25:00.040,4.767,2100
2020-08-21 09:25:00.040,4.767,5000
2020-08-21 09:25:00.040,4.767,200
2020-08-21 09:25:00.040,4.767,200
2020-08-21 09:25:00.040,4.767,100
2020-08-21 09:25:00.040,4.767,800
2020-08-21 09:25:00.040,4.767,8000
2020-08-21 09:25:00.040,4.767,100
2020-08-21 09:25:00.040,4.767,1200
2020-08-21 09:25:00.040,4.767,100
2020-08-21 09:25:00.040,4.767,1000
2020-08-21 09:25:00.040,4.767,1000
2020-08-21 09:25:00.040,4.767,100
2020-08-21 09:25:00.040,4.767,400
2020-08-21 09:25:00.040,4.767,100
2020-08-21 09:25:00.040,4.767,200
2020-08-21 09:25:00.040,4.767,100
2020-08-21 09:25:00.040,4.767,2000
2020-08-21 09:25:00.040,4.767,600
2020-08-21 09:25:00.040,4.767,100
2020-08-21 09:25:00.040,4.767,300
2020-08-21 09:25:00.040,4.767,400
2020-08-21 09:25:00.040,4.767,500
2020-08-21 09:25:00.040,4.767,63900
2020-08-21 09:25:00.040,4.767,100
2020-08-21 09:25:00.040,4.767,100
2020-08-21 09:25:00.040,4.767,500
2020-08-21 09:25:00.040,4.767,600
2020-08-21 09:25:00.040,4.767,56900
2020-08-21 09:25:00.040,4.767,20000
2020-08-21 09:25:00.040,4.767,100
2020-08-21 09:25:00.040,4.767,5000
2020-08-21 09:25:00.040,4.767,10000
2020-08-21 09:25:00.040,4.767,2400
2020-08-21 09:25:00.040,4.767,400
2020-08-21 09:25:00.040,4.767,4000
2020-08-21 09:25:00.040,4.767,300
2020-08-21 09:25:00.040,4.767,100
2020-08-21 09:25:00.040,4.767,1000
2020-08-21 09:25:00.040,4.767,1900
2020-08-21 09:25:00.040,4.767,100
2020-08-21 09:25:00.040,4.767,3000
2020-08-21 09:25:00.040,4.767,8000
2020-08-21 09:25:00.040,4.767,15000
2020-08-21 09:25:00.040,4.767,1000
2020-08-21 09:25:00.040,4.767,30000
2020-08-21 09:25:00.040,4.767,500
2020-08-21 09:25:00.040,4.767,200
2020-08-21 09:25:00.040,4.767,500
2020-08-21 09:25:00.040,4.767,2100
2020-08-21 09:25:00.040,4.767,9500
2020-08-21 09:25:00.040,4.767,100
2020-08-21 09:25:00.040,4.767,41000
2020-08-21 09:25:00.040,4.767,36000
2020-08-21 09:25:00.040,4.767,1100
2020-08-21 09:25:00.040,4.767,2100
2020-08-21 09:25:00.040,4.767,2100
2020-08-21 09:25:00.040,4.767,3500
2020-08-21 09:25:00.040,4.767,24100
2020-08-21 09:25:00.040,4.767,400
2020-08-21 09:25:00.040,4.767,3500
2020-08-21 09:25:00.040,4.767,2500
2020-08-21 09:25:00.040,4.767,200
2020-08-21 09:25:00.040,4.767,1000
2020-08-21 09:25:00.040,4.767,500
2020-08-21 09:25:00.040,4.767,800
2020-08-21 09:25:00.040,4.767,8500
2020-08-21 09:25:00.040,4.767,10000
2020-08-21 09:25:00.040,4.767,700
2020-08-21 09:25:00.040,4.767,1300
2020-08-21 09:25:00.040,4.767,5000
2020-08-21 09:25:00.040,4.767,10000
2020-08-21 09:25:00.040,4.767,10000
2020-08-21 09:25:00.040,4.767,100
2020-08-21 09:25:00.040,4.767,200
2020-08-21 09:25:00.040,4.767,5000
2020-08-21 09:25:00.040,4.767,1000
2020-08-21 09:25:00.040,4.767,2500
2020-08-21 09:25:00.040,4.767,2500
2020-08-21 09:25:00.040,4.767,200
2020-08-21 09:25:00.040,4.767,300
2020-08-21 09:25:00.040,4.767,1500
2020-08-21 09:25:00.040,4.767,700
2020-08-21 09:25:00.040,4.767,1000
2020-08-21 09:25:00.040,4.767,58700
2020-08-21 09:25:00.040,4.767,1000
2020-08-21 09:25:00.040,4.767,3300
2020-08-21 09:25:00.040,4.767,700
2020-08-21 09:25:00.040,4.767,7800
2020-08-21 09:25:00.040,4.767,25400
2020-08-21 09:25:00.040,4.767,4000
2020-08-21 09:25:00.040,4.767,100
2020-08-21 09:25:00.040,4.767,100
2020-08-21 09:25:00.040,4.767,600
2020-08-21 09:25:00.040,4.767,3000
2020-08-21 09:25:00.040,4.767,500
2020-08-21 09:25:00.040,4.767,100
2020-08-21 09:25:00.040,4.767,100
2020-08-21 09:25:00.040,4.767,1500
2020-08-21 09:25:00.040,4.767,29400
2020-08-21 09:25:00.040,4.767,1200
2020-08-21 09:25:00.040,4.767,200
2020-08-21 09:25:00.040,4.767,15700
2020-08-21 09:25:00.040,4.767,20000
2020-08-21 09:25:00.040,4.767,13500
2020-08-21 09:25:00.040,4.767,1500
2020-08-21 09:25:00.040,4.767,3300
2020-08-21 09:25:00.040,4.767,5700
2020-08-21 09:25:00.040,4.767,100
2020-08-21 09:25:00.040,4.767,1500
2020-08-21 09:25:00.040,4.767,200
2020-08-21 09:25:00.040,4.767,200
2020-08-21 09:25:00.040,4.767,2400
2020-08-21 09:25:00.040,4.767,20000
2020-08-21 09:25:00.040,4.767,5000
2020-08-21 09:25:00.040,4.767,2000
2020-08-21 09:25:00.040,4.767,62900
2020-08-21 09:25:00.040,4.767,6900
2020-08-21 09:25:00.040,4.767,3100
2020-08-21 09:25:00.040,4.767,20900
2020-08-21 09:25:00.040,4.767,300
2020-08-21 09:25:00.040,4.767,200
2020-08-21 09:25:00.040,4.767,200
2020-08-21 09:25:00.040,4.767,600
2020-08-21 09:25:00.040,4.767,10000
2020-08-21 09:25:00.040,4.767,35900
2020-08-21 09:25:00.040,4.767,377000
2020-08-21 09:25:00.040,4.767,100
2020-08-21 09:25:00.040,4.767,28500
2020-08-21 09:25:00.040,4.767,1000
2020-08-21 09:25:00.040,4.767,15000
2020-08-21 09:25:00.040,4.767,2300
2020-08-21 09:25:00.040,4.767,30000
2020-08-21 09:25:00.040,4.767,900
2020-08-21 09:25:00.040,4.767,500
2020-08-21 09:25:00.040,4.767,1800
2020-08-21 09:25:00.040,4.767,200
2020-08-21 09:25:00.040,4.767,100
2020-08-21 09:25:00.040,4.767,100
2020-08-21 09:25:00.040,4.767,200
2020-08-21 09:25:00.040,4.767,3000
2020-08-21 09:25:00.040,4.767,600
2020-08-21 09:25:00.040,4.767,2500
2020-08-21 09:25:00.040,4.767,200
2020-08-21 09:25:00.040,4.767,200
2020-08-21 09:25:00.040,4.767,14800
2020-08-21 09:25:00.040,4.767,500
2020-08-21 09:25:00.040,4.767,17000
2020-08-21 09:25:00.040,4.767,10000
2020-08-21 09:25:00.040,4.767,2000
2020-08-21 09:25:00.040,4.767,700
2020-08-21 09:25:00.040,4.767,3000
2020-08-21 09:25:00.040,4.767,1000
2020-08-21 09:25:00.040,4.767,20000
2020-08-21 09:25:00.040,4.767,10000
2020-08-21 09:25:00.040,4.767,100
2020-08-21 09:30:00.030,4.768,5000
2020-08-21 09:30:00.030,4.768,400
2020-08-21 09:30:00.030,4.768,700
2020-08-21 09:30:00.030,4.768,5000
2020-08-21 09:30:00.030,4.768,25000
2020-08-21 09:30:00.030,4.768,4700
2020-08-21 09:30:00.030,4.768,25000
2020-08-21 09:30:00.030,4.768,5000
2020-08-21 09:30:00.030,4.769,2000
2020-08-21 09:30:00.030,4.769,100
2020-08-21 09:30:00.030,4.769,5000
2020-08-21 09:30:00.030,4.769,2000
2020-08-21 09:30:00.030,4.769,5000
2020-08-21 09:30:00.030,4.769,100
2020-08-21 09:30:00.070,4.77,10000
2020-08-21 09:30:00.070,4.77,100
2020-08-21 09:30:00.070,4.77,1100
2020-08-21 09:30:00.070,4.77,100
2020-08-21 09:30:00.070,4.77,20000
2020-08-21 09:30:00.070,4.77,2000
2020-08-21 09:30:00.070,4.77,7700
2020-08-21 09:30:00.070,4.77,100
2020-08-21 09:30:00.070,4.77,200
2020-08-21 09:30:00.070,4.77,3000
2020-08-21 09:30:00.070,4.77,3200
2020-08-21 09:30:00.070,4.77,3000
2020-08-21 09:30:00.070,4.77,500
2020-08-21 09:30:00.070,4.77,1800
2020-08-21 09:30:00.070,4.77,29600
2020-08-21 09:30:00.070,4.77,200
2020-08-21 09:30:00.070,4.77,14600
2020-08-21 09:30:00.070,4.77,1000
2020-08-21 09:30:00.070,4.771,600
2020-08-21 09:30:00.070,4.772,3000
2020-08-21 09:30:00.070,4.772,2000
2020-08-21 09:30:00.140,4.772,23000
2020-08-21 09:30:00.140,4.772,1000
2020-08-21 09:30:00.140,4.772,76000
2020-08-21 09:30:00.140,4.771,24000
2020-08-21 09:30:00.210,4.771,10300
2020-08-21 09:30:00.210,4.773,2300
2020-08-21 09:30:00.210,4.773,2300
2020-08-21 09:30:00.210,4.773,2000
2020-08-21 09:30:00.260,4.773,1300
2020-08-21 09:30:00.320,4.774,2000
2020-08-21 09:30:00.320,4.774,2000
2020-08-21 09:30:00.320,4.774,600
2020-08-21 09:30:00.320,4.774,21000
2020-08-21 09:30:00.320,4.774,5000
2020-08-21 09:30:00.320,4.775,4000
2020-08-21 09:30:00.320,4.775,6000
2020-08-21 09:30:00.320,4.775,100
2020-08-21 09:30:00.320,4.775,200
2020-08-21 09:30:00.320,4.775,2000
2020-08-21 09:30:00.320,4.775,10000
2020-08-21 09:30:00.320,4.775,200
2020-08-21 09:30:00.320,4.775,14600
2020-08-21 09:30:00.320,4.775,5000
2020-08-21 09:30:00.320,4.775,1000
2020-08-21 09:30:00.320,4.775,3000
2020-08-21 09:30:00.320,4.775,1000
2020-08-21 09:30:00.320,4.776,140000
2020-08-21 09:30:00.320,4.776,1000
2020-08-21 09:30:00.320,4.776,20000
2020-08-21 09:30:00.320,4.776,3000
2020-08-21 09:30:00.320,4.776,200
2020-08-21 09:30:00.320,4.776,1000
2020-08-21 09:30:00.320,4.777,600
2020-08-21 09:30:00.320,4.777,11000
2020-08-21 09:30:00.370,4.777,45500
2020-08-21 09:30:00.370,4.773,454500
2020-08-21 09:30:00.370,4.773,300
2020-08-21 09:30:00.370,4.773,500
2020-08-21 09:30:00.440,4.773,5000
2020-08-21 09:30:00.550,4.773,1100
2020-08-21 09:30:00.550,4.773,2700
2020-08-21 09:30:00.550,4.773,300
2020-08-21 09:30:00.550,4.773,20000
2020-08-21 09:30:00.660,4.773,92000
2020-08-21 09:30:00.660,4.773,5000
2020-08-21 09:30:00.930,4.775,2100
2020-08-21 09:30:01.040,4.774,1300
2020-08-21 09:30:01.040,4.774,5000
2020-08-21 09:30:01.040,4.774,500
2020-08-21 09:30:01.040,4.774,4200
2020-08-21 09:30:01.190,4.775,17900
2020-08-21 09:30:01.190,4.776,1000
2020-08-21 09:30:01.190,4.776,3000
2020-08-21 09:30:01.190,4.776,8100
2020-08-21 09:30:01.190,4.776,10000
2020-08-21 09:30:01.190,4.774,10000
2020-08-21 09:30:01.190,4.774,2000
2020-08-21 09:30:01.310,4.775,2000
2020-08-21 09:30:01.310,4.776,24200
2020-08-21 09:30:01.310,4.778,200
2020-08-21 09:30:01.310,4.778,12400
2020-08-21 09:30:01.310,4.774,100
2020-08-21 09:30:01.430,4.774,800
2020-08-21 09:30:01.430,4.774,6600
2020-08-21 09:30:01.430,4.774,2300
2020-08-21 09:30:01.560,4.774,25000
2020-08-21 09:30:01.560,4.774,1100
2020-08-21 09:30:01.660,4.774,800
2020-08-21 09:30:01.660,4.774,1000
2020-08-21 09:30:01.660,4.774,29800
2020-08-21 09:30:01.660,4.774,10000
2020-08-21 09:30:01.660,4.774,10000
2020-08-21 09:30:01.790,4.774,1000
2020-08-21 09:30:01.790,4.774,172600
2020-08-21 09:30:01.790,4.774,4600
2020-08-21 09:30:01.790,4.774,100
2020-08-21 09:30:01.790,4.774,7000
2020-08-21 09:30:01.790,4.774,4200
2020-08-21 09:30:01.790,4.773,10100
2020-08-21 09:30:01.790,4.773,700
2020-08-21 09:30:01.790,4.773,5800
2020-08-21 09:30:01.910,4.773,6000
2020-08-21 09:30:01.910,4.773,1100
2020-08-21 09:30:02.030,4.773,1000
2020-08-21 09:30:02.030,4.773,1000
2020-08-21 09:30:02.140,4.775,10000
2020-08-21 09:30:02.140,4.775,200
2020-08-21 09:30:02.140,4.775,5000
2020-08-21 09:30:02.140,4.775,100
2020-08-21 09:30:02.140,4.775,15000
2020-08-21 09:30:02.140,4.775,30000
2020-08-21 09:30:02.140,4.776,4400
2020-08-21 09:30:02.140,4.776,3500
2020-08-21 09:30:02.140,4.777,100
2020-08-21 09:30:02.140,4.778,5600
2020-08-21 09:30:02.140,4.778,200
2020-08-21 09:30:02.140,4.778,200
2020-08-21 09:30:02.140,4.778,1000
2020-08-21 09:30:02.260,4.775,6000
2020-08-21 09:30:02.260,4.775,148400
2020-08-21 09:30:02.370,4.775,100
2020-08-21 09:30:02.370,4.775,2000
2020-08-21 09:30:02.370,4.775,20000
2020-08-21 09:30:02.370,4.775,4500
2020-08-21 09:30:02.480,4.775,3000
2020-08-21 09:30:02.480,4.775,15000
2020-08-21 09:30:02.480,4.775,2500
2020-08-21 09:30:02.600,4.775,500
2020-08-21 09:30:02.600,4.775,5000
2020-08-21 09:30:02.720,4.775,300
2020-08-21 09:30:02.720,4.775,5000
2020-08-21 09:30:02.820,4.777,10000
2020-08-21 09:30:02.820,4.778,2000
2020-08-21 09:30:02.820,4.778,4000
2020-08-21 09:30:02.820,4.778,200
2020-08-21 09:30:02.820,4.778,25000
2020-08-21 09:30:02.820,4.778,36000
2020-08-21 09:30:02.820,4.778,7000
2020-08-21 09:30:02.820,4.779,200
2020-08-21 09:30:02.820,4.779,100
2020-08-21 09:30:02.820,4.779,1500
2020-08-21 09:30:02.820,4.775,190000
2020-08-21 09:30:02.970,4.775,6000
2020-08-21 09:30:02.970,4.775,10000
2020-08-21 09:30:02.970,4.778,14000
2020-08-21 09:30:03.100,4.775,50000
2020-08-21 09:30:03.100,4.775,2000
2020-08-21 09:30:03.210,4.778,26000
2020-08-21 09:30:03.210,4.779,28100
2020-08-21 09:30:03.210,4.779,1000
2020-08-21 09:30:03.210,4.779,300
2020-08-21 09:30:03.210,4.779,5000
2020-08-21 09:30:03.210,4.78,1000
2020-08-21 09:30:03.210,4.78,3200
2020-08-21 09:30:03.210,4.78,100
2020-08-21 09:30:03.210,4.78,10000
2020-08-21 09:30:03.210,4.78,100
2020-08-21 09:30:03.210,4.78,3000
2020-08-21 09:30:03.210,4.78,15000
2020-08-21 09:30:03.210,4.78,100
2020-08-21 09:30:03.210,4.78,4000
2020-08-21 09:30:03.210,4.78,10000
2020-08-21 09:30:03.210,4.78,10000
2020-08-21 09:30:03.210,4.78,5000
2020-08-21 09:30:03.210,4.78,600
2020-08-21 09:30:03.210,4.78,500
2020-08-21 09:30:03.210,4.78,1100
2020-08-21 09:30:03.210,4.78,2500
2020-08-21 09:30:03.210,4.78,2000
2020-08-21 09:30:03.210,4.78,5500
2020-08-21 09:30:03.210,4.78,2000
2020-08-21 09:30:03.210,4.78,300
2020-08-21 09:30:03.210,4.78,1000
2020-08-21 09:30:03.210,4.78,100
2020-08-21 09:30:03.210,4.78,10000
2020-08-21 09:30:03.210,4.78,2000
2020-08-21 09:30:03.210,4.78,200
2020-08-21 09:30:03.210,4.78,100
2020-08-21 09:30:03.210,4.78,2000
2020-08-21 09:30:03.210,4.78,5000
2020-08-21 09:30:03.210,4.78,2000
2020-08-21 09:30:03.210,4.781,11200
2020-08-21 09:30:03.210,4.781,100
2020-08-21 09:30:03.210,4.781,10100
2020-08-21 09:30:03.210,4.782,200
2020-08-21 09:30:03.210,4.782,200
2020-08-21 09:30:03.210,4.782,4000
2020-08-21 09:30:03.210,4.782,3000
2020-08-21 09:30:03.210,4.783,2300
2020-08-21 09:30:03.210,4.783,2000
2020-08-21 09:30:03.210,4.783,600
2020-08-21 09:30:03.210,4.783,5000
2020-08-21 09:30:03.210,4.783,3000
2020-08-21 09:30:03.210,4.783,3000
2020-08-21 09:30:03.210,4.783,3600
2020-08-21 09:30:03.210,4.775,1400
2020-08-21 09:30:03.380,4.775,1000
2020-08-21 09:30:03.500,4.775,1700
2020-08-21 09:30:03.500,4.775,7000
2020-08-21 09:30:03.500,4.778,4000
2020-08-21 09:30:03.620,4.775,300
2020-08-21 09:30:03.620,4.775,200
2020-08-21 09:30:03.620,4.775,2100
2020-08-21 09:30:03.730,4.775,200
2020-08-21 09:30:03.840,4.775,35300
2020-08-21 09:30:03.980,4.775,3000
2020-08-21 09:30:03.980,4.775,4000
2020-08-21 09:30:03.980,4.775,1000
2020-08-21 09:30:03.980,4.775,5000
2020-08-21 09:30:04.080,4.776,2500
2020-08-21 09:30:04.080,4.777,300
2020-08-21 09:30:04.080,4.778,700
2020-08-21 09:30:04.080,4.779,1000
2020-08-21 09:30:04.080,4.779,1700
2020-08-21 09:30:04.080,4.78,2000
2020-08-21 09:30:04.080,4.78,5000
2020-08-21 09:30:04.080,4.78,900
2020-08-21 09:30:04.080,4.78,5000
2020-08-21 09:30:04.080,4.78,1000
2020-08-21 09:30:04.080,4.782,1000
2020-08-21 09:30:04.200,4.782,6500
2020-08-21 09:30:04.310,4.782,1000
2020-08-21 09:30:04.310,4.782,300
2020-08-21 09:30:04.310,4.782,20000
2020-08-21 09:30:04.310,4.782,100
2020-08-21 09:30:04.310,4.782,20000
2020-08-21 09:30:04.420,4.782,3000
2020-08-21 09:30:04.420,4.782,300
2020-08-21 09:30:04.420,4.782,1000
2020-08-21 09:30:04.510,4.782,1500
2020-08-21 09:30:04.510,4.782,3000
2020-08-21 09:30:04.510,4.782,10000
2020-08-21 09:30:04.510,4.782,5000
2020-08-21 09:30:04.630,4.782,2000
2020-08-21 09:30:04.630,4.782,5000
2020-08-21 09:30:04.630,4.782,1800
2020-08-21 09:30:04.630,4.782,61800
2020-08-21 09:30:04.740,4.782,3000
2020-08-21 09:30:04.740,4.782,5000
2020-08-21 09:30:04.740,4.782,2000
2020-08-21 09:30:04.850,4.782,10000
2020-08-21 09:30:04.850,4.782,100
2020-08-21 09:30:04.970,4.782,2000
2020-08-21 09:30:04.970,4.782,2500
2020-08-21 09:30:04.970,4.782,3000
2020-08-21 09:30:04.970,4.782,100
2020-08-21 09:30:04.970,4.782,6000
2020-08-21 09:30:05.080,4.782,10000
2020-08-21 09:30:05.080,4.782,2500
2020-08-21 09:30:05.080,4.782,100
2020-08-21 09:30:05.080,4.782,5000
2020-08-21 09:30:05.200,4.782,1000
2020-08-21 09:30:05.200,4.776,300
2020-08-21 09:30:05.290,4.776,3000
2020-08-21 09:30:05.290,4.776,5800
2020-08-21 09:30:05.390,4.776,500
2020-08-21 09:30:05.460,4.776,200
2020-08-21 09:30:05.510,4.776,2000
2020-08-21 09:30:05.650,4.777,1000
2020-08-21 09:30:05.750,4.778,10000
2020-08-21 09:30:05.750,4.779,2000
2020-08-21 09:30:05.820,4.779,5000
2020-08-21 09:30:05.820,4.779,1000
2020-08-21 09:30:05.860,4.779,200
2020-08-21 09:30:06.020,4.779,2000
2020-08-21 09:30:06.020,4.779,5000
2020-08-21 09:30:06.020,4.779,20000
2020-08-21 09:30:06.170,4.779,3000
2020-08-21 09:30:06.170,4.78,1000
2020-08-21 09:30:06.170,4.78,5000
2020-08-21 09:30:06.170,4.78,500
2020-08-21 09:30:06.170,4.784,1000
2020-08-21 09:30:06.250,4.779,1000
2020-08-21 09:30:06.290,4.784,900
2020-08-21 09:30:06.290,4.784,500
2020-08-21 09:30:06.290,4.784,4900
2020-08-21 09:30:06.290,4.784,2500
2020-08-21 09:30:06.330,4.777,2000
2020-08-21 09:30:06.370,4.777,10000
2020-08-21 09:30:06.480,4.777,300
2020-08-21 09:30:06.480,4.777,20000
2020-08-21 09:30:06.600,4.777,500
2020-08-21 09:30:06.640,4.777,1000
2020-08-21 09:30:06.670,4.777,2000
2020-08-21 09:30:06.710,4.777,4000
2020-08-21 09:30:07.050,4.78,200000
2020-08-21 09:30:07.050,4.78,1000
2020-08-21 09:30:07.080,4.78,10000
2020-08-21 09:30:07.120,4.78,1300
2020-08-21 09:30:07.120,4.78,5000
2020-08-21 09:30:07.220,4.78,3300
2020-08-21 09:30:07.330,4.78,2300
2020-08-21 09:30:07.350,4.78,100
2020-08-21 09:30:07.560,4.782,10000
2020-08-21 09:30:07.560,4.784,2500
2020-08-21 09:30:07.750,4.785,100
2020-08-21 09:30:07.750,4.784,15000
2020-08-21 09:30:07.810,4.784,1000
2020-08-21 09:30:07.840,4.784,10000
2020-08-21 09:30:07.840,4.784,400
2020-08-21 09:30:07.960,4.784,2000
2020-08-21 09:30:08.040,4.784,4000
2020-08-21 09:30:08.040,4.784,20000
2020-08-21 09:30:08.070,4.784,5000
2020-08-21 09:30:08.220,4.78,200
2020-08-21 09:30:08.380,4.779,10000
2020-08-21 09:30:08.450,4.779,300
2020-08-21 09:30:08.520,4.779,5000
2020-08-21 09:30:08.760,4.779,3000
2020-08-21 09:30:08.920,4.781,100
2020-08-21 09:30:09.080,4.785,3900
2020-08-21 09:30:09.080,4.785,8300
2020-08-21 09:30:09.080,4.785,3500
2020-08-21 09:30:09.080,4.785,1900
2020-08-21 09:30:09.080,4.785,100
2020-08-21 09:30:09.080,4.785,200
2020-08-21 09:30:09.080,4.785,2100
2020-08-21 09:30:09.270,4.783,10000
2020-08-21 09:30:09.440,4.783,100
2020-08-21 09:30:09.500,4.783,6000
2020-08-21 09:30:09.600,4.783,13800
2020-08-21 09:30:09.600,4.779,31700
2020-08-21 09:30:09.600,4.779,56400
2020-08-21 09:30:09.700,4.785,300
2020-08-21 09:30:09.730,4.78,2000
2020-08-21 09:30:09.730,4.78,10000
2020-08-21 09:30:09.810,4.78,2000
2020-08-21 09:30:09.810,4.78,10000
2020-08-21 09:30:09.870,4.78,1000
2020-08-21 09:30:09.970,4.78,800
2020-08-21 09:30:10.030,4.78,5900
2020-08-21 09:30:10.130,4.781,10000
2020-08-21 09:30:10.130,4.781,10000
2020-08-21 09:30:10.130,4.78,2500
2020-08-21 09:30:10.190,4.78,1000
2020-08-21 09:30:10.220,4.78,100
2020-08-21 09:30:10.340,4.78,10000
2020-08-21 09:30:10.440,4.778,3300
2020-08-21 09:30:10.580,4.778,10000
2020-08-21 09:30:10.610,4.778,1500
2020-08-21 09:30:10.730,4.778,15000
2020-08-21 09:30:11.160,4.779,10000
2020-08-21 09:30:11.160,4.78,2200
2020-08-21 09:30:11.540,4.778,2600
2020-08-21 09:30:12.150,4.784,5000
2020-08-21 09:30:12.330,4.784,4400
2020-08-21 09:30:12.760,4.78,2500
2020-08-21 09:30:12.930,4.78,4100
2020-08-21 09:30:13.140,4.78,5000
2020-08-21 09:30:13.290,4.783,100
2020-08-21 09:30:13.600,4.78,15700
2020-08-21 09:30:13.730,4.783,900
2020-08-21 09:30:13.820,4.784,18000
2020-08-21 09:30:14.280,4.784,10500
2020-08-21 09:30:14.790,4.784,300
2020-08-21 09:30:15.220,4.784,900
2020-08-21 09:30:15.800,4.782,1000
2020-08-21 09:30:16.130,4.782,20000
2020-08-21 09:30:16.190,4.782,10000
2020-08-21 09:30:16.390,4.782,200
2020-08-21 09:30:17.320,4.782,2000
2020-08-21 09:30:17.720,4.78,2000
2020-08-21 09:30:18.080,4.78,15700
2020-08-21 09:30:18.340,4.78,25000
2020-08-21 09:30:18.340,4.78,3900
2020-08-21 09:30:18.400,4.783,200
2020-08-21 09:30:18.400,4.783,1100
2020-08-21 09:30:18.400,4.783,2000
2020-08-21 09:30:18.630,4.783,1700
2020-08-21 09:30:18.630,4.78,15600
2020-08-21 09:30:18.900,4.78,3000
2020-08-21 09:30:18.900,4.784,2400
2020-08-21 09:30:19.290,4.78,1000
2020-08-21 09:30:19.500,4.78,5000
2020-08-21 09:30:19.610,4.78,100
2020-08-21 09:30:20.060,4.783,2000
2020-08-21 09:30:20.060,4.781,500
2020-08-21 09:30:20.060,4.78,1600
2020-08-21 09:30:20.090,4.784,3600
2020-08-21 09:30:20.090,4.784,3000
2020-08-21 09:30:20.090,4.784,800
2020-08-21 09:30:20.090,4.784,42600
2020-08-21 09:30:20.180,4.784,10000
2020-08-21 09:30:20.350,4.784,100
2020-08-21 09:30:20.450,4.78,10100
2020-08-21 09:30:20.950,4.78,180600
2020-08-21 09:30:20.950,4.78,19400
2020-08-21 09:30:21.050,4.785,1200
2020-08-21 09:30:21.080,4.78,8600
2020-08-21 09:30:21.250,4.78,100
2020-08-21 09:30:21.350,4.78,80000
2020-08-21 09:30:21.410,4.781,1000
2020-08-21 09:30:21.440,4.78,2500
2020-08-21 09:30:21.960,4.78,1000
2020-08-21 09:30:22.230,4.78,8700
2020-08-21 09:30:22.600,4.781,500
2020-08-21 09:30:22.910,4.78,100000
2020-08-21 09:30:23.060,4.78,10000
2020-08-21 09:30:23.090,4.78,5000
2020-08-21 09:30:23.510,4.78,14400
2020-08-21 09:30:23.510,4.78,15600
2020-08-21 09:30:23.510,4.78,10500
2020-08-21 09:30:23.510,4.78,19500
2020-08-21 09:30:23.510,4.78,1500
2020-08-21 09:30:23.510,4.78,28500
2020-08-21 09:30:23.510,4.78,7800
2020-08-21 09:30:23.510,4.78,22200
2020-08-21 09:30:23.510,4.78,9200
2020-08-21 09:30:23.590,4.78,28100
2020-08-21 09:30:23.630,4.78,50000
2020-08-21 09:30:23.650,4.78,500
2020-08-21 09:30:23.930,4.78,3000
2020-08-21 09:30:23.990,4.78,1700
2020-08-21 09:30:24.370,4.78,400
2020-08-21 09:30:24.620,4.78,20000
2020-08-21 09:30:25.000,4.781,200
2020-08-21 09:30:25.040,4.78,3000
2020-08-21 09:30:25.210,4.78,5600
2020-08-21 09:30:25.580,4.781,100
2020-08-21 09:30:25.580,4.781,7900
2020-08-21 09:30:25.780,4.78,4400
2020-08-21 09:30:25.930,4.781,2000
2020-08-21 09:30:25.950,4.78,2000
2020-08-21 09:30:26.040,4.782,1000
2020-08-21 09:30:26.100,4.78,100
2020-08-21 09:30:26.300,4.782,1000
2020-08-21 09:30:26.300,4.782,2000
2020-08-21 09:30:26.300,4.782,7000
2020-08-21 09:30:26.360,4.78,5000
2020-08-21 09:30:26.470,4.78,11700
2020-08-21 09:30:26.470,4.78,600
2020-08-21 09:30:26.470,4.78,5000
2020-08-21 09:30:26.660,4.78,25100
2020-08-21 09:30:26.830,4.779,300
2020-08-21 09:30:27.080,4.78,2000
2020-08-21 09:30:27.250,4.78,2000
2020-08-21 09:30:27.380,4.78,2000
2020-08-21 09:30:27.500,4.78,300
2020-08-21 09:30:27.590,4.78,2000
2020-08-21 09:30:28.040,4.779,6000
2020-08-21 09:30:28.860,4.78,200
2020-08-21 09:30:29.960,4.78,36500
2020-08-21 09:30:30.470,4.78,2100
2020-08-21 09:30:30.590,4.779,5000
2020-08-21 09:30:30.590,4.78,4500
2020-08-21 09:30:30.840,4.78,32500
2020-08-21 09:30:30.840,4.78,1000
2020-08-21 09:30:30.840,4.78,3000
2020-08-21 09:30:30.840,4.78,20100
2020-08-21 09:30:31.150,4.78,400
2020-08-21 09:30:31.360,4.78,400
2020-08-21 09:30:31.630,4.779,4000
2020-08-21 09:30:31.660,4.78,6000
2020-08-21 09:30:32.020,4.779,8100
2020-08-21 09:30:32.300,4.78,5000
2020-08-21 09:30:32.440,4.78,200
2020-08-21 09:30:32.590,4.779,2000
2020-08-21 09:30:32.720,4.779,7200
2020-08-21 09:30:32.720,4.78,7600
2020-08-21 09:30:33.070,4.78,5000
2020-08-21 09:30:33.190,4.78,100
2020-08-21 09:30:33.270,4.78,100
2020-08-21 09:30:33.660,4.779,500
2020-08-21 09:30:33.710,4.779,2100
2020-08-21 09:30:33.770,4.779,10000
2020-08-21 09:30:34.010,4.78,300
2020-08-21 09:30:34.040,4.78,10200
2020-08-21 09:30:34.240,4.778,5500
2020-08-21 09:30:34.390,4.779,500
2020-08-21 09:30:34.570,4.779,3500
2020-08-21 09:30:34.570,4.78,6500
2020-08-21 09:30:34.680,4.78,1800
2020-08-21 09:30:34.680,4.78,20000
2020-08-21 09:30:34.930,4.78,10000
2020-08-21 09:30:35.180,4.778,2500
2020-08-21 09:30:35.700,4.779,5500
2020-08-21 09:30:36.120,4.78,6300
2020-08-21 09:30:36.120,4.78,2000
2020-08-21 09:30:36.120,4.78,5000
2020-08-21 09:30:36.120,4.78,1000
2020-08-21 09:30:36.120,4.78,12900
2020-08-21 09:30:36.120,4.78,22000
2020-08-21 09:30:36.120,4.78,8400
2020-08-21 09:30:36.120,4.78,1000
2020-08-21 09:30:36.120,4.78,900
2020-08-21 09:30:36.120,4.78,500
2020-08-21 09:30:36.160,4.78,2000
2020-08-21 09:30:36.160,4.78,20000
2020-08-21 09:30:36.160,4.78,2000
2020-08-21 09:30:36.160,4.78,5000
2020-08-21 09:30:36.160,4.78,2500
2020-08-21 09:30:36.160,4.78,62500
2020-08-21 09:30:36.160,4.78,4000
2020-08-21 09:30:36.220,4.78,3500
2020-08-21 09:30:36.310,4.78,10000
2020-08-21 09:30:36.670,4.781,500
2020-08-21 09:30:36.860,4.781,5200
2020-08-21 09:30:36.940,4.78,5000
2020-08-21 09:30:36.970,4.78,5000
2020-08-21 09:30:37.120,4.78,228500
2020-08-21 09:30:37.120,4.78,71500
2020-08-21 09:30:37.190,4.78,2500
2020-08-21 09:30:37.580,4.78,200
2020-08-21 09:30:37.810,4.78,3000
2020-08-21 09:30:37.900,4.78,6100
2020-08-21 09:30:37.930,4.78,4500
2020-08-21 09:30:38.260,4.78,7000
2020-08-21 09:30:39.910,4.781,9800
2020-08-21 09:30:40.160,4.78,11700
2020-08-21 09:30:40.160,4.78,20100
2020-08-21 09:30:40.210,4.781,2400
2020-08-21 09:30:40.210,4.781,100
2020-08-21 09:30:40.840,4.781,1000
2020-08-21 09:30:41.320,4.781,3000
2020-08-21 09:30:41.480,4.781,3500
2020-08-21 09:30:41.480,4.781,700
2020-08-21 09:30:41.590,4.781,1000
2020-08-21 09:30:41.840,4.78,100
2020-08-21 09:30:41.840,4.78,600
2020-08-21 09:30:41.840,4.78,1000
2020-08-21 09:30:41.840,4.78,25300
2020-08-21 09:30:41.840,4.78,200
2020-08-21 09:30:41.840,4.78,400
2020-08-21 09:30:41.840,4.78,1000
2020-08-21 09:30:41.840,4.78,2000
2020-08-21 09:30:42.220,4.78,1400
2020-08-21 09:30:42.310,4.78,5000
2020-08-21 09:30:42.620,4.78,1400
2020-08-21 09:30:42.730,4.781,5000
2020-08-21 09:30:42.910,4.781,600
2020-08-21 09:30:42.960,4.78,2700
2020-08-21 09:30:42.960,4.78,1400
2020-08-21 09:30:43.100,4.778,20000
2020-08-21 09:30:43.560,4.779,1100
2020-08-21 09:30:44.840,4.778,6900
2020-08-21 09:30:45.170,4.778,15000
2020-08-21 09:30:45.540,4.779,1000
2020-08-21 09:30:47.200,4.779,1400
2020-08-21 09:30:47.200,4.779,600
2020-08-21 09:30:47.550,4.779,100
2020-08-21 09:30:47.660,4.778,25100
2020-08-21 09:30:47.740,4.779,5300
2020-08-21 09:30:47.740,4.779,2000
2020-08-21 09:30:47.740,4.779,1000
2020-08-21 09:30:47.740,4.779,1700
2020-08-21 09:30:48.280,4.778,2000
2020-08-21 09:30:49.160,4.778,5000
2020-08-21 09:30:49.540,4.779,5000
2020-08-21 09:30:49.760,4.779,4900
2020-08-21 09:30:49.820,4.778,10000
2020-08-21 09:30:49.840,4.779,10000
2020-08-21 09:30:49.950,4.778,20000
2020-08-21 09:30:50.080,4.779,10400
2020-08-21 09:30:50.110,4.779,1000
2020-08-21 09:30:50.250,4.779,5000
2020-08-21 09:30:50.300,4.779,1500
2020-08-21 09:30:50.420,4.779,3000
2020-08-21 09:30:50.950,4.779,7000
2020-08-21 09:30:51.300,4.779,1500
2020-08-21 09:30:52.260,4.779,500
2020-08-21 09:30:52.430,4.777,1800
2020-08-21 09:30:52.430,4.776,38200
2020-08-21 09:30:52.430,4.776,700
2020-08-21 09:30:52.430,4.776,500
2020-08-21 09:30:53.100,4.776,2800
2020-08-21 09:30:53.100,4.778,10000
2020-08-21 09:30:53.100,4.779,27200
2020-08-21 09:30:53.100,4.779,20000
2020-08-21 09:30:53.180,4.779,14800
2020-08-21 09:30:53.180,4.779,3500
2020-08-21 09:30:53.180,4.779,5000
2020-08-21 09:30:53.180,4.779,30000
2020-08-21 09:30:53.180,4.779,300
2020-08-21 09:30:53.180,4.779,2600
2020-08-21 09:30:53.180,4.779,400
2020-08-21 09:30:53.180,4.779,2000
2020-08-21 09:30:53.180,4.779,41400
2020-08-21 09:30:53.550,4.776,300
2020-08-21 09:30:53.760,4.775,2500
2020-08-21 09:30:53.760,4.775,500
2020-08-21 09:30:53.880,4.775,200
2020-08-21 09:30:53.880,4.774,14800
2020-08-21 09:30:54.030,4.776,80000
2020-08-21 09:30:54.080,4.776,80000
2020-08-21 09:30:54.250,4.776,20000
2020-08-21 09:30:54.340,4.774,2600
2020-08-21 09:30:54.550,4.776,1000
2020-08-21 09:30:55.600,4.777,2000
2020-08-21 09:30:55.650,4.777,3000
2020-08-21 09:30:55.870,4.777,1000
2020-08-21 09:30:55.870,4.777,9000
2020-08-21 09:30:55.950,4.776,5000
2020-08-21 09:30:56.430,4.776,1000
2020-08-21 09:30:56.540,4.778,100
2020-08-21 09:30:56.570,4.776,1100
2020-08-21 09:30:56.590,4.778,4700
2020-08-21 09:30:56.590,4.778,3000
2020-08-21 09:30:56.590,4.778,3000
2020-08-21 09:30:56.590,4.778,15000
2020-08-21 09:30:56.590,4.778,1000
2020-08-21 09:30:56.590,4.778,5000
2020-08-21 09:30:56.590,4.778,8300
2020-08-21 09:30:57.220,4.778,1300
2020-08-21 09:30:57.220,4.778,1300
2020-08-21 09:30:57.220,4.778,400
2020-08-21 09:30:57.220,4.778,500
2020-08-21 09:30:57.580,4.778,25600
2020-08-21 09:30:57.580,4.778,3000
2020-08-21 09:30:57.580,4.778,10000
2020-08-21 09:30:57.580,4.778,15000
2020-08-21 09:30:57.580,4.779,58600
2020-08-21 09:30:57.580,4.779,3000
2020-08-21 09:30:57.580,4.779,6300
2020-08-21 09:30:57.580,4.779,5000
2020-08-21 09:30:57.580,4.779,900
2020-08-21 09:30:57.580,4.779,100000
2020-08-21 09:30:57.580,4.779,5000
2020-08-21 09:30:57.580,4.78,4000
2020-08-21 09:30:57.580,4.78,500
2020-08-21 09:30:57.580,4.78,2300
2020-08-21 09:30:57.580,4.78,2000
2020-08-21 09:30:57.580,4.78,30000
2020-08-21 09:30:57.580,4.78,15000
2020-08-21 09:30:57.580,4.78,5000
2020-08-21 09:30:57.580,4.78,15000
2020-08-21 09:30:57.580,4.78,2000
2020-08-21 09:30:57.580,4.78,3000
2020-08-21 09:30:57.580,4.78,188800
2020-08-21 09:30:57.980,4.777,2000
2020-08-21 09:30:58.310,4.776,400
2020-08-21 09:30:59.100,4.778,40000
2020-08-21 09:30:59.130,4.778,40100
2020-08-21 09:30:59.130,4.778,39900
2020-08-21 09:30:59.830,4.778,10000
2020-08-21 09:31:00.020,4.778,500
2020-08-21 09:31:00.220,4.778,40000
2020-08-21 09:31:00.280,4.778,3000
2020-08-21 09:31:00.350,4.776,2500
2020-08-21 09:31:00.350,4.776,17500
2020-08-21 09:31:00.450,4.776,1000
2020-08-21 09:31:00.990,4.778,1500
2020-08-21 09:31:01.180,4.778,1000
2020-08-21 09:31:01.290,4.777,5000
2020-08-21 09:31:01.490,4.778,9000
2020-08-21 09:31:01.810,4.778,3800
2020-08-21 09:31:01.810,4.777,1200
2020-08-21 09:31:01.870,4.777,2500
2020-08-21 09:31:02.140,4.778,300
2020-08-21 09:31:02.140,4.778,4500
2020-08-21 09:31:02.220,4.778,5000
2020-08-21 09:31:02.790,4.778,500
2020-08-21 09:31:02.850,4.778,20000
2020-08-21 09:31:03.030,4.779,1500
2020-08-21 09:31:03.030,4.779,3300
2020-08-21 09:31:03.030,4.779,5500
2020-08-21 09:31:03.030,4.779,29700
2020-08-21 09:31:03.110,4.779,100000
2020-08-21 09:31:03.110,4.779,100000
2020-08-21 09:31:03.700,4.778,9500
2020-08-21 09:31:05.080,4.778,700
2020-08-21 09:31:05.140,4.778,10000
2020-08-21 09:31:05.190,4.778,2000
2020-08-21 09:31:05.490,4.778,147800
2020-08-21 09:31:05.490,4.778,2200
2020-08-21 09:31:05.490,4.778,5000
2020-08-21 09:31:05.490,4.778,2000
2020-08-21 09:31:05.570,4.778,100
2020-08-21 09:31:06.090,4.779,6000
2020-08-21 09:31:06.090,4.779,4500
2020-08-21 09:31:06.220,4.778,5000
2020-08-21 09:31:06.630,4.778,5000
2020-08-21 09:31:06.750,4.779,1000
2020-08-21 09:31:06.750,4.779,9000
2020-08-21 09:31:06.970,4.779,21000
2020-08-21 09:31:07.130,4.78,311200
2020-08-21 09:31:07.130,4.78,1000
2020-08-21 09:31:07.130,4.78,1000
2020-08-21 09:31:07.130,4.78,1000
2020-08-21 09:31:07.130,4.78,5000
2020-08-21 09:31:07.130,4.78,5000
2020-08-21 09:31:07.130,4.78,80000
2020-08-21 09:31:07.130,4.78,2200
2020-08-21 09:31:07.130,4.78,5000
2020-08-21 09:31:07.130,4.78,48000
2020-08-21 09:31:07.130,4.78,1300
2020-08-21 09:31:07.130,4.78,100
2020-08-21 09:31:07.130,4.78,800
2020-08-21 09:31:07.130,4.78,7400
2020-08-21 09:31:07.130,4.78,100
2020-08-21 09:31:07.820,4.779,9000
2020-08-21 09:31:07.820,4.779,91000
2020-08-21 09:31:08.050,4.781,500
2020-08-21 09:31:08.050,4.781,500
2020-08-21 09:31:08.050,4.781,5000
2020-08-21 09:31:08.050,4.781,5300
2020-08-21 09:31:08.050,4.781,1000
2020-08-21 09:31:08.050,4.781,2000
2020-08-21 09:31:08.050,4.781,50000
2020-08-21 09:31:08.050,4.781,900
2020-08-21 09:31:08.050,4.781,700
2020-08-21 09:31:08.050,4.781,20000
2020-08-21 09:31:08.050,4.781,100
2020-08-21 09:31:08.050,4.781,2000
2020-08-21 09:31:08.050,4.781,1400
2020-08-21 09:31:08.050,4.781,60000
2020-08-21 09:31:08.050,4.781,100
2020-08-21 09:31:08.050,4.782,200
2020-08-21 09:31:08.050,4.782,2000
2020-08-21 09:31:08.050,4.782,500
2020-08-21 09:31:08.050,4.782,100
2020-08-21 09:31:08.050,4.782,400
2020-08-21 09:31:08.050,4.782,146000
2020-08-21 09:31:08.610,4.782,4500
2020-08-21 09:31:08.610,4.782,60000
2020-08-21 09:31:09.200,4.783,10000
2020-08-21 09:31:09.200,4.783,10000
2020-08-21 09:31:09.200,4.783,5000
2020-08-21 09:31:09.200,4.783,100
2020-08-21 09:31:09.200,4.783,500
2020-08-21 09:31:09.200,4.783,6000
2020-08-21 09:31:09.200,4.783,1000
2020-08-21 09:31:09.200,4.783,200
2020-08-21 09:31:09.200,4.783,500
2020-08-21 09:31:09.360,4.782,78300
2020-08-21 09:31:09.800,4.783,23200
2020-08-21 09:31:09.800,4.783,10000
2020-08-21 09:31:09.800,4.784,3000
2020-08-21 09:31:09.800,4.784,200
2020-08-21 09:31:09.800,4.784,6000
2020-08-21 09:31:09.800,4.784,3000
2020-08-21 09:31:09.800,4.784,2500
2020-08-21 09:31:09.800,4.784,20000
2020-08-21 09:31:09.800,4.784,1000
2020-08-21 09:31:09.800,4.784,215300
2020-08-21 09:31:10.010,4.781,1000
2020-08-21 09:31:10.090,4.78,1000
2020-08-21 09:31:10.270,4.78,100
2020-08-21 09:31:11.040,4.78,5000
2020-08-21 09:31:11.130,4.782,13500
2020-08-21 09:31:11.130,4.784,4700
2020-08-21 09:31:11.130,4.784,2000
2020-08-21 09:31:11.130,4.784,2100
2020-08-21 09:31:11.150,4.78,1500
2020-08-21 09:31:11.180,4.78,300
2020-08-21 09:31:11.640,4.783,5000
2020-08-21 09:31:11.920,4.783,5000
2020-08-21 09:31:12.000,4.783,8500
2020-08-21 09:31:12.120,4.783,1500
2020-08-21 09:31:12.120,4.78,28500
2020-08-21 09:31:13.340,4.78,1700
2020-08-21 09:31:13.340,4.78,3500
2020-08-21 09:31:13.730,4.782,3000
2020-08-21 09:31:13.760,4.78,1700
2020-08-21 09:31:14.710,4.78,1000
2020-08-21 09:31:15.210,4.78,15700
2020-08-21 09:31:15.210,4.78,4200
2020-08-21 09:31:15.240,4.781,300
2020-08-21 09:31:15.240,4.782,45100
2020-08-21 09:31:15.370,4.782,20000
2020-08-21 09:31:15.880,4.782,10000
2020-08-21 09:31:16.040,4.782,1000
2020-08-21 09:31:16.070,4.782,5000
2020-08-21 09:31:16.280,4.783,100
2020-08-21 09:31:16.570,4.782,2700
2020-08-21 09:31:17.070,4.782,4000
2020-08-21 09:31:17.240,4.782,5000
2020-08-21 09:31:17.440,4.783,3900
2020-08-21 09:31:17.440,4.783,1000
2020-08-21 09:31:17.440,4.784,5000
2020-08-21 09:31:17.600,4.782,18000
2020-08-21 09:31:17.700,4.782,25000
2020-08-21 09:31:17.990,4.782,9900
2020-08-21 09:31:18.040,4.78,2000
2020-08-21 09:31:18.650,4.782,10600
2020-08-21 09:31:18.650,4.781,10000
2020-08-21 09:31:18.750,4.782,600
2020-08-21 09:31:19.020,4.782,5000
2020-08-21 09:31:19.020,4.782,44200
2020-08-21 09:31:19.020,4.783,80000
2020-08-21 09:31:19.020,4.783,3900
2020-08-21 09:31:19.020,4.783,4000
2020-08-21 09:31:19.020,4.783,200
2020-08-21 09:31:19.020,4.784,12900
2020-08-21 09:31:19.020,4.784,1500
2020-08-21 09:31:19.020,4.784,5000
2020-08-21 09:31:19.020,4.784,10000
2020-08-21 09:31:19.020,4.784,6100
2020-08-21 09:31:19.020,4.784,5000
2020-08-21 09:31:19.020,4.784,289200
2020-08-21 09:31:19.020,4.785,6400
2020-08-21 09:31:19.020,4.785,4000
2020-08-21 09:31:19.020,4.785,10000
2020-08-21 09:31:19.020,4.785,200
2020-08-21 09:31:19.020,4.785,5000
2020-08-21 09:31:19.020,4.785,1000
2020-08-21 09:31:19.020,4.785,7000
2020-08-21 09:31:19.020,4.785,200
2020-08-21 09:31:19.020,4.785,20000
2020-08-21 09:31:19.020,4.785,1000
2020-08-21 09:31:19.020,4.785,5000
2020-08-21 09:31:19.020,4.785,2000
2020-08-21 09:31:19.020,4.785,2500
2020-08-21 09:31:19.020,4.785,30000
2020-08-21 09:31:19.020,4.785,20000
2020-08-21 09:31:19.020,4.785,2500
2020-08-21 09:31:19.020,4.785,300
2020-08-21 09:31:19.020,4.785,15000
2020-08-21 09:31:19.020,4.785,400
2020-08-21 09:31:19.020,4.785,15100
2020-08-21 09:31:19.020,4.785,100
2020-08-21 09:31:19.020,4.785,3000
2020-08-21 09:31:19.020,4.785,3000
2020-08-21 09:31:19.020,4.785,5000
2020-08-21 09:31:19.020,4.785,200
2020-08-21 09:31:19.020,4.785,2000
2020-08-21 09:31:19.020,4.785,500
2020-08-21 09:31:19.020,4.785,7200
2020-08-21 09:31:19.050,4.785,20000
2020-08-21 09:31:19.350,4.785,10000
2020-08-21 09:31:19.530,4.785,139900
2020-08-21 09:31:19.860,4.785,200
2020-08-21 09:31:20.510,4.785,199300
2020-08-21 09:31:20.510,4.781,100700
2020-08-21 09:31:20.630,4.781,2000
2020-08-21 09:31:21.010,4.781,43700
2020-08-21 09:31:21.170,4.783,10000
2020-08-21 09:31:21.170,4.784,16000
2020-08-21 09:31:22.020,4.782,300
2020-08-21 09:31:22.020,4.782,400
2020-08-21 09:31:22.230,4.782,4600
2020-08-21 09:31:22.230,4.784,4000
2020-08-21 09:31:22.470,4.784,100
2020-08-21 09:31:22.470,4.784,78700
2020-08-21 09:31:23.510,4.782,200
2020-08-21 09:31:23.790,4.782,5000
2020-08-21 09:31:24.070,4.782,4200
2020-08-21 09:31:24.070,4.783,3500
2020-08-21 09:31:24.070,4.784,6500
2020-08-21 09:31:24.210,4.782,5000
2020-08-21 09:31:24.700,4.782,1000
2020-08-21 09:31:24.820,4.783,700
2020-08-21 09:31:25.460,4.782,7200
2020-08-21 09:31:25.660,4.782,21000
2020-08-21 09:31:25.750,4.783,200
2020-08-21 09:31:26.660,4.783,9100
2020-08-21 09:31:26.660,4.783,900
2020-08-21 09:31:27.170,4.782,2500
2020-08-21 09:31:27.820,4.782,150000
2020-08-21 09:31:27.840,4.782,134000
2020-08-21 09:31:27.950,4.783,700
2020-08-21 09:31:28.160,4.782,2500
2020-08-21 09:31:28.770,4.782,1000
2020-08-21 09:31:29.040,4.782,1200
2020-08-21 09:31:29.210,4.782,5000
2020-08-21 09:31:29.290,4.782,9000
2020-08-21 09:31:29.290,4.782,500
2020-08-21 09:31:30.860,4.782,5000
2020-08-21 09:31:30.970,4.783,2200
2020-08-21 09:31:31.110,4.782,31700
2020-08-21 09:31:31.170,4.783,100
2020-08-21 09:31:31.200,4.782,3200
2020-08-21 09:31:31.730,4.782,26700
2020-08-21 09:31:31.730,4.783,1200
2020-08-21 09:31:32.510,4.783,4900
2020-08-21 09:31:32.510,4.783,200
2020-08-21 09:31:32.510,4.783,20000
2020-08-21 09:31:32.510,4.783,74900
2020-08-21 09:31:33.310,4.783,100
2020-08-21 09:31:33.520,4.783,15200
2020-08-21 09:31:33.940,4.782,84100
2020-08-21 09:31:33.940,4.782,43700
2020-08-21 09:31:33.940,4.782,900
2020-08-21 09:31:33.940,4.782,5000
2020-08-21 09:31:33.940,4.782,10000
2020-08-21 09:31:33.940,4.782,31200
2020-08-21 09:31:34.020,4.782,20000
2020-08-21 09:31:34.220,4.783,2000
2020-08-21 09:31:34.250,4.783,28000
2020-08-21 09:31:34.590,4.783,24000
2020-08-21 09:31:34.940,4.782,2100
2020-08-21 09:31:34.940,4.782,200
2020-08-21 09:31:34.940,4.782,900
2020-08-21 09:31:34.940,4.782,29200
2020-08-21 09:31:35.130,4.782,3700
2020-08-21 09:31:35.240,4.782,117100
2020-08-21 09:31:35.430,4.782,1000
2020-08-21 09:31:36.360,4.782,1300
2020-08-21 09:31:36.440,4.782,300
2020-08-21 09:31:36.810,4.781,200
2020-08-21 09:31:36.950,4.782,4400
2020-08-21 09:31:37.430,4.782,5000
2020-08-21 09:31:37.480,4.782,100
2020-08-21 09:31:37.710,4.782,100
2020-08-21 09:31:38.610,4.782,200
2020-08-21 09:31:38.720,4.782,30000
2020-08-21 09:31:39.050,4.782,500
2020-08-21 09:31:39.300,4.782,3000
2020-08-21 09:31:39.330,4.781,5000
2020-08-21 09:31:39.410,4.782,137000
2020-08-21 09:31:39.410,4.782,1000
2020-08-21 09:31:39.410,4.782,30000
2020-08-21 09:31:39.410,4.782,20000
2020-08-21 09:31:39.410,4.782,7200
2020-08-21 09:31:39.410,4.782,3000
2020-08-21 09:31:39.410,4.782,1800
2020-08-21 09:31:39.870,4.782,700
2020-08-21 09:31:39.870,4.782,3000
2020-08-21 09:31:39.870,4.783,1300
2020-08-21 09:31:40.010,4.781,6200
2020-08-21 09:31:40.400,4.783,600
2020-08-21 09:31:40.400,4.783,400
2020-08-21 09:31:41.570,4.781,100
2020-08-21 09:31:41.650,4.781,400
2020-08-21 09:31:41.700,4.782,1000
2020-08-21 09:31:41.700,4.783,1000
2020-08-21 09:31:42.620,4.782,100
2020-08-21 09:31:42.670,4.782,1900
2020-08-21 09:31:42.670,4.783,3100
2020-08-21 09:31:42.780,4.781,5000
2020-08-21 09:31:43.190,4.782,1000
2020-08-21 09:31:44.250,4.781,63100
2020-08-21 09:31:44.250,4.781,200
2020-08-21 09:31:44.250,4.781,200
2020-08-21 09:31:44.850,4.781,100
2020-08-21 09:31:44.950,4.781,8200
2020-08-21 09:31:45.050,4.782,100
2020-08-21 09:31:46.130,4.782,3000
2020-08-21 09:31:47.010,4.782,6900
2020-08-21 09:31:47.010,4.782,13100
2020-08-21 09:31:47.250,4.782,1000
2020-08-21 09:31:47.300,4.781,300
2020-08-21 09:31:47.380,4.782,700
2020-08-21 09:31:47.620,4.782,5000
2020-08-21 09:31:47.750,4.781,700
2020-08-21 09:31:48.090,4.781,5000
2020-08-21 09:31:48.180,4.782,300
2020-08-21 09:31:48.390,4.781,3500
2020-08-21 09:31:48.780,4.781,2000
2020-08-21 09:31:48.860,4.781,33400
2020-08-21 09:31:49.030,4.782,9900
2020-08-21 09:31:49.030,4.782,500
2020-08-21 09:31:49.030,4.782,20000
2020-08-21 09:31:49.030,4.782,33600
2020-08-21 09:31:49.290,4.781,1000
2020-08-21 09:31:49.530,4.781,1000
2020-08-21 09:31:50.020,4.781,200
2020-08-21 09:31:50.260,4.781,2800
2020-08-21 09:31:50.290,4.782,3000
2020-08-21 09:31:50.950,4.781,8500
2020-08-21 09:31:51.170,4.782,5400
2020-08-21 09:31:51.500,4.781,4800
2020-08-21 09:31:51.550,4.781,6100
2020-08-21 09:31:51.580,4.781,10000
2020-08-21 09:31:51.790,4.781,5000
2020-08-21 09:31:52.170,4.781,3000
2020-08-21 09:31:53.130,4.781,4200
2020-08-21 09:31:53.130,4.781,300
2020-08-21 09:31:53.130,4.781,100
2020-08-21 09:31:53.640,4.781,2000
2020-08-21 09:31:54.380,4.78,1000
2020-08-21 09:31:54.520,4.781,10000
2020-08-21 09:31:54.650,4.78,5000
2020-08-21 09:31:54.870,4.781,3400
2020-08-21 09:31:54.870,4.781,3000
2020-08-21 09:31:54.870,4.781,14500
2020-08-21 09:31:55.050,4.781,5000
2020-08-21 09:31:55.130,4.78,4700
2020-08-21 09:31:55.130,4.78,2000
2020-08-21 09:31:55.130,4.78,8600
2020-08-21 09:31:55.130,4.78,10000
2020-08-21 09:31:55.130,4.78,80000
2020-08-21 09:31:56.010,4.78,1000
2020-08-21 09:31:56.080,4.779,6500
2020-08-21 09:31:57.050,4.78,70000
2020-08-21 09:31:57.430,4.78,5000
2020-08-21 09:31:57.910,4.78,1000
2020-08-21 09:31:57.910,4.78,9900
2020-08-21 09:31:59.030,4.78,7800
2020-08-21 09:31:59.030,4.78,10300
2020-08-21 09:31:59.030,4.78,2900
2020-08-21 09:32:00.090,4.78,60000
2020-08-21 09:32:00.090,4.78,100
2020-08-21 09:32:01.590,4.78,1600
2020-08-21 09:32:01.700,4.78,500
2020-08-21 09:32:01.940,4.78,4000
2020-08-21 09:32:02.020,4.779,10000
2020-08-21 09:32:02.120,4.78,12300
2020-08-21 09:32:02.120,4.78,9700
2020-08-21 09:32:02.260,4.78,12300
2020-08-21 09:32:02.330,4.78,30100
2020-08-21 09:32:02.330,4.78,5000
2020-08-21 09:32:02.330,4.781,500
2020-08-21 09:32:02.330,4.781,3000
2020-08-21 09:32:02.330,4.781,3400
2020-08-21 09:32:02.570,4.78,20000
2020-08-21 09:32:02.570,4.781,96600
2020-08-21 09:32:02.570,4.781,30000
2020-08-21 09:32:02.570,4.781,1400
2020-08-21 09:32:02.570,4.781,16000
2020-08-21 09:32:02.570,4.781,500000
2020-08-21 09:32:02.570,4.781,5000
2020-08-21 09:32:02.570,4.781,1000
2020-08-21 09:32:02.570,4.781,2400
2020-08-21 09:32:02.570,4.781,1200
2020-08-21 09:32:02.570,4.781,20000
2020-08-21 09:32:02.570,4.781,206400
2020-08-21 09:32:03.030,4.78,100000
2020-08-21 09:32:03.110,4.78,1200
2020-08-21 09:32:03.110,4.781,8800
2020-08-21 09:32:03.110,4.781,100000
2020-08-21 09:32:03.110,4.781,20000
2020-08-21 09:32:03.440,4.779,100
2020-08-21 09:32:03.520,4.781,164800
2020-08-21 09:32:04.080,4.781,1500
2020-08-21 09:32:04.080,4.782,8000
2020-08-21 09:32:04.080,4.782,1500
2020-08-21 09:32:04.080,4.782,5000
2020-08-21 09:32:04.080,4.782,1000
2020-08-21 09:32:04.080,4.782,1500
2020-08-21 09:32:04.080,4.782,5300
2020-08-21 09:32:04.080,4.782,86100
2020-08-21 09:32:04.080,4.782,1000
2020-08-21 09:32:04.080,4.782,3000
2020-08-21 09:32:04.080,4.782,1800
2020-08-21 09:32:04.080,4.782,5300
2020-08-21 09:32:04.080,4.782,2000
2020-08-21 09:32:04.080,4.782,100
2020-08-21 09:32:04.170,4.781,2000
2020-08-21 09:32:04.440,4.781,5000
2020-08-21 09:32:04.800,4.781,10000
2020-08-21 09:32:05.510,4.781,4400
2020-08-21 09:32:05.560,4.783,5500
2020-08-21 09:32:05.560,4.783,2400
2020-08-21 09:32:05.560,4.783,2000
2020-08-21 09:32:05.560,4.783,2000
2020-08-21 09:32:05.560,4.783,1000
2020-08-21 09:32:05.560,4.783,20000
2020-08-21 09:32:05.560,4.783,5000
2020-08-21 09:32:05.560,4.783,3000
2020-08-21 09:32:05.560,4.783,1000
2020-08-21 09:32:05.560,4.783,5000
2020-08-21 09:32:05.560,4.783,10000
2020-08-21 09:32:05.560,4.783,5000
2020-08-21 09:32:05.560,4.783,9200
2020-08-21 09:32:05.560,4.783,1200
2020-08-21 09:32:05.560,4.783,10000
2020-08-21 09:32:05.560,4.783,10000
2020-08-21 09:32:05.560,4.783,10300
2020-08-21 09:32:05.560,4.783,5000
2020-08-21 09:32:05.560,4.783,1000
2020-08-21 09:32:05.560,4.783,50800
2020-08-21 09:32:05.560,4.783,1500
2020-08-21 09:32:05.560,4.783,100
2020-08-21 09:32:05.560,4.783,10000
2020-08-21 09:32:05.560,4.783,10000
2020-08-21 09:32:05.560,4.783,1000
2020-08-21 09:32:05.780,4.781,5000
2020-08-21 09:32:06.060,4.784,1000
2020-08-21 09:32:06.060,4.784,2000
2020-08-21 09:32:06.060,4.784,1600
2020-08-21 09:32:06.060,4.784,10200
2020-08-21 09:32:06.060,4.784,6600
2020-08-21 09:32:06.060,4.784,5000
2020-08-21 09:32:06.060,4.784,10000
2020-08-21 09:32:06.060,4.784,3000
2020-08-21 09:32:06.060,4.784,3800
2020-08-21 09:32:06.060,4.784,1000
2020-08-21 09:32:06.060,4.784,5800
2020-08-21 09:32:06.110,4.783,10000
2020-08-21 09:32:06.350,4.783,5000
2020-08-21 09:32:06.400,4.783,3000
2020-08-21 09:32:06.600,4.784,4200
2020-08-21 09:32:06.600,4.784,5000
2020-08-21 09:32:06.600,4.784,11000
2020-08-21 09:32:06.600,4.784,1000
2020-08-21 09:32:06.820,4.784,200
2020-08-21 09:32:06.890,4.784,100
2020-08-21 09:32:07.210,4.785,3000
2020-08-21 09:32:07.210,4.785,2000
2020-08-21 09:32:07.210,4.785,3000
2020-08-21 09:32:07.210,4.785,20000
2020-08-21 09:32:07.210,4.785,800
2020-08-21 09:32:07.210,4.785,1200
2020-08-21 09:32:07.210,4.785,200
2020-08-21 09:32:07.210,4.785,100
2020-08-21 09:32:07.560,4.784,49700
2020-08-21 09:32:07.560,4.783,3100
2020-08-21 09:32:07.560,4.781,500
2020-08-21 09:32:07.560,4.781,300000
2020-08-21 09:32:07.560,4.781,40000
2020-08-21 09:32:07.560,4.781,10000
2020-08-21 09:32:07.560,4.781,10000
2020-08-21 09:32:07.560,4.78,40000
2020-08-21 09:32:07.560,4.78,3000
2020-08-21 09:32:07.560,4.78,800
2020-08-21 09:32:07.560,4.78,1400
2020-08-21 09:32:07.560,4.78,3200
2020-08-21 09:32:07.560,4.779,38300
2020-08-21 09:32:07.620,4.782,1800
2020-08-21 09:32:07.670,4.782,1000
2020-08-21 09:32:07.770,4.782,2200
2020-08-21 09:32:07.950,4.786,500
2020-08-21 09:32:11.060,4.782,10800
2020-08-21 09:32:11.060,4.782,39200
2020-08-21 09:32:11.570,4.782,100
2020-08-21 09:32:11.650,4.782,5000
2020-08-21 09:32:11.730,4.782,2000
2020-08-21 09:32:13.260,4.783,100
2020-08-21 09:32:13.710,4.783,259100
2020-08-21 09:32:13.830,4.783,40800
2020-08-21 09:32:13.830,4.783,50000
2020-08-21 09:32:13.830,4.782,3700
2020-08-21 09:32:13.830,4.782,1000
2020-08-21 09:32:13.830,4.782,404500
2020-08-21 09:32:15.220,4.782,10800
2020-08-21 09:32:16.340,4.783,19700
2020-08-21 09:32:16.420,4.783,9300
2020-08-21 09:32:17.010,4.783,7000
2020-08-21 09:32:17.480,4.783,3000
2020-08-21 09:32:17.740,4.783,1500
2020-08-21 09:32:18.060,4.784,3500
2020-08-21 09:32:18.060,4.784,2000
2020-08-21 09:32:18.060,4.784,74500
2020-08-21 09:32:20.530,4.784,5000
2020-08-21 09:32:21.070,4.784,20000
2020-08-21 09:32:21.090,4.784,500
2020-08-21 09:32:21.090,4.784,500
2020-08-21 09:32:21.640,4.784,6000
2020-08-21 09:32:22.350,4.784,2700
2020-08-21 09:32:22.640,4.784,800
2020-08-21 09:32:22.640,4.784,2000
2020-08-21 09:32:23.360,4.785,1100
2020-08-21 09:32:25.110,4.784,100
2020-08-21 09:32:25.110,4.784,4600
2020-08-21 09:32:25.110,4.784,5400
2020-08-21 09:32:25.370,4.785,3900
2020-08-21 09:32:25.370,4.785,1100
2020-08-21 09:32:25.730,4.785,4400
2020-08-21 09:32:26.540,4.785,3500
2020-08-21 09:32:26.540,4.785,100
2020-08-21 09:32:26.540,4.785,3500
2020-08-21 09:32:26.540,4.785,100
2020-08-21 09:32:26.540,4.785,2800
2020-08-21 09:32:26.700,4.784,3000
2020-08-21 09:32:26.890,4.785,2200
2020-08-21 09:32:26.890,4.785,100
2020-08-21 09:32:26.890,4.785,2000
2020-08-21 09:32:27.250,4.785,100
2020-08-21 09:32:27.460,4.786,100
2020-08-21 09:32:27.540,4.785,2000
2020-08-21 09:32:27.670,4.785,20000
2020-08-21 09:32:27.980,4.785,15700
2020-08-21 09:32:28.270,4.785,13000
2020-08-21 09:32:28.270,4.785,200
2020-08-21 09:32:28.510,4.785,20000
2020-08-21 09:32:28.850,4.785,1200
2020-08-21 09:32:29.400,4.785,300
2020-08-21 09:32:29.610,4.785,10000
2020-08-21 09:32:29.710,4.785,1000
2020-08-21 09:32:30.410,4.785,1000
2020-08-21 09:32:30.710,4.785,10300
2020-08-21 09:32:31.090,4.785,900
2020-08-21 09:32:31.090,4.785,100
2020-08-21 09:32:31.130,4.785,3500
2020-08-21 09:32:31.150,4.785,6300
2020-08-21 09:32:31.240,4.785,9400
2020-08-21 09:32:31.330,4.785,800
2020-08-21 09:32:31.410,4.785,4200
2020-08-21 09:32:31.410,4.786,6700
2020-08-21 09:32:32.040,4.784,5000
2020-08-21 09:32:32.410,4.784,30000
2020-08-21 09:32:32.540,4.784,1000
2020-08-21 09:32:33.660,4.785,6300
2020-08-21 09:32:34.240,4.784,2000
2020-08-21 09:32:34.740,4.785,500
2020-08-21 09:32:35.250,4.785,23200
2020-08-21 09:32:35.250,4.785,6800
2020-08-21 09:32:36.460,4.785,100
2020-08-21 09:32:36.880,4.784,2000
2020-08-21 09:32:36.880,4.784,100
2020-08-21 09:32:36.880,4.784,4700
2020-08-21 09:32:37.080,4.785,2000
2020-08-21 09:32:37.390,4.784,3500
2020-08-21 09:32:37.570,4.785,1000
2020-08-21 09:32:38.710,4.784,1500
2020-08-21 09:32:38.980,4.784,700
2020-08-21 09:32:38.980,4.784,2000
2020-08-21 09:32:38.980,4.784,3300
2020-08-21 09:32:38.980,4.784,200
2020-08-21 09:32:38.980,4.784,13400
2020-08-21 09:32:38.980,4.784,15900
2020-08-21 09:32:39.070,4.785,500
2020-08-21 09:32:39.150,4.784,50000
2020-08-21 09:32:39.380,4.784,1000
2020-08-21 09:32:39.560,4.785,400
2020-08-21 09:32:40.510,4.785,39200
2020-08-21 09:32:40.510,4.785,5200
2020-08-21 09:32:40.510,4.785,10000
2020-08-21 09:32:40.510,4.785,20000
2020-08-21 09:32:40.510,4.785,4500
2020-08-21 09:32:40.510,4.785,500
2020-08-21 09:32:40.510,4.785,600
2020-08-21 09:32:41.400,4.784,1300
2020-08-21 09:32:41.510,4.784,32300
2020-08-21 09:32:41.660,4.784,500
2020-08-21 09:32:41.740,4.783,10000
2020-08-21 09:32:41.770,4.784,2300
2020-08-21 09:32:42.080,4.784,20000
2020-08-21 09:32:42.110,4.784,40000
2020-08-21 09:32:43.620,4.784,500
2020-08-21 09:32:43.750,4.783,13100
2020-08-21 09:32:44.130,4.783,200
2020-08-21 09:32:44.550,4.782,3000
2020-08-21 09:32:44.550,4.782,400
2020-08-21 09:32:44.550,4.782,1600
2020-08-21 09:32:45.110,4.783,10000
2020-08-21 09:32:45.110,4.783,20000
2020-08-21 09:32:45.110,4.783,30000
2020-08-21 09:32:45.110,4.783,40000
2020-08-21 09:32:46.710,4.783,300
2020-08-21 09:32:46.990,4.783,36400
2020-08-21 09:32:46.990,4.784,400
2020-08-21 09:32:47.260,4.784,5000
2020-08-21 09:32:48.030,4.784,9000
2020-08-21 09:32:48.030,4.784,8900
2020-08-21 09:32:48.030,4.784,15700
2020-08-21 09:32:48.030,4.784,16300
2020-08-21 09:32:48.030,4.784,10900
2020-08-21 09:32:48.030,4.784,200
2020-08-21 09:32:48.030,4.784,9000
2020-08-21 09:32:48.030,4.784,6800
2020-08-21 09:32:48.030,4.784,20000
2020-08-21 09:32:48.030,4.784,500
2020-08-21 09:32:48.030,4.784,2700
2020-08-21 09:32:48.100,4.783,3000
2020-08-21 09:32:48.430,4.784,4500
2020-08-21 09:32:48.870,4.783,3000
2020-08-21 09:32:49.240,4.784,2800
2020-08-21 09:32:49.240,4.784,2200
2020-08-21 09:32:49.240,4.783,34000
2020-08-21 09:32:49.240,4.783,16000
2020-08-21 09:32:49.430,4.783,3100
2020-08-21 09:32:49.870,4.784,4600
2020-08-21 09:32:50.100,4.784,13200
2020-08-21 09:32:50.100,4.784,2700
2020-08-21 09:32:50.100,4.785,300
2020-08-21 09:32:50.330,4.783,100
2020-08-21 09:32:50.860,4.785,400
2020-08-21 09:32:51.020,4.784,400
2020-08-21 09:32:51.050,4.785,28700
2020-08-21 09:32:51.050,4.785,51300
2020-08-21 09:32:51.090,4.785,2000
2020-08-21 09:32:51.090,4.785,1000
2020-08-21 09:32:51.090,4.785,1500
2020-08-21 09:32:51.090,4.785,5000
2020-08-21 09:32:51.090,4.785,3000
2020-08-21 09:32:51.090,4.785,20000
2020-08-21 09:32:51.090,4.785,10000
2020-08-21 09:32:51.090,4.785,57500
2020-08-21 09:32:51.090,4.785,100000
2020-08-21 09:32:51.090,4.785,100000
2020-08-21 09:32:51.090,4.785,60000
2020-08-21 09:32:51.090,4.785,60000
2020-08-21 09:32:51.480,4.785,2900
2020-08-21 09:32:51.730,4.784,600
2020-08-21 09:32:51.730,4.784,9400
2020-08-21 09:32:52.400,4.784,80600
2020-08-21 09:32:52.400,4.784,1900
2020-08-21 09:32:52.930,4.783,200
2020-08-21 09:32:53.400,4.783,300
2020-08-21 09:32:53.400,4.783,4700
2020-08-21 09:32:53.920,4.784,67500
2020-08-21 09:32:54.090,4.784,5000
2020-08-21 09:32:54.090,4.784,16400
2020-08-21 09:32:55.130,4.784,2500
2020-08-21 09:32:55.400,4.784,9000
2020-08-21 09:32:56.060,4.784,1000
2020-08-21 09:32:56.840,4.785,3300
2020-08-21 09:32:57.210,4.785,16000
2020-08-21 09:32:59.060,4.784,500
2020-08-21 09:32:59.090,4.784,200
2020-08-21 09:32:59.120,4.784,100
2020-08-21 09:32:59.840,4.784,8000
2020-08-21 09:32:59.840,4.784,16200
2020-08-21 09:33:00.760,4.784,1000
2020-08-21 09:33:00.970,4.784,1000
2020-08-21 09:33:01.620,4.784,10000
2020-08-21 09:33:01.650,4.784,500
2020-08-21 09:33:01.710,4.784,3000
2020-08-21 09:33:01.820,4.784,1000
2020-08-21 09:33:02.050,4.784,21000
2020-08-21 09:33:03.160,4.784,100000
2020-08-21 09:33:03.210,4.785,5000
2020-08-21 09:33:03.240,4.785,800
2020-08-21 09:33:03.270,4.785,31500
2020-08-21 09:33:03.270,4.785,18500
2020-08-21 09:33:03.780,4.784,1200
2020-08-21 09:33:03.900,4.784,4000
2020-08-21 09:33:04.160,4.784,10000
2020-08-21 09:33:04.300,4.785,23300
2020-08-21 09:33:04.320,4.784,500
2020-08-21 09:33:04.430,4.785,200
2020-08-21 09:33:04.590,4.784,1000
2020-08-21 09:33:04.940,4.784,5000
2020-08-21 09:33:05.340,4.785,200
2020-08-21 09:33:05.370,4.784,42700
2020-08-21 09:33:05.370,4.784,400
2020-08-21 09:33:06.890,4.783,100
2020-08-21 09:33:06.890,4.783,24300
2020-08-21 09:33:07.020,4.784,56900
2020-08-21 09:33:07.020,4.784,300
2020-08-21 09:33:07.020,4.784,1000
2020-08-21 09:33:07.020,4.785,7800
2020-08-21 09:33:07.020,4.785,11800
2020-08-21 09:33:07.020,4.785,100
2020-08-21 09:33:07.020,4.785,5000
2020-08-21 09:33:07.020,4.785,1000
2020-08-21 09:33:07.020,4.785,7400
2020-08-21 09:33:07.020,4.785,700
2020-08-21 09:33:07.020,4.785,10000
2020-08-21 09:33:07.020,4.785,10000
2020-08-21 09:33:07.020,4.785,500
2020-08-21 09:33:07.020,4.785,10000
2020-08-21 09:33:07.020,4.785,7000
2020-08-21 09:33:07.020,4.785,100
2020-08-21 09:33:07.020,4.785,5000
2020-08-21 09:33:07.020,4.785,2200
2020-08-21 09:33:07.020,4.785,100
2020-08-21 09:33:07.020,4.785,20000
2020-08-21 09:33:07.020,4.785,5000
2020-08-21 09:33:07.020,4.785,16000
2020-08-21 09:33:07.020,4.785,3000
2020-08-21 09:33:07.020,4.785,800
2020-08-21 09:33:07.020,4.785,622500
2020-08-21 09:33:07.020,4.785,10000
2020-08-21 09:33:07.020,4.785,2000
2020-08-21 09:33:07.020,4.785,2400
2020-08-21 09:33:07.020,4.785,50000
2020-08-21 09:33:07.020,4.785,1000
2020-08-21 09:33:07.020,4.785,130400
2020-08-21 09:33:07.370,4.784,1000
2020-08-21 09:33:07.370,4.785,4100
2020-08-21 09:33:08.100,4.783,40100
2020-08-21 09:33:08.530,4.783,2000
2020-08-21 09:33:08.610,4.783,5000
2020-08-21 09:33:09.040,4.783,60000
2020-08-21 09:33:09.090,4.783,80000
2020-08-21 09:33:10.160,4.783,2000
2020-08-21 09:33:10.230,4.782,5600
2020-08-21 09:33:10.230,4.782,8000
2020-08-21 09:33:10.230,4.781,900
2020-08-21 09:33:10.660,4.783,35500
2020-08-21 09:33:11.770,4.783,5000
2020-08-21 09:33:12.050,4.783,50000
2020-08-21 09:33:12.740,4.783,300
2020-08-21 09:33:12.870,4.781,4800
2020-08-21 09:33:12.870,4.781,15100
2020-08-21 09:33:13.000,4.783,500
2020-08-21 09:33:14.000,4.783,19600
2020-08-21 09:33:14.000,4.783,1000
2020-08-21 09:33:14.000,4.783,5300
2020-08-21 09:33:14.000,4.783,15100
2020-08-21 09:33:14.680,4.783,400
2020-08-21 09:33:14.830,4.783,10000
2020-08-21 09:33:14.890,4.784,500
2020-08-21 09:33:15.680,4.783,6800
2020-08-21 09:33:15.950,4.784,500
2020-08-21 09:33:16.270,4.783,10000
2020-08-21 09:33:16.490,4.783,300
2020-08-21 09:33:16.540,4.784,4000
2020-08-21 09:33:16.540,4.784,1000
2020-08-21 09:33:16.570,4.783,400
2020-08-21 09:33:16.650,4.783,1000
2020-08-21 09:33:16.880,4.783,1200
2020-08-21 09:33:17.170,4.783,5000
2020-08-21 09:33:17.250,4.783,23900
2020-08-21 09:33:17.250,4.783,2100
2020-08-21 09:33:17.420,4.783,500
2020-08-21 09:33:17.660,4.783,4500
2020-08-21 09:33:17.810,4.783,400
2020-08-21 09:33:18.070,4.783,5000
2020-08-21 09:33:18.070,4.783,2100
2020-08-21 09:33:18.290,4.782,400
2020-08-21 09:33:18.290,4.782,1000
2020-08-21 09:33:18.290,4.782,600
2020-08-21 09:33:18.890,4.783,500
2020-08-21 09:33:18.890,4.783,300
2020-08-21 09:33:19.020,4.782,1000
2020-08-21 09:33:20.320,4.783,100
2020-08-21 09:33:20.350,4.782,600
2020-08-21 09:33:20.630,4.782,500
2020-08-21 09:33:21.030,4.783,2000
2020-08-21 09:33:21.300,4.783,1500
2020-08-21 09:33:21.630,4.783,1100
2020-08-21 09:33:21.630,4.783,1900
2020-08-21 09:33:21.660,4.782,2300
2020-08-21 09:33:21.820,4.782,100
2020-08-21 09:33:21.820,4.782,3900
2020-08-21 09:33:21.820,4.783,100
2020-08-21 09:33:21.870,4.783,1600
2020-08-21 09:33:21.870,4.783,500
2020-08-21 09:33:21.870,4.783,900
2020-08-21 09:33:22.400,4.783,1800
2020-08-21 09:33:22.400,4.783,5000
2020-08-21 09:33:22.400,4.783,23200
2020-08-21 09:33:22.820,4.783,500
2020-08-21 09:33:23.440,4.782,300
2020-08-21 09:33:23.440,4.782,5000
2020-08-21 09:33:23.590,4.781,200
2020-08-21 09:33:23.880,4.781,1000
2020-08-21 09:33:24.360,4.781,200
2020-08-21 09:33:25.030,4.781,3300
2020-08-21 09:33:25.720,4.781,2000
2020-08-21 09:33:25.720,4.782,2000
2020-08-21 09:33:25.720,4.782,2400
2020-08-21 09:33:26.070,4.782,10000
2020-08-21 09:33:27.040,4.782,7600
2020-08-21 09:33:27.040,4.782,2000
2020-08-21 09:33:27.040,4.782,10000
2020-08-21 09:33:27.040,4.782,400
2020-08-21 09:33:28.010,4.78,6300
2020-08-21 09:33:28.010,4.78,3000
2020-08-21 09:33:28.010,4.78,200
2020-08-21 09:33:28.010,4.78,11700
2020-08-21 09:33:28.010,4.78,200
2020-08-21 09:33:28.010,4.78,10000
2020-08-21 09:33:28.010,4.78,10000
2020-08-21 09:33:28.010,4.78,1000
2020-08-21 09:33:28.010,4.78,107600
2020-08-21 09:33:28.280,4.781,2700
2020-08-21 09:33:28.280,4.782,4600
2020-08-21 09:33:28.280,4.782,3000
2020-08-21 09:33:28.280,4.782,3800
2020-08-21 09:33:28.280,4.782,10000
2020-08-21 09:33:28.280,4.782,2000
2020-08-21 09:33:28.280,4.782,8300
2020-08-21 09:33:28.280,4.782,100000
2020-08-21 09:33:28.280,4.783,5000
2020-08-21 09:33:28.280,4.783,6000
2020-08-21 09:33:28.280,4.783,50000
2020-08-21 09:33:28.280,4.783,2500
2020-08-21 09:33:28.280,4.783,20000
2020-08-21 09:33:28.280,4.783,500
2020-08-21 09:33:28.280,4.783,700
2020-08-21 09:33:28.280,4.783,2000
2020-08-21 09:33:28.280,4.784,500
2020-08-21 09:33:28.280,4.784,30000
2020-08-21 09:33:28.280,4.784,50000
2020-08-21 09:33:28.280,4.784,10000
2020-08-21 09:33:28.280,4.784,100000
2020-08-21 09:33:28.280,4.784,20000
2020-08-21 09:33:28.280,4.784,5000
2020-08-21 09:33:28.280,4.784,10000
2020-08-21 09:33:28.280,4.784,100
2020-08-21 09:33:28.280,4.784,200
2020-08-21 09:33:28.280,4.784,1200
2020-08-21 09:33:28.280,4.784,8000
2020-08-21 09:33:28.280,4.784,37700
2020-08-21 09:33:28.430,4.782,300
2020-08-21 09:33:30.070,4.782,500
2020-08-21 09:33:30.070,4.782,9200
2020-08-21 09:33:30.070,4.782,800
2020-08-21 09:33:30.580,4.782,2200
2020-08-21 09:33:30.580,4.782,5000
2020-08-21 09:33:30.720,4.783,1000
2020-08-21 09:33:30.780,4.783,2600
2020-08-21 09:33:31.220,4.783,19200
2020-08-21 09:33:31.220,4.783,2000
2020-08-21 09:33:31.220,4.781,500
2020-08-21 09:33:31.220,4.78,400
2020-08-21 09:33:31.300,4.78,2000
2020-08-21 09:33:31.430,4.78,1600
2020-08-21 09:33:31.650,4.78,31300
2020-08-21 09:33:32.590,4.78,5000
2020-08-21 09:33:33.020,4.78,59200
2020-08-21 09:33:33.020,4.78,10000
2020-08-21 09:33:33.020,4.78,10800
2020-08-21 09:33:33.070,4.78,50000
2020-08-21 09:33:33.070,4.78,40000
2020-08-21 09:33:33.370,4.78,2000
2020-08-21 09:33:33.460,4.78,1000
2020-08-21 09:33:33.480,4.78,46200
2020-08-21 09:33:33.480,4.78,100
2020-08-21 09:33:33.480,4.78,1000
2020-08-21 09:33:34.280,4.781,1200
2020-08-21 09:33:34.280,4.782,2800
2020-08-21 09:33:35.570,4.78,9000
2020-08-21 09:33:35.740,4.782,500
2020-08-21 09:33:36.030,4.782,40000
2020-08-21 09:33:36.110,4.782,20000
2020-08-21 09:33:36.530,4.781,150000
2020-08-21 09:33:37.600,4.782,100
2020-08-21 09:33:37.800,4.781,400
2020-08-21 09:33:37.800,4.78,600
2020-08-21 09:33:38.350,4.78,2600
2020-08-21 09:33:38.750,4.78,100
2020-08-21 09:33:38.750,4.782,100
2020-08-21 09:33:39.030,4.782,15300
2020-08-21 09:33:39.030,4.782,5500
2020-08-21 09:33:39.030,4.782,5000
2020-08-21 09:33:39.030,4.782,1200
2020-08-21 09:33:39.030,4.782,3000
2020-08-21 09:33:39.360,4.781,500
2020-08-21 09:33:39.760,4.781,300
2020-08-21 09:33:40.370,4.782,10400
2020-08-21 09:33:40.370,4.782,2800
2020-08-21 09:33:40.370,4.781,1500
2020-08-21 09:33:40.540,4.781,6300
2020-08-21 09:33:41.500,4.782,1000
2020-08-21 09:33:42.030,4.782,200
2020-08-21 09:33:42.030,4.782,39800
2020-08-21 09:33:42.110,4.781,5400
2020-08-21 09:33:42.310,4.781,4000
2020-08-21 09:33:42.570,4.781,32000
2020-08-21 09:33:42.570,4.781,800
2020-08-21 09:33:42.570,4.78,27700
2020-08-21 09:33:42.570,4.78,10000
2020-08-21 09:33:42.570,4.78,10000
2020-08-21 09:33:42.570,4.78,3000
2020-08-21 09:33:42.570,4.78,10000
2020-08-21 09:33:42.570,4.78,50000
2020-08-21 09:33:42.570,4.78,6500
2020-08-21 09:33:42.570,4.782,10200
2020-08-21 09:33:42.570,4.782,5000
2020-08-21 09:33:42.570,4.783,3000
2020-08-21 09:33:42.570,4.783,7000
2020-08-21 09:33:42.570,4.783,38400
2020-08-21 09:33:42.570,4.783,9100
2020-08-21 09:33:42.570,4.783,100
2020-08-21 09:33:42.570,4.783,5000
2020-08-21 09:33:42.570,4.783,600
2020-08-21 09:33:42.570,4.783,1600
2020-08-21 09:33:42.900,4.781,100
2020-08-21 09:33:42.900,4.781,100
2020-08-21 09:33:42.900,4.782,100
2020-08-21 09:33:42.900,4.78,5000
2020-08-21 09:33:44.020,4.781,100
2020-08-21 09:33:44.020,4.781,5000
2020-08-21 09:33:44.130,4.781,11500
2020-08-21 09:33:44.470,4.781,10000
2020-08-21 09:33:45.040,4.782,29900
2020-08-21 09:33:45.040,4.782,100
2020-08-21 09:33:45.310,4.781,100
2020-08-21 09:33:45.590,4.781,800
2020-08-21 09:33:45.920,4.782,9900
2020-08-21 09:33:46.540,4.781,5000
2020-08-21 09:33:46.780,4.781,70000
2020-08-21 09:33:47.730,4.783,100
2020-08-21 09:33:47.730,4.783,200
2020-08-21 09:33:47.730,4.783,600
2020-08-21 09:33:47.810,4.781,1000
2020-08-21 09:33:48.030,4.783,7400
2020-08-21 09:33:48.030,4.783,2000
2020-08-21 09:33:48.030,4.783,2000
2020-08-21 09:33:48.030,4.783,500
2020-08-21 09:33:48.030,4.783,8100
2020-08-21 09:33:48.090,4.781,2000
2020-08-21 09:33:48.940,4.781,13400
2020-08-21 09:33:50.880,4.782,100
2020-08-21 09:33:50.880,4.782,9900
2020-08-21 09:33:50.960,4.783,5000
2020-08-21 09:33:51.030,4.782,10000
2020-08-21 09:33:51.030,4.783,1900
2020-08-21 09:33:51.030,4.783,2000
2020-08-21 09:33:51.030,4.783,6000
2020-08-21 09:33:52.100,4.784,200
2020-08-21 09:33:52.920,4.783,100
2020-08-21 09:33:52.920,4.782,2900
2020-08-21 09:33:53.130,4.782,100
2020-08-21 09:33:53.240,4.782,1000
2020-08-21 09:33:53.970,4.782,50000
2020-08-21 09:33:54.210,4.782,200
2020-08-21 09:33:55.170,4.782,3100
2020-08-21 09:33:56.680,4.783,200
2020-08-21 09:33:57.030,4.783,2000
2020-08-21 09:33:57.030,4.783,3000
2020-08-21 09:33:57.030,4.783,2000
2020-08-21 09:33:57.030,4.783,1000
2020-08-21 09:33:57.030,4.783,2000
2020-08-21 09:33:57.080,4.782,2800
2020-08-21 09:33:57.160,4.783,2500
2020-08-21 09:33:57.650,4.783,5200
2020-08-21 09:33:57.650,4.783,3000
2020-08-21 09:33:57.650,4.783,1600
2020-08-21 09:33:57.650,4.784,3000
2020-08-21 09:33:57.650,4.784,1000
2020-08-21 09:33:57.650,4.784,2000
2020-08-21 09:33:57.650,4.784,10000
2020-08-21 09:33:57.650,4.784,100
2020-08-21 09:33:57.650,4.784,20000
2020-08-21 09:33:57.650,4.784,10000
2020-08-21 09:33:57.650,4.784,5400
2020-08-21 09:33:57.650,4.784,3000
2020-08-21 09:33:57.670,4.784,1500
2020-08-21 09:33:57.810,4.784,24200
2020-08-21 09:33:59.030,4.782,100
2020-08-21 09:33:59.580,4.783,1500
2020-08-21 09:33:59.900,4.783,200
2020-08-21 09:34:00.060,4.782,1400
2020-08-21 09:34:00.310,4.782,5200
2020-08-21 09:34:00.340,4.783,200
2020-08-21 09:34:00.340,4.783,1100
2020-08-21 09:34:01.010,4.783,5000
2020-08-21 09:34:01.610,4.783,6200
2020-08-21 09:34:01.750,4.784,10800
2020-08-21 09:34:01.750,4.784,1000
2020-08-21 09:34:01.750,4.784,9600
2020-08-21 09:34:01.750,4.784,400
2020-08-21 09:34:02.060,4.784,1000
2020-08-21 09:34:02.080,4.784,100
2020-08-21 09:34:02.370,4.784,11300
2020-08-21 09:34:02.500,4.784,4000
2020-08-21 09:34:03.100,4.785,5000
2020-08-21 09:34:03.100,4.785,20000
2020-08-21 09:34:03.100,4.785,2500
2020-08-21 09:34:03.100,4.785,5000
2020-08-21 09:34:03.100,4.785,1000
2020-08-21 09:34:03.100,4.785,5000
2020-08-21 09:34:03.100,4.785,41500
2020-08-21 09:34:03.100,4.785,8500
2020-08-21 09:34:03.100,4.785,1000
2020-08-21 09:34:03.100,4.785,200
2020-08-21 09:34:03.100,4.785,2000
2020-08-21 09:34:03.100,4.785,8300
2020-08-21 09:34:03.370,4.784,1000
2020-08-21 09:34:03.450,4.784,2000
2020-08-21 09:34:04.140,4.784,1000
2020-08-21 09:34:04.220,4.784,5000
2020-08-21 09:34:04.410,4.784,20000
2020-08-21 09:34:05.800,4.785,1700
2020-08-21 09:34:05.800,4.785,500
2020-08-21 09:34:05.800,4.785,500
2020-08-21 09:34:05.800,4.785,100
2020-08-21 09:34:05.800,4.785,20000
2020-08-21 09:34:05.800,4.785,2000
2020-08-21 09:34:05.800,4.785,1000
2020-08-21 09:34:05.800,4.785,1000
2020-08-21 09:34:05.800,4.785,3100
2020-08-21 09:34:05.800,4.785,200
2020-08-21 09:34:05.800,4.786,2700
2020-08-21 09:34:05.800,4.786,10000
2020-08-21 09:34:05.800,4.786,10000
2020-08-21 09:34:05.800,4.786,5000
2020-08-21 09:34:05.800,4.786,600
2020-08-21 09:34:05.800,4.786,5000
2020-08-21 09:34:05.800,4.786,1000
2020-08-21 09:34:05.800,4.786,2000
2020-08-21 09:34:05.800,4.786,100
2020-08-21 09:34:05.800,4.786,5000
2020-08-21 09:34:05.800,4.786,100
2020-08-21 09:34:05.800,4.786,5000
2020-08-21 09:34:05.800,4.786,100
2020-08-21 09:34:05.800,4.786,2200
2020-08-21 09:34:05.800,4.786,10000
2020-08-21 09:34:05.800,4.786,10000
2020-08-21 09:34:05.800,4.786,100
2020-08-21 09:34:05.800,4.786,3000
2020-08-21 09:34:05.800,4.786,5000
2020-08-21 09:34:05.800,4.786,1000
2020-08-21 09:34:05.800,4.786,20000
2020-08-21 09:34:05.800,4.786,200
2020-08-21 09:34:05.800,4.786,2000
2020-08-21 09:34:05.800,4.786,5000
2020-08-21 09:34:05.800,4.786,200
2020-08-21 09:34:05.800,4.786,1000
2020-08-21 09:34:05.800,4.786,3000
2020-08-21 09:34:05.800,4.786,100
2020-08-21 09:34:05.800,4.786,3000
2020-08-21 09:34:05.800,4.786,1000
2020-08-21 09:34:05.800,4.786,3000
2020-08-21 09:34:05.800,4.786,1500
2020-08-21 09:34:05.800,4.786,100
2020-08-21 09:34:05.800,4.786,1900
2020-08-21 09:34:06.530,4.786,62400
2020-08-21 09:34:07.000,4.785,13000
2020-08-21 09:34:07.230,4.785,6000
2020-08-21 09:34:07.660,4.785,1600
2020-08-21 09:34:08.040,4.785,500
2020-08-21 09:34:08.920,4.786,17700
2020-08-21 09:34:08.920,4.786,200
2020-08-21 09:34:08.920,4.786,3000
2020-08-21 09:34:08.920,4.786,1000
2020-08-21 09:34:08.920,4.786,5900
2020-08-21 09:34:08.920,4.786,100
2020-08-21 09:34:08.920,4.786,19500
2020-08-21 09:34:08.920,4.786,1300
2020-08-21 09:34:08.920,4.786,20000
2020-08-21 09:34:08.920,4.786,600
2020-08-21 09:34:08.920,4.786,10000
2020-08-21 09:34:08.920,4.786,2000
2020-08-21 09:34:09.690,4.786,16900
2020-08-21 09:34:09.820,4.786,900
2020-08-21 09:34:09.840,4.786,1400
2020-08-21 09:34:09.840,4.785,3900
2020-08-21 09:34:10.230,4.785,2000
2020-08-21 09:34:11.470,4.785,15000
2020-08-21 09:34:12.490,4.786,200
2020-08-21 09:34:13.010,4.785,1300
2020-08-21 09:34:13.380,4.786,100
2020-08-21 09:34:16.210,4.785,5000
2020-08-21 09:34:16.260,4.785,3000
2020-08-21 09:34:16.260,4.785,2000
2020-08-21 09:34:16.350,4.785,3000
2020-08-21 09:34:16.420,4.784,100000
2020-08-21 09:34:18.050,4.785,17000
2020-08-21 09:34:18.050,4.785,3500
2020-08-21 09:34:18.050,4.785,1000
2020-08-21 09:34:18.050,4.785,3000
2020-08-21 09:34:18.050,4.786,2700
2020-08-21 09:34:18.050,4.786,20000
2020-08-21 09:34:18.050,4.786,50000
2020-08-21 09:34:18.050,4.786,1000
2020-08-21 09:34:18.050,4.786,600
2020-08-21 09:34:18.960,4.785,400
2020-08-21 09:34:18.960,4.785,700
2020-08-21 09:34:18.960,4.786,1000
2020-08-21 09:34:18.960,4.787,5000
2020-08-21 09:34:18.960,4.787,2000
2020-08-21 09:34:18.960,4.787,300
2020-08-21 09:34:18.960,4.787,300
2020-08-21 09:34:18.960,4.787,6900
2020-08-21 09:34:18.960,4.787,3400
2020-08-21 09:34:19.190,4.786,1000
2020-08-21 09:34:19.240,4.786,1300
2020-08-21 09:34:19.240,4.784,700
2020-08-21 09:34:20.460,4.785,1000
2020-08-21 09:34:20.460,4.786,1000
2020-08-21 09:34:20.460,4.786,3000
2020-08-21 09:34:20.490,4.786,1000
2020-08-21 09:34:20.560,4.785,4000
2020-08-21 09:34:20.560,4.784,1000
2020-08-21 09:34:20.830,4.786,200
2020-08-21 09:34:20.990,4.786,9100
2020-08-21 09:34:21.190,4.785,400
2020-08-21 09:34:22.070,4.785,1100
2020-08-21 09:34:22.710,4.785,300
2020-08-21 09:34:22.710,4.785,300
2020-08-21 09:34:23.800,4.785,1000
2020-08-21 09:34:23.800,4.785,10000
2020-08-21 09:34:23.800,4.785,8100
2020-08-21 09:34:23.800,4.786,900
2020-08-21 09:34:23.830,4.786,10000
2020-08-21 09:34:23.830,4.786,2800
2020-08-21 09:34:23.830,4.787,17200
2020-08-21 09:34:24.060,4.785,300
2020-08-21 09:34:24.340,4.785,5000
2020-08-21 09:34:25.120,4.786,1000
2020-08-21 09:34:26.320,4.785,400
2020-08-21 09:34:26.480,4.785,9000
2020-08-21 09:34:26.480,4.786,500
2020-08-21 09:34:26.480,4.786,8000
2020-08-21 09:34:26.480,4.787,2500
2020-08-21 09:34:26.480,4.787,4800
2020-08-21 09:34:26.480,4.787,10900
2020-08-21 09:34:28.140,4.785,50000
2020-08-21 09:34:30.900,4.786,200
2020-08-21 09:34:30.900,4.785,4800
2020-08-21 09:34:31.060,4.785,80400
2020-08-21 09:34:31.920,4.785,11500
2020-08-21 09:34:34.110,4.786,2100
2020-08-21 09:34:34.400,4.786,1400
2020-08-21 09:34:34.400,4.786,4400
2020-08-21 09:34:35.870,4.786,1600
2020-08-21 09:34:36.040,4.786,2000
2020-08-21 09:34:36.040,4.786,2000
2020-08-21 09:34:36.040,4.786,6000
2020-08-21 09:34:36.040,4.786,30000
2020-08-21 09:34:36.090,4.786,40000
2020-08-21 09:34:36.480,4.786,1000
2020-08-21 09:34:36.610,4.786,2800
2020-08-21 09:34:37.060,4.786,100
2020-08-21 09:34:37.520,4.785,100
2020-08-21 09:34:37.560,4.786,5000
2020-08-21 09:34:38.030,4.786,5000
2020-08-21 09:34:38.090,4.786,5300
2020-08-21 09:34:39.610,4.786,500
2020-08-21 09:34:40.000,4.785,3000
2020-08-21 09:34:41.140,4.786,100
2020-08-21 09:34:42.030,4.786,10000
2020-08-21 09:34:42.500,4.786,200
2020-08-21 09:34:42.500,4.786,300
2020-08-21 09:34:42.500,4.786,3800
2020-08-21 09:34:42.940,4.786,200
2020-08-21 09:34:42.940,4.787,14300
2020-08-21 09:34:42.940,4.787,500
2020-08-21 09:34:43.420,4.785,2000
2020-08-21 09:34:43.460,4.786,100
2020-08-21 09:34:45.530,4.787,3400
2020-08-21 09:34:45.530,4.787,26100
2020-08-21 09:34:45.530,4.787,7800
2020-08-21 09:34:45.530,4.787,2700
2020-08-21 09:34:45.650,4.787,18800
2020-08-21 09:34:45.860,4.786,1900
2020-08-21 09:34:46.740,4.786,300
2020-08-21 09:34:46.920,4.786,5000
2020-08-21 09:34:47.130,4.786,12500
2020-08-21 09:34:47.400,4.785,24800
2020-08-21 09:34:47.530,4.785,800
2020-08-21 09:34:47.960,4.785,1000
2020-08-21 09:34:48.070,4.786,30000
2020-08-21 09:34:49.170,4.786,200
2020-08-21 09:34:49.300,4.786,100
2020-08-21 09:34:49.300,4.786,900
2020-08-21 09:34:50.280,4.786,100
2020-08-21 09:34:51.040,4.786,4000
2020-08-21 09:34:51.040,4.786,4900
2020-08-21 09:34:51.040,4.786,5300
2020-08-21 09:34:51.040,4.786,15800
2020-08-21 09:34:51.310,4.786,100
2020-08-21 09:34:51.340,4.785,27200
2020-08-21 09:34:51.440,4.785,100
2020-08-21 09:34:52.920,4.786,200
2020-08-21 09:34:54.570,4.785,300
2020-08-21 09:34:55.210,4.785,400
2020-08-21 09:34:55.500,4.786,100
2020-08-21 09:34:55.850,4.786,100
2020-08-21 09:34:55.990,4.786,3700
2020-08-21 09:34:55.990,4.786,100
2020-08-21 09:34:55.990,4.786,3200
2020-08-21 09:34:55.990,4.786,100
2020-08-21 09:34:55.990,4.786,1100
2020-08-21 09:34:55.990,4.786,1000
2020-08-21 09:34:55.990,4.786,1000
2020-08-21 09:34:55.990,4.786,200
2020-08-21 09:34:56.140,4.786,10000
2020-08-21 09:34:56.420,4.786,5600
2020-08-21 09:34:56.510,4.785,401400
2020-08-21 09:34:56.510,4.785,500
2020-08-21 09:34:56.510,4.785,300
2020-08-21 09:34:56.510,4.785,200
2020-08-21 09:34:56.510,4.785,3000
2020-08-21 09:34:56.510,4.785,2000
2020-08-21 09:34:56.510,4.785,85200
2020-08-21 09:34:56.510,4.785,7400
2020-08-21 09:34:57.040,4.786,30000
2020-08-21 09:34:57.690,4.785,700
2020-08-21 09:34:58.960,4.786,10000
2020-08-21 09:34:59.530,4.786,200
2020-08-21 09:35:00.040,4.786,4200
2020-08-21 09:35:00.040,4.786,4700
2020-08-21 09:35:00.040,4.786,1100
2020-08-21 09:35:00.250,4.786,2200
2020-08-21 09:35:00.410,4.785,5000
2020-08-21 09:35:00.570,4.786,1000
2020-08-21 09:35:00.620,4.786,100
2020-08-21 09:35:00.990,4.786,100
2020-08-21 09:35:00.990,4.785,600
2020-08-21 09:35:01.170,4.786,500
2020-08-21 09:35:01.170,4.786,500
2020-08-21 09:35:01.700,4.785,1000
2020-08-21 09:35:02.690,4.786,100
2020-08-21 09:35:03.020,4.785,8900
2020-08-21 09:35:03.070,4.786,400
2020-08-21 09:35:03.070,4.786,1000
2020-08-21 09:35:03.070,4.786,8600
2020-08-21 09:35:03.100,4.785,10000
2020-08-21 09:35:03.660,4.785,5000
2020-08-21 09:35:03.860,4.785,200
2020-08-21 09:35:04.180,4.785,20000
2020-08-21 09:35:04.330,4.786,2400
2020-08-21 09:35:05.140,4.786,300
2020-08-21 09:35:06.040,4.786,700
2020-08-21 09:35:06.040,4.786,99300
2020-08-21 09:35:06.040,4.786,80000
2020-08-21 09:35:06.120,4.786,90000
2020-08-21 09:35:06.120,4.786,10000
2020-08-21 09:35:06.120,4.786,70000
2020-08-21 09:35:06.120,4.786,40000
2020-08-21 09:35:06.120,4.786,40000
2020-08-21 09:35:06.120,4.786,10000
2020-08-21 09:35:06.150,4.785,13300
2020-08-21 09:35:07.820,4.785,2900
2020-08-21 09:35:07.820,4.785,500
2020-08-21 09:35:07.820,4.785,700
2020-08-21 09:35:08.280,4.785,400
2020-08-21 09:35:08.280,4.785,2000
2020-08-21 09:35:08.280,4.785,600
2020-08-21 09:35:08.350,4.786,400
2020-08-21 09:35:08.580,4.786,1000
2020-08-21 09:35:09.030,4.785,900
2020-08-21 09:35:09.030,4.786,59300
2020-08-21 09:35:09.030,4.786,10700
2020-08-21 09:35:09.060,4.786,20000
2020-08-21 09:35:09.390,4.786,10000
2020-08-21 09:35:10.100,4.786,600
2020-08-21 09:35:11.500,4.786,100
2020-08-21 09:35:12.200,4.785,19400
2020-08-21 09:35:12.200,4.785,3000
2020-08-21 09:35:12.200,4.785,100
2020-08-21 09:35:12.200,4.785,50000
2020-08-21 09:35:12.200,4.784,2500
2020-08-21 09:35:12.200,4.784,1000
2020-08-21 09:35:12.200,4.784,2000
2020-08-21 09:35:12.200,4.784,100
2020-08-21 09:35:12.200,4.784,10000
2020-08-21 09:35:12.200,4.784,500
2020-08-21 09:35:12.200,4.784,15400
2020-08-21 09:35:12.350,4.786,1100
2020-08-21 09:35:13.670,4.785,3400
2020-08-21 09:35:16.510,4.784,400
2020-08-21 09:35:17.090,4.784,100
2020-08-21 09:35:17.090,4.784,4400
2020-08-21 09:35:17.090,4.784,95500
2020-08-21 09:35:17.550,4.785,6600
2020-08-21 09:35:17.550,4.785,200
2020-08-21 09:35:17.550,4.785,3200
2020-08-21 09:35:17.650,4.785,2200
2020-08-21 09:35:18.040,4.785,2000
2020-08-21 09:35:18.440,4.784,3000
2020-08-21 09:35:18.500,4.784,100
2020-08-21 09:35:20.000,4.785,2600
2020-08-21 09:35:20.000,4.785,1000
2020-08-21 09:35:20.000,4.785,500
2020-08-21 09:35:20.000,4.785,900
2020-08-21 09:35:20.210,4.785,2000
2020-08-21 09:35:22.290,4.784,2000
2020-08-21 09:35:22.530,4.783,21400
2020-08-21 09:35:22.960,4.783,5000
2020-08-21 09:35:23.090,4.784,100000
2020-08-21 09:35:23.130,4.784,100000
2020-08-21 09:35:23.130,4.784,40000
2020-08-21 09:35:24.510,4.784,20000
2020-08-21 09:35:24.570,4.784,900
2020-08-21 09:35:25.600,4.784,5000
2020-08-21 09:35:25.600,4.784,300
2020-08-21 09:35:25.600,4.785,10900
2020-08-21 09:35:25.600,4.785,10000
2020-08-21 09:35:25.600,4.785,20000
2020-08-21 09:35:25.600,4.785,200
2020-08-21 09:35:25.600,4.785,21400
2020-08-21 09:35:25.650,4.785,10000
2020-08-21 09:35:26.160,4.783,276300
2020-08-21 09:35:27.040,4.784,1000
2020-08-21 09:35:27.610,4.784,1000
2020-08-21 09:35:28.010,4.784,10000
2020-08-21 09:35:28.150,4.783,10000
2020-08-21 09:35:28.830,4.784,3000
2020-08-21 09:35:29.490,4.783,200
2020-08-21 09:35:30.050,4.784,200
2020-08-21 09:35:30.050,4.784,10000
2020-08-21 09:35:30.050,4.784,10000
2020-08-21 09:35:30.050,4.784,10000
2020-08-21 09:35:30.050,4.784,19800
2020-08-21 09:35:30.120,4.784,17300
2020-08-21 09:35:30.380,4.784,30000
2020-08-21 09:35:30.670,4.784,400
2020-08-21 09:35:30.860,4.784,1200
2020-08-21 09:35:30.880,4.784,2100
2020-08-21 09:35:31.020,4.784,64200
2020-08-21 09:35:31.070,4.784,40000
2020-08-21 09:35:31.350,4.784,1000
2020-08-21 09:35:31.670,4.784,1000
2020-08-21 09:35:32.110,4.784,151600
2020-08-21 09:35:33.110,4.784,20000
2020-08-21 09:35:33.190,4.784,20000
2020-08-21 09:35:33.360,4.784,400
2020-08-21 09:35:33.610,4.784,100000
2020-08-21 09:35:33.800,4.784,2900
2020-08-21 09:35:33.830,4.784,1000
2020-08-21 09:35:34.330,4.784,3000
2020-08-21 09:35:35.500,4.784,1000
2020-08-21 09:35:35.780,4.784,2500
2020-08-21 09:35:36.030,4.784,40400
2020-08-21 09:35:36.030,4.784,500
2020-08-21 09:35:36.030,4.783,59100
2020-08-21 09:35:36.390,4.783,1000
2020-08-21 09:35:36.420,4.784,100
2020-08-21 09:35:36.420,4.785,5500
2020-08-21 09:35:36.440,4.783,2000
2020-08-21 09:35:36.770,4.783,30000
2020-08-21 09:35:36.830,4.783,400
2020-08-21 09:35:37.810,4.783,10000
2020-08-21 09:35:39.040,4.784,6500
2020-08-21 09:35:39.040,4.784,500
2020-08-21 09:35:39.040,4.784,500
2020-08-21 09:35:39.040,4.784,2100
2020-08-21 09:35:39.040,4.784,10000
2020-08-21 09:35:39.040,4.784,5900
2020-08-21 09:35:39.040,4.784,2000
2020-08-21 09:35:39.040,4.784,7000
2020-08-21 09:35:39.040,4.784,2500
2020-08-21 09:35:39.320,4.783,72300
2020-08-21 09:35:39.320,4.783,127700
2020-08-21 09:35:39.730,4.784,100
2020-08-21 09:35:41.010,4.784,7400
2020-08-21 09:35:41.010,4.784,20000
2020-08-21 09:35:41.010,4.784,2000
2020-08-21 09:35:41.010,4.784,10300
2020-08-21 09:35:41.010,4.784,2000
2020-08-21 09:35:41.010,4.784,5000
2020-08-21 09:35:41.150,4.784,2000
2020-08-21 09:35:41.370,4.784,1100
2020-08-21 09:35:41.450,4.785,1000
2020-08-21 09:35:41.450,4.785,200
2020-08-21 09:35:41.450,4.785,48800
2020-08-21 09:35:42.080,4.784,200
2020-08-21 09:35:42.130,4.783,20000
2020-08-21 09:35:42.270,4.783,10900
2020-08-21 09:35:42.790,4.784,500
2020-08-21 09:35:42.870,4.784,20000
2020-08-21 09:35:42.920,4.784,10000
2020-08-21 09:35:43.310,4.784,300
2020-08-21 09:35:43.550,4.784,400
2020-08-21 09:35:44.620,4.783,3000
2020-08-21 09:35:44.960,4.783,2000
2020-08-21 09:35:45.100,4.784,80000
2020-08-21 09:35:45.100,4.784,70000
2020-08-21 09:35:45.180,4.784,2000
2020-08-21 09:35:45.320,4.783,16000
2020-08-21 09:35:46.390,4.783,2000
2020-08-21 09:35:46.460,4.783,10000
2020-08-21 09:35:46.490,4.783,4500
2020-08-21 09:35:46.570,4.784,20800
2020-08-21 09:35:46.940,4.783,100
2020-08-21 09:35:48.140,4.783,22000
2020-08-21 09:35:48.310,4.783,12300
2020-08-21 09:35:48.360,4.783,10000
2020-08-21 09:35:48.450,4.783,300000
2020-08-21 09:35:49.590,4.784,200
2020-08-21 09:35:50.890,4.783,5000
2020-08-21 09:35:51.200,4.783,2000
2020-08-21 09:35:51.420,4.784,10000
2020-08-21 09:35:52.000,4.783,2000
2020-08-21 09:35:52.030,4.783,1100
2020-08-21 09:35:52.130,4.783,5000
2020-08-21 09:35:52.620,4.783,16200
2020-08-21 09:35:52.830,4.783,5000
2020-08-21 09:35:52.850,4.784,400
2020-08-21 09:35:52.980,4.784,1000
2020-08-21 09:35:52.980,4.783,10000
2020-08-21 09:35:53.240,4.783,400
2020-08-21 09:35:53.320,4.783,100
2020-08-21 09:35:53.540,4.783,6600
2020-08-21 09:35:53.630,4.783,1000
2020-08-21 09:35:53.630,4.783,1000
2020-08-21 09:35:53.650,4.783,1700
2020-08-21 09:35:53.760,4.783,2400
2020-08-21 09:35:53.760,4.783,500
2020-08-21 09:35:53.760,4.783,2000
2020-08-21 09:35:53.760,4.783,16500
2020-08-21 09:35:54.030,4.783,3000
2020-08-21 09:35:54.030,4.783,200
2020-08-21 09:35:54.620,4.783,200
2020-08-21 09:35:54.730,4.783,400
2020-08-21 09:35:55.350,4.783,70000
2020-08-21 09:35:55.380,4.784,2100
2020-08-21 09:35:55.380,4.783,1500
2020-08-21 09:35:55.530,4.783,8200
2020-08-21 09:35:55.530,4.783,800
2020-08-21 09:35:56.580,4.783,2000
2020-08-21 09:35:56.880,4.783,900
2020-08-21 09:35:56.970,4.783,20000
2020-08-21 09:35:57.380,4.783,5000
2020-08-21 09:35:57.510,4.784,80000
2020-08-21 09:35:57.750,4.783,100
2020-08-21 09:35:58.050,4.784,10000
2020-08-21 09:35:58.710,4.783,53200
2020-08-21 09:35:58.710,4.783,4000
2020-08-21 09:35:58.710,4.783,100
2020-08-21 09:35:59.100,4.783,300
2020-08-21 09:35:59.320,4.783,36900
2020-08-21 09:35:59.850,4.782,1000
2020-08-21 09:36:00.210,4.783,600
2020-08-21 09:36:01.180,4.783,1000
2020-08-21 09:36:01.820,4.783,2000
2020-08-21 09:36:02.170,4.782,100
2020-08-21 09:36:02.170,4.782,100
2020-08-21 09:36:02.170,4.782,49800
2020-08-21 09:36:03.030,4.783,1900
2020-08-21 09:36:03.030,4.783,2900
2020-08-21 09:36:03.030,4.783,3200
2020-08-21 09:36:03.030,4.783,100
2020-08-21 09:36:03.030,4.783,500
2020-08-21 09:36:03.030,4.783,14700
2020-08-21 09:36:03.030,4.783,3000
2020-08-21 09:36:03.030,4.783,10000
2020-08-21 09:36:03.030,4.783,3000
2020-08-21 09:36:03.030,4.783,700
2020-08-21 09:36:03.470,4.783,100
2020-08-21 09:36:04.040,4.783,1100
2020-08-21 09:36:04.300,4.783,100
2020-08-21 09:36:04.300,4.783,300
2020-08-21 09:36:04.770,4.782,200
2020-08-21 09:36:05.110,4.782,2000
2020-08-21 09:36:05.110,4.782,3000
2020-08-21 09:36:05.110,4.781,1000
2020-08-21 09:36:05.110,4.781,100
2020-08-21 09:36:05.110,4.781,1000
2020-08-21 09:36:05.110,4.781,3900
2020-08-21 09:36:06.040,4.783,1700
2020-08-21 09:36:06.040,4.783,8300
2020-08-21 09:36:06.500,4.782,100
2020-08-21 09:36:07.570,4.781,1100
2020-08-21 09:36:07.570,4.781,4900
2020-08-21 09:36:08.310,4.781,4000
2020-08-21 09:36:09.430,4.782,1500
2020-08-21 09:36:09.430,4.782,100
2020-08-21 09:36:09.820,4.782,100
2020-08-21 09:36:10.190,4.782,8200
2020-08-21 09:36:10.300,4.782,40000
2020-08-21 09:36:10.460,4.782,1800
2020-08-21 09:36:10.530,4.782,1000
2020-08-21 09:36:11.790,4.781,1100
2020-08-21 09:36:11.790,4.781,600
2020-08-21 09:36:11.790,4.781,8000
2020-08-21 09:36:11.790,4.781,10300
2020-08-21 09:36:13.660,4.782,100
2020-08-21 09:36:15.040,4.782,300
2020-08-21 09:36:15.040,4.782,100
2020-08-21 09:36:15.040,4.782,9600
2020-08-21 09:36:15.180,4.782,1000
2020-08-21 09:36:15.660,4.78,1000
2020-08-21 09:36:15.660,4.78,10000
2020-08-21 09:36:15.660,4.78,5000
2020-08-21 09:36:15.660,4.78,2000
2020-08-21 09:36:15.660,4.78,1000
2020-08-21 09:36:15.660,4.78,200
2020-08-21 09:36:15.660,4.78,1000
2020-08-21 09:36:15.660,4.78,10000
2020-08-21 09:36:15.660,4.78,2500
2020-08-21 09:36:15.660,4.78,2000
2020-08-21 09:36:15.660,4.78,100
2020-08-21 09:36:15.660,4.78,100
2020-08-21 09:36:15.660,4.78,19000
2020-08-21 09:36:16.190,4.781,4500
2020-08-21 09:36:16.750,4.781,11000
2020-08-21 09:36:17.240,4.782,100
2020-08-21 09:36:18.050,4.782,4100
2020-08-21 09:36:18.050,4.782,5900
2020-08-21 09:36:18.050,4.781,1100
2020-08-21 09:36:18.930,4.781,4500
2020-08-21 09:36:19.580,4.781,100
2020-08-21 09:36:19.740,4.78,6300
2020-08-21 09:36:19.880,4.781,400
2020-08-21 09:36:19.880,4.782,700
2020-08-21 09:36:19.880,4.782,100
2020-08-21 09:36:19.880,4.782,2500
2020-08-21 09:36:19.880,4.782,2300
2020-08-21 09:36:20.100,4.781,1100
2020-08-21 09:36:20.670,4.782,100
2020-08-21 09:36:21.030,4.782,1900
2020-08-21 09:36:21.030,4.782,200
2020-08-21 09:36:21.030,4.782,5000
2020-08-21 09:36:21.030,4.782,12900
2020-08-21 09:36:21.030,4.782,3600
2020-08-21 09:36:21.030,4.782,2500
2020-08-21 09:36:21.100,4.782,4300
2020-08-21 09:36:22.390,4.782,100
2020-08-21 09:36:22.740,4.782,200
2020-08-21 09:36:22.920,4.782,1300
2020-08-21 09:36:23.040,4.782,20000
2020-08-21 09:36:23.060,4.782,2600
2020-08-21 09:36:23.460,4.783,100
2020-08-21 09:36:23.620,4.782,1000
2020-08-21 09:36:23.620,4.782,5600
2020-08-21 09:36:23.690,4.782,900
2020-08-21 09:36:23.930,4.782,14800
2020-08-21 09:36:24.030,4.783,2200
2020-08-21 09:36:24.030,4.783,6500
2020-08-21 09:36:24.030,4.783,30000
2020-08-21 09:36:24.030,4.783,1300
2020-08-21 09:36:24.140,4.783,1700
2020-08-21 09:36:24.140,4.783,10000
2020-08-21 09:36:24.140,4.783,9000
2020-08-21 09:36:24.140,4.783,6000
2020-08-21 09:36:24.140,4.783,4000
2020-08-21 09:36:24.140,4.783,19500
2020-08-21 09:36:24.140,4.783,400
2020-08-21 09:36:24.140,4.783,5000
2020-08-21 09:36:24.140,4.783,10000
2020-08-21 09:36:24.140,4.783,2000
2020-08-21 09:36:24.300,4.783,4000
2020-08-21 09:36:24.680,4.783,4000
2020-08-21 09:36:25.710,4.783,1000
2020-08-21 09:36:25.920,4.783,2000
2020-08-21 09:36:26.220,4.784,186600
2020-08-21 09:36:26.670,4.783,31500
2020-08-21 09:36:26.720,4.783,100
2020-08-21 09:36:27.030,4.784,100000
2020-08-21 09:36:27.050,4.784,5500
2020-08-21 09:36:27.050,4.784,1000
2020-08-21 09:36:27.050,4.784,1000
2020-08-21 09:36:27.050,4.784,3000
2020-08-21 09:36:27.050,4.784,2000
2020-08-21 09:36:27.050,4.784,9000
2020-08-21 09:36:27.050,4.784,100
2020-08-21 09:36:27.050,4.784,2000
2020-08-21 09:36:27.050,4.784,900
2020-08-21 09:36:27.050,4.784,1300
2020-08-21 09:36:27.050,4.784,100
2020-08-21 09:36:27.050,4.784,44100
2020-08-21 09:36:27.050,4.784,30000
2020-08-21 09:36:27.080,4.784,2800
2020-08-21 09:36:27.080,4.784,7200
2020-08-21 09:36:27.270,4.783,3000
2020-08-21 09:36:27.400,4.783,700
2020-08-21 09:36:27.430,4.783,1700
2020-08-21 09:36:27.430,4.783,300
2020-08-21 09:36:27.590,4.783,100
2020-08-21 09:36:27.700,4.783,300
2020-08-21 09:36:27.880,4.783,1000
2020-08-21 09:36:28.910,4.784,7500
2020-08-21 09:36:28.910,4.784,30000
2020-08-21 09:36:28.910,4.784,5000
2020-08-21 09:36:28.910,4.784,100
2020-08-21 09:36:28.910,4.784,800
2020-08-21 09:36:28.910,4.784,1000
2020-08-21 09:36:28.910,4.784,400
2020-08-21 09:36:28.910,4.784,1400
2020-08-21 09:36:28.910,4.784,10000
2020-08-21 09:36:29.380,4.784,100000
2020-08-21 09:36:30.110,4.785,1200
2020-08-21 09:36:30.110,4.785,10000
2020-08-21 09:36:30.110,4.785,700
2020-08-21 09:36:30.110,4.785,400
2020-08-21 09:36:30.110,4.785,2500
2020-08-21 09:36:30.110,4.785,85200
2020-08-21 09:36:30.110,4.785,20000
2020-08-21 09:36:30.110,4.785,30000
2020-08-21 09:36:30.110,4.785,100000
2020-08-21 09:36:30.110,4.785,100000
2020-08-21 09:36:30.110,4.785,40000
2020-08-21 09:36:30.110,4.785,100000
2020-08-21 09:36:30.110,4.785,20000
2020-08-21 09:36:30.110,4.785,30000
2020-08-21 09:36:30.170,4.784,200
2020-08-21 09:36:30.200,4.784,200
2020-08-21 09:36:30.200,4.784,1300
2020-08-21 09:36:30.360,4.784,700
2020-08-21 09:36:30.360,4.782,900
2020-08-21 09:36:31.550,4.784,2000
2020-08-21 09:36:32.580,4.784,9400
2020-08-21 09:36:32.580,4.782,600
2020-08-21 09:36:32.820,4.782,8500
2020-08-21 09:36:32.820,4.782,1000
2020-08-21 09:36:32.820,4.781,17500
2020-08-21 09:36:33.480,4.783,1200
2020-08-21 09:36:33.480,4.783,6500
2020-08-21 09:36:33.480,4.785,74800
2020-08-21 09:36:33.480,4.785,300
2020-08-21 09:36:33.480,4.785,1100
2020-08-21 09:36:33.480,4.785,1600
2020-08-21 09:36:33.480,4.785,8800
2020-08-21 09:36:33.480,4.785,6000
2020-08-21 09:36:33.480,4.785,50000
2020-08-21 09:36:33.480,4.785,10000
2020-08-21 09:36:33.480,4.785,400
2020-08-21 09:36:33.480,4.785,3000
2020-08-21 09:36:33.640,4.785,4600
2020-08-21 09:36:34.540,4.785,4200
2020-08-21 09:36:34.560,4.785,6700
2020-08-21 09:36:34.750,4.785,2000
2020-08-21 09:36:34.750,4.785,1000
2020-08-21 09:36:34.820,4.785,2600
2020-08-21 09:36:35.720,4.785,22700
2020-08-21 09:36:36.030,4.786,7500
2020-08-21 09:36:36.030,4.786,5000
2020-08-21 09:36:36.030,4.786,1000
2020-08-21 09:36:36.030,4.786,2000
2020-08-21 09:36:36.030,4.786,1600
2020-08-21 09:36:36.030,4.785,7700
2020-08-21 09:36:36.400,4.785,500
2020-08-21 09:36:37.450,4.785,12000
2020-08-21 09:36:37.990,4.785,5000
2020-08-21 09:36:38.070,4.785,1600
2020-08-21 09:36:38.360,4.785,20000
2020-08-21 09:36:38.410,4.785,100
2020-08-21 09:36:38.660,4.785,10000
2020-08-21 09:36:39.970,4.785,5500
2020-08-21 09:36:40.490,4.785,200
2020-08-21 09:36:40.670,4.785,60000
2020-08-21 09:36:41.610,4.785,500
2020-08-21 09:36:41.690,4.785,3500
2020-08-21 09:36:42.230,4.785,300000
2020-08-21 09:36:42.620,4.785,500
2020-08-21 09:36:42.650,4.785,1000
2020-08-21 09:36:43.010,4.785,1000
2020-08-21 09:36:43.210,4.785,500
2020-08-21 09:36:43.490,4.785,5000
2020-08-21 09:36:43.590,4.785,20000
2020-08-21 09:36:43.900,4.785,6600
2020-08-21 09:36:44.040,4.786,1400
2020-08-21 09:36:44.040,4.786,10000
2020-08-21 09:36:44.040,4.786,1000
2020-08-21 09:36:44.040,4.786,100
2020-08-21 09:36:44.040,4.786,5000
2020-08-21 09:36:44.040,4.786,30500
2020-08-21 09:36:44.040,4.786,1000
2020-08-21 09:36:44.040,4.786,10400
2020-08-21 09:36:44.040,4.786,3500
2020-08-21 09:36:44.040,4.786,4700
2020-08-21 09:36:44.040,4.786,32400
2020-08-21 09:36:44.070,4.786,100000
2020-08-21 09:36:44.070,4.786,40000
2020-08-21 09:36:44.640,4.785,5000
2020-08-21 09:36:44.730,4.785,2500
2020-08-21 09:36:45.030,4.786,80000
2020-08-21 09:36:45.030,4.786,80000
2020-08-21 09:36:45.030,4.786,40000
2020-08-21 09:36:45.050,4.786,50000
2020-08-21 09:36:45.050,4.786,60987
2020-08-21 09:36:45.050,4.786,4300
2020-08-21 09:36:45.050,4.786,1000
2020-08-21 09:36:45.050,4.786,100
2020-08-21 09:36:45.050,4.786,9800
2020-08-21 09:36:45.050,4.786,3813
2020-08-21 09:36:45.110,4.786,46187
2020-08-21 09:36:45.220,4.786,1000
2020-08-21 09:36:45.430,4.786,1000
2020-08-21 09:36:45.630,4.786,1000
2020-08-21 09:36:45.800,4.786,100
2020-08-21 09:36:46.030,4.786,713
2020-08-21 09:36:46.030,4.786,9287
2020-08-21 09:36:46.560,4.786,1000
2020-08-21 09:36:47.720,4.786,1000
2020-08-21 09:36:48.110,4.787,700
2020-08-21 09:36:48.110,4.787,9200
2020-08-21 09:36:48.110,4.787,10000
2020-08-21 09:36:48.110,4.787,10000
2020-08-21 09:36:48.110,4.787,7000
2020-08-21 09:36:48.110,4.787,1000
2020-08-21 09:36:48.110,4.787,20000
2020-08-21 09:36:48.110,4.787,200
2020-08-21 09:36:48.110,4.787,21900
2020-08-21 09:36:48.160,4.786,6400
2020-08-21 09:36:48.410,4.786,3000
2020-08-21 09:36:48.820,4.786,9313
2020-08-21 09:36:48.820,4.786,26787
2020-08-21 09:36:49.090,4.786,3100
2020-08-21 09:36:49.140,4.786,1000
2020-08-21 09:36:49.610,4.786,1000
2020-08-21 09:36:50.960,4.787,3000
2020-08-21 09:36:51.040,4.787,9100
2020-08-21 09:36:51.040,4.787,700
2020-08-21 09:36:51.040,4.787,2000
2020-08-21 09:36:51.040,4.787,10000
2020-08-21 09:36:51.040,4.787,5000
2020-08-21 09:36:51.040,4.787,500
2020-08-21 09:36:51.040,4.787,100
2020-08-21 09:36:51.040,4.787,8000
2020-08-21 09:36:51.040,4.787,5000
2020-08-21 09:36:51.040,4.787,3000
2020-08-21 09:36:51.040,4.787,1000
2020-08-21 09:36:51.040,4.787,1000
2020-08-21 09:36:51.040,4.787,2000
2020-08-21 09:36:51.040,4.787,3000
2020-08-21 09:36:51.040,4.787,20000
2020-08-21 09:36:51.040,4.787,10000
2020-08-21 09:36:51.040,4.787,100
2020-08-21 09:36:51.040,4.787,2000
2020-08-21 09:36:51.040,4.787,400
2020-08-21 09:36:51.040,4.787,17100
2020-08-21 09:36:51.120,4.787,10000
2020-08-21 09:36:51.120,4.787,10000
2020-08-21 09:36:51.140,4.786,5600
2020-08-21 09:36:51.140,4.786,1000
2020-08-21 09:36:51.250,4.786,2000
2020-08-21 09:36:51.350,4.786,5000
2020-08-21 09:36:51.350,4.786,4513
2020-08-21 09:36:51.350,4.786,487
2020-08-21 09:36:52.030,4.786,13
2020-08-21 09:36:52.030,4.786,987
2020-08-21 09:36:52.320,4.786,4800
2020-08-21 09:36:53.090,4.786,1000
2020-08-21 09:36:53.470,4.787,62900
2020-08-21 09:36:53.470,4.787,10000
2020-08-21 09:36:53.470,4.787,800
2020-08-21 09:36:53.470,4.787,7000
2020-08-21 09:36:53.470,4.787,5000
2020-08-21 09:36:53.470,4.787,20000
2020-08-21 09:36:53.470,4.787,1300
2020-08-21 09:36:53.470,4.787,2500
2020-08-21 09:36:53.500,4.787,800
2020-08-21 09:36:53.500,4.786,200
2020-08-21 09:36:53.750,4.786,1000
2020-08-21 09:36:53.940,4.786,6600
2020-08-21 09:36:54.130,4.786,5000
2020-08-21 09:36:54.410,4.786,413
2020-08-21 09:36:54.410,4.786,1587
2020-08-21 09:36:54.570,4.786,100
2020-08-21 09:36:54.810,4.786,3100
2020-08-21 09:36:55.530,4.787,500
2020-08-21 09:36:55.530,4.787,2000
2020-08-21 09:36:55.530,4.788,1000
2020-08-21 09:36:55.530,4.788,2000
2020-08-21 09:36:55.530,4.788,8100
2020-08-21 09:36:55.530,4.788,11200
2020-08-21 09:36:55.530,4.788,10000
2020-08-21 09:36:55.530,4.788,65200
2020-08-21 09:36:55.580,4.788,50000
2020-08-21 09:36:56.170,4.786,2500
2020-08-21 09:36:56.350,4.786,2713
2020-08-21 09:36:56.350,4.786,400
2020-08-21 09:36:56.350,4.786,6887
2020-08-21 09:36:57.520,4.787,1000
2020-08-21 09:36:57.520,4.787,10600
2020-08-21 09:36:57.520,4.788,18400
2020-08-21 09:36:58.530,4.786,200
2020-08-21 09:36:58.640,4.786,1000
2020-08-21 09:36:58.900,4.786,1913
2020-08-21 09:36:58.900,4.786,10000
2020-08-21 09:36:58.900,4.786,100
2020-08-21 09:36:58.900,4.786,2000
2020-08-21 09:36:58.900,4.786,2000
2020-08-21 09:36:58.900,4.786,3987
2020-08-21 09:36:59.520,4.786,1000
2020-08-21 09:36:59.520,4.786,200
2020-08-21 09:36:59.520,4.787,4000
2020-08-21 09:36:59.690,4.787,4200
2020-08-21 09:37:00.050,4.788,40000
2020-08-21 09:37:00.090,4.788,26400
2020-08-21 09:37:00.090,4.788,10000
2020-08-21 09:37:00.090,4.788,100
2020-08-21 09:37:00.090,4.788,23500
2020-08-21 09:37:00.090,4.788,6500
2020-08-21 09:37:00.090,4.788,10000
2020-08-21 09:37:00.090,4.788,300
2020-08-21 09:37:00.090,4.788,3200
2020-08-21 09:37:00.090,4.788,46800
2020-08-21 09:37:00.090,4.788,3700
2020-08-21 09:37:00.090,4.788,100
2020-08-21 09:37:00.090,4.788,100
2020-08-21 09:37:00.090,4.788,100
2020-08-21 09:37:00.090,4.788,100
2020-08-21 09:37:00.090,4.788,300
2020-08-21 09:37:00.090,4.788,18800
2020-08-21 09:37:00.090,4.788,81200
2020-08-21 09:37:00.090,4.788,100
2020-08-21 09:37:00.090,4.788,5000
2020-08-21 09:37:00.090,4.788,2000
2020-08-21 09:37:00.090,4.788,2000
2020-08-21 09:37:00.090,4.788,1000
2020-08-21 09:37:00.090,4.788,8700
2020-08-21 09:37:00.200,4.788,600
2020-08-21 09:37:00.720,4.787,200
2020-08-21 09:37:01.120,4.786,300
2020-08-21 09:37:01.120,4.786,2700
2020-08-21 09:37:01.720,4.785,1000
2020-08-21 09:37:02.150,4.785,1000
2020-08-21 09:37:02.530,4.785,1000
2020-08-21 09:37:02.780,4.785,4200
2020-08-21 09:37:03.430,4.785,2100
2020-08-21 09:37:04.250,4.787,300
2020-08-21 09:37:04.250,4.787,500
2020-08-21 09:37:04.250,4.787,5000
2020-08-21 09:37:04.250,4.787,200
2020-08-21 09:37:04.900,4.786,1000
2020-08-21 09:37:05.250,4.786,1000
2020-08-21 09:37:05.940,4.787,300
2020-08-21 09:37:05.940,4.787,3500
2020-08-21 09:37:06.690,4.787,10000
2020-08-21 09:37:07.030,4.787,2500
2020-08-21 09:37:07.210,4.788,1000
2020-08-21 09:37:07.260,4.788,4300
2020-08-21 09:37:08.370,4.787,1000
2020-08-21 09:37:08.470,4.788,25400
2020-08-21 09:37:08.470,4.788,20000
2020-08-21 09:37:08.470,4.788,3000
2020-08-21 09:37:08.470,4.788,2000
2020-08-21 09:37:08.470,4.788,10000
2020-08-21 09:37:08.470,4.788,10000
2020-08-21 09:37:08.470,4.788,8000
2020-08-21 09:37:08.470,4.788,6600
2020-08-21 09:37:08.470,4.788,2100
2020-08-21 09:37:08.820,4.787,1000
2020-08-21 09:37:09.050,4.787,100
2020-08-21 09:37:09.170,4.788,7900
2020-08-21 09:37:09.170,4.788,2100
2020-08-21 09:37:09.880,4.787,1600
2020-08-21 09:37:09.880,4.787,200
2020-08-21 09:37:10.750,4.786,3100
2020-08-21 09:37:10.750,4.786,300
2020-08-21 09:37:10.750,4.786,100
2020-08-21 09:37:11.080,4.786,2000
2020-08-21 09:37:11.110,4.786,200
2020-08-21 09:37:11.210,4.785,1000
2020-08-21 09:37:11.410,4.786,7000
2020-08-21 09:37:11.490,4.785,1000
2020-08-21 09:37:11.920,4.785,1000
2020-08-21 09:37:12.080,4.785,100000
2020-08-21 09:37:12.400,4.785,1000
2020-08-21 09:37:13.010,4.786,2500
2020-08-21 09:37:13.970,4.785,20000
2020-08-21 09:37:14.190,4.786,1200
2020-08-21 09:37:15.190,4.786,200
2020-08-21 09:37:15.520,4.786,3000
2020-08-21 09:37:16.440,4.785,1000
2020-08-21 09:37:17.280,4.785,30000
2020-08-21 09:37:17.280,4.785,20000
2020-08-21 09:37:17.280,4.785,400
2020-08-21 09:37:17.280,4.786,10600
2020-08-21 09:37:17.350,4.785,10000
2020-08-21 09:37:17.420,4.785,29100
2020-08-21 09:37:17.420,4.785,2800
2020-08-21 09:37:17.420,4.785,1100
2020-08-21 09:37:17.420,4.784,200
2020-08-21 09:37:17.420,4.784,200
2020-08-21 09:37:17.420,4.784,6500
2020-08-21 09:37:17.420,4.784,42700
2020-08-21 09:37:17.860,4.785,400
2020-08-21 09:37:17.860,4.785,3800
2020-08-21 09:37:19.840,4.785,1200
2020-08-21 09:37:20.220,4.782,2000
2020-08-21 09:37:20.220,4.782,22600
2020-08-21 09:37:21.440,4.784,9600
2020-08-21 09:37:21.830,4.784,2100
2020-08-21 09:37:22.520,4.784,10000
2020-08-21 09:37:23.060,4.784,500
2020-08-21 09:37:23.750,4.782,7400
2020-08-21 09:37:23.750,4.782,200
2020-08-21 09:37:23.750,4.784,1400
2020-08-21 09:37:24.820,4.781,2500
2020-08-21 09:37:26.990,4.784,100
2020-08-21 09:37:27.940,4.784,100
2020-08-21 09:37:29.130,4.781,18400
2020-08-21 09:37:29.130,4.781,1100
2020-08-21 09:37:29.130,4.781,10000
2020-08-21 09:37:29.130,4.781,30000
2020-08-21 09:37:30.100,4.781,30000
2020-08-21 09:37:30.160,4.781,10500
2020-08-21 09:37:30.160,4.781,100
2020-08-21 09:37:30.160,4.781,1000
2020-08-21 09:37:30.160,4.782,38400
2020-08-21 09:37:30.310,4.782,1000
2020-08-21 09:37:31.660,4.781,5000
2020-08-21 09:37:31.880,4.78,24700
2020-08-21 09:37:31.880,4.78,1000
2020-08-21 09:37:31.880,4.78,300
2020-08-21 09:37:31.880,4.78,600
2020-08-21 09:37:31.880,4.78,1000
2020-08-21 09:37:31.880,4.78,172400
2020-08-21 09:37:32.880,4.781,13000
2020-08-21 09:37:32.880,4.781,10300
2020-08-21 09:37:32.880,4.782,14400
2020-08-21 09:37:32.880,4.783,1000
2020-08-21 09:37:32.880,4.783,2400
2020-08-21 09:37:33.240,4.783,5200
2020-08-21 09:37:33.630,4.784,100
2020-08-21 09:37:34.020,4.783,12000
2020-08-21 09:37:34.240,4.783,50000
2020-08-21 09:37:34.900,4.784,600
2020-08-21 09:37:36.350,4.783,2000
2020-08-21 09:37:37.390,4.783,2000
2020-08-21 09:37:37.420,4.783,10000
2020-08-21 09:37:37.980,4.783,400
2020-08-21 09:37:38.250,4.783,134500
2020-08-21 09:37:38.250,4.783,40000
2020-08-21 09:37:38.250,4.783,2800
2020-08-21 09:37:38.250,4.783,1000
2020-08-21 09:37:38.440,4.783,1000
2020-08-21 09:37:38.460,4.781,600
2020-08-21 09:37:38.490,4.783,1000
2020-08-21 09:37:38.660,4.781,1600
2020-08-21 09:37:40.730,4.781,2000
2020-08-21 09:37:42.960,4.781,100
2020-08-21 09:37:43.070,4.781,1300
2020-08-21 09:37:43.520,4.782,6500
2020-08-21 09:37:43.570,4.783,800
2020-08-21 09:37:43.690,4.783,3200
2020-08-21 09:37:44.130,4.782,12400
2020-08-21 09:37:45.610,4.783,8400
2020-08-21 09:37:45.840,4.783,400
2020-08-21 09:37:45.940,4.782,700
2020-08-21 09:37:46.830,4.782,3600
2020-08-21 09:37:47.250,4.783,600
2020-08-21 09:37:47.330,4.782,1100
2020-08-21 09:37:47.690,4.782,10000
2020-08-21 09:37:48.290,4.782,500
2020-08-21 09:37:49.530,4.782,3200
2020-08-21 09:37:49.580,4.782,14400
2020-08-21 09:37:50.140,4.782,200000
2020-08-21 09:37:50.170,4.782,20000
2020-08-21 09:37:50.200,4.782,3500
2020-08-21 09:37:50.430,4.782,1000
2020-08-21 09:37:51.040,4.782,21800
2020-08-21 09:37:52.500,4.781,1100
2020-08-21 09:37:52.500,4.781,400
2020-08-21 09:37:52.500,4.78,3500
2020-08-21 09:37:53.940,4.78,10000
2020-08-21 09:37:54.240,4.78,60500
2020-08-21 09:37:54.710,4.782,5000
2020-08-21 09:37:55.780,4.782,3100
2020-08-21 09:37:56.370,4.782,300
2020-08-21 09:37:56.480,4.781,3000
2020-08-21 09:37:56.480,4.781,400
2020-08-21 09:37:56.480,4.781,200
2020-08-21 09:37:57.120,4.781,700
2020-08-21 09:37:57.200,4.781,1500
2020-08-21 09:37:57.570,4.781,30000
2020-08-21 09:37:57.590,4.78,40000
2020-08-21 09:37:58.050,4.78,9900
2020-08-21 09:37:58.360,4.78,1400
2020-08-21 09:38:00.670,4.781,300
2020-08-21 09:38:02.210,4.781,300
2020-08-21 09:38:02.210,4.781,4700
2020-08-21 09:38:04.260,4.78,6600
2020-08-21 09:38:05.740,4.78,36000
2020-08-21 09:38:05.990,4.781,300
2020-08-21 09:38:05.990,4.781,2500
2020-08-21 09:38:05.990,4.781,900
2020-08-21 09:38:05.990,4.781,10000
2020-08-21 09:38:05.990,4.781,2800
2020-08-21 09:38:05.990,4.781,100
2020-08-21 09:38:05.990,4.781,300
2020-08-21 09:38:06.710,4.781,77400
2020-08-21 09:38:06.890,4.781,30000
2020-08-21 09:38:06.940,4.781,1000
2020-08-21 09:38:06.990,4.781,200
2020-08-21 09:38:08.650,4.781,24200
2020-08-21 09:38:08.890,4.781,1000
2020-08-21 09:38:09.030,4.782,24900
2020-08-21 09:38:09.030,4.782,5000
2020-08-21 09:38:09.030,4.782,100
2020-08-21 09:38:09.360,4.781,15300
2020-08-21 09:38:09.360,4.781,22000
2020-08-21 09:38:09.360,4.781,700
2020-08-21 09:38:09.360,4.781,10000
2020-08-21 09:38:12.360,4.78,1000
2020-08-21 09:38:13.110,4.781,600
2020-08-21 09:38:13.110,4.781,2400
2020-08-21 09:38:13.170,4.78,10000
2020-08-21 09:38:13.510,4.78,1000
2020-08-21 09:38:14.080,4.78,2000
2020-08-21 09:38:14.480,4.78,1000
2020-08-21 09:38:14.480,4.78,1000
2020-08-21 09:38:15.040,4.781,10000
2020-08-21 09:38:15.070,4.78,100000
2020-08-21 09:38:15.400,4.781,5100
2020-08-21 09:38:15.750,4.78,2700
2020-08-21 09:38:15.800,4.78,5000
2020-08-21 09:38:16.330,4.78,2600
2020-08-21 09:38:16.470,4.78,200
2020-08-21 09:38:16.540,4.781,300
2020-08-21 09:38:17.420,4.781,2200
